{"gold_per_floor":[111,111,129,141,141,174,174,174,199,212,229,248,248,259,259,334,334,347,347,347,200,212,224,224,241,266,279,298,298,51,70,70,141,141,161,172,172,272,290,290,307,307,331,349,360,373,373,392,392,392],"floor_reached":51,"playtime":2888,"items_purged":[],"score":1091,"play_id":"cb849f71-fd98-4c27-a758-b838abc76e07","local_time":"20190518160751","is_ascension_mode":true,"campfire_choices":[{"data":"Uppercut","floor":7.0,"key":"SMITH"},{"data":"Shockwave","floor":13.0,"key":"SMITH"},{"data":"Shrug It Off","floor":15.0,"key":"SMITH"},{"data":"Evolve","floor":24.0,"key":"SMITH"},{"data":"Exhume","floor":29.0,"key":"SMITH"},{"data":"Inflame","floor":32.0,"key":"SMITH"},{"data":"True Grit","floor":40,"key":"SMITH"},{"data":"Fiend Fire","floor":42,"key":"SMITH"},{"data":"Shockwave","floor":49,"key":"SMITH"}],"neow_cost":"NONE","seed_source_timestamp":182091313708407,"circlet_count":0,"master_deck":["AscendersBane","Strike_R","Strike_R","Defend_R+1","Defend_R","Bash+1","Reckless Charge","Evolve+1","Seeing Red","Uppercut+1","Impervious+1","Shrug It Off+1","Shockwave+1","Shockwave+1","Exhume+1","Wild Strike+1","Metallicize+1","Warcry+1","Disarm+1","Dropkick+1","Shrug It Off","Inflame+1","Fiend Fire+1","True Grit+1","Metallicize","True Grit+1","Battle Trance+1"],"special_seed":0,"relics":["Burning Blood","Anchor","Mercury Hourglass","Boot","Astrolabe","Blood Vial","War Paint","Oddly Smooth Stone","Mark of Pain","Nunchaku","Vajra"],"potions_floor_usage":[46,50,50],"damage_taken":[{"damage":3.0,"enemies":"Small Slimes","floor":1.0,"turns":4.0},{"damage":1.0,"enemies":"Cultist","floor":3.0,"turns":4.0},{"damage":7.0,"enemies":"Jaw Worm","floor":4.0,"turns":4.0},{"damage":26.0,"enemies":"Gremlin Nob","floor":6.0,"turns":4.0},{"damage":0.0,"enemies":"2 Fungi Beasts","floor":10.0,"turns":3.0},{"damage":7.0,"enemies":"Exordium Thugs","floor":11.0,"turns":3.0},{"damage":1.0,"enemies":"Blue Slaver","floor":12.0,"turns":4.0},{"damage":0.0,"enemies":"3 Louse","floor":14.0,"turns":2.0},{"damage":41.0,"enemies":"The Guardian","floor":16.0,"turns":18.0},{"damage":18.0,"enemies":"Spheric Guardian","floor":18.0,"turns":5.0},{"damage":0.0,"enemies":"3 Byrds","floor":22.0,"turns":6.0},{"damage":15.0,"enemies":"Shelled Parasite and Fungi","floor":23.0,"turns":7.0},{"damage":22.0,"enemies":"Centurion and Healer","floor":25.0,"turns":5.0},{"damage":0.0,"enemies":"Snake Plant","floor":27.0,"turns":7.0},{"damage":0.0,"enemies":"Cultist and Chosen","floor":28.0,"turns":7.0},{"damage":10.0,"enemies":"Snecko","floor":31.0,"turns":7.0},{"damage":43.0,"enemies":"Champ","floor":33.0,"turns":12.0},{"damage":2,"enemies":"3 Shapes","floor":35,"turns":9},{"damage":5,"enemies":"3 Darklings","floor":36,"turns":5},{"damage":12,"enemies":"Mind Bloom Boss Battle","floor":38,"turns":7},{"damage":0,"enemies":"Maw","floor":39,"turns":7},{"damage":4,"enemies":"Jaw Worm Horde","floor":41,"turns":6},{"damage":10,"enemies":"Writhing Mass","floor":44,"turns":8},{"damage":0,"enemies":"3 Darklings","floor":45,"turns":6},{"damage":2,"enemies":"Transient","floor":46,"turns":5},{"damage":8,"enemies":"Jaw Worm Horde","floor":48,"turns":6},{"damage":41,"enemies":"Donu and Deca","floor":50,"turns":12}],"seed_played":"1290579085466004529","potions_obtained":[{"floor":1.0,"key":"Fire Potion"},{"floor":3.0,"key":"Dexterity Potion"},{"floor":16.0,"key":"Energy Potion"},{"floor":18.0,"key":"LiquidBronze"},{"floor":28.0,"key":"Poison Potion"},{"floor":38,"key":"Swift Potion"},{"floor":39,"key":"Energy Potion"},{"floor":46,"key":"Weak Potion"},{"floor":48,"key":"Ancient Potion"}],"is_trial":false,"path_per_floor":["M","?","M","M","?","E","R","$","T","M","M","M","R","M","R","B",null,"M","?","?","$","M","M","R","M","T","M","M","R","$","M","R","B",null,"M","M","?","?","M","R","M","R","T","M","M","M","?","M","R","B",null],"character_chosen":"IRONCLAD","items_purchased":["Blood Vial","Oddly Smooth Stone","Shrug It Off","Inflame"],"campfire_rested":0,"item_purchase_floors":[21,30,30,30],"current_hp_per_floor":[71,71,75,74,56,36,36,36,36,42,41,46,46,52,52,17,61,49,49,49,49,57,50,50,36,36,44,52,52,52,50,50,15,60,66,69,69,65,73,73,75,75,75,71,75,75,75,73,73,40],"gold":392,"neow_bonus":"TRANSFORM_CARD","is_prod":false,"is_daily":false,"chose_seed":false,"campfire_upgraded":9,"win_rate":0,"timestamp":1558166871,"path_taken":["M","?","M","?","?","E","R","$","T","M","M","M","R","M","R","BOSS","M","?","?","$","M","M","R","M","T","M","?","R","$","M","R","BOSS","M","M","?","?","M","R","M","R","T","M","M","M","?","M","R","BOSS"],"build_version":"2019-01-23","purchased_purges":0,"victory":true,"max_hp_per_floor":[75,75,75,75,75,75,75,75,75,75,75,75,75,75,75,75,75,75,75,75,75,75,75,75,75,75,75,75,75,75,75,75,75,75,75,75,75,75,75,75,75,75,75,75,75,75,75,75,75,75],"card_choices":[{"not_picked":["Twin Strike","Rampage"],"picked":"Evolve","floor":1.0},{"not_picked":["Havoc","Bloodletting"],"picked":"Seeing Red","floor":3.0},{"not_picked":["Evolve","Searing Blow"],"picked":"Uppercut","floor":4.0},{"not_picked":["Evolve","Cleave"],"picked":"Impervious","floor":6.0},{"not_picked":["Flex","Anger","Wild Strike"],"picked":"SKIP","floor":10.0},{"not_picked":["Anger","Wild Strike"],"picked":"Shrug It Off","floor":11.0},{"not_picked":["Clothesline","Uppercut"],"picked":"Shockwave","floor":12.0},{"not_picked":["Headbutt","Fire Breathing"],"picked":"Shockwave","floor":14.0},{"not_picked":["Limit Break","Fiend Fire"],"picked":"Exhume","floor":16.0},{"not_picked":["Body Slam","Pommel Strike"],"picked":"Disarm+1","floor":18.0},{"not_picked":["Sever Soul","Second Wind","Clash"],"picked":"SKIP","floor":22.0},{"not_picked":["Wild Strike","Thunderclap","Reckless Charge"],"picked":"SKIP","floor":23.0},{"not_picked":["Thunderclap","Havoc","Fire Breathing"],"picked":"SKIP","floor":25.0},{"not_picked":["Rage","Seeing Red","Havoc"],"picked":"SKIP","floor":27.0},{"not_picked":["True Grit","Juggernaut"],"picked":"Dropkick+1","floor":28.0},{"not_picked":["Iron Wave","Anger","Flex"],"picked":"SKIP","floor":31.0},{"not_picked":["Berserk","Bludgeon"],"picked":"Fiend Fire","floor":33.0},{"not_picked":["Twin Strike","Body Slam"],"picked":"True Grit","floor":35},{"not_picked":["Power Through+1","Heavy Blade"],"picked":"Metallicize","floor":36},{"not_picked":["Iron Wave","Sword Boomerang"],"picked":"True Grit+1","floor":39},{"not_picked":["Dropkick","Bloodletting","Heavy Blade"],"picked":"SKIP","floor":41},{"not_picked":["Warcry","Sentinel"],"picked":"Battle Trance+1","floor":44},{"not_picked":["Clothesline","Cleave+1","Immolate"],"picked":"SKIP","floor":45},{"not_picked":["Evolve","Bloodletting","Iron Wave+1"],"picked":"SKIP","floor":46},{"not_picked":["Perfected Strike+1","Heavy Blade","Clash+1"],"picked":"SKIP","floor":48}],"player_experience":536809,"relics_obtained":[{"floor":6.0,"key":"Mercury Hourglass"},{"floor":9.0,"key":"Boot"},{"floor":26.0,"key":"War Paint"},{"floor":38,"key":"Nunchaku"},{"floor":43,"key":"Vajra"}],"event_choices":[{"damage_healed":0.0,"max_hp_gain":0.0,"max_hp_loss":0.0,"gold_gain":0.0,"event_name":"Upgrade Shrine","player_choice":"Upgraded","floor":2.0,"gold_loss":0.0,"damage_taken":0.0,"cards_upgraded":["Bash"]},{"damage_healed":0.0,"max_hp_gain":0.0,"max_hp_loss":0.0,"gold_gain":0.0,"event_name":"Scrap Ooze","player_choice":"Success","floor":5.0,"gold_loss":0.0,"damage_taken":18.0,"relics_obtained":["Anchor"]},{"damage_healed":0.0,"max_hp_gain":0.0,"max_hp_loss":0.0,"gold_gain":0.0,"event_name":"Ghosts","player_choice":"Ignored","floor":19.0,"gold_loss":0.0,"damage_taken":0.0},{"cards_removed":["Defend_R"],"damage_healed":0.0,"max_hp_gain":0.0,"max_hp_loss":0.0,"gold_gain":0.0,"event_name":"Bonfire Elementals","player_choice":"Offered Basic","floor":20.0,"gold_loss":0.0,"damage_taken":0.0},{"damage_healed":0,"gold_gain":0,"player_choice":"Ignored","damage_taken":0,"max_hp_gain":0,"max_hp_loss":0,"event_name":"Mysterious Sphere","floor":37,"gold_loss":0},{"damage_healed":0,"gold_gain":0,"player_choice":"Fight","damage_taken":0,"max_hp_gain":0,"max_hp_loss":0,"event_name":"MindBloom","floor":38,"gold_loss":0},{"damage_healed":0,"gold_gain":0,"player_choice":"Ignored","damage_taken":0,"max_hp_gain":0,"max_hp_loss":0,"event_name":"Tomb of Lord Red Mask","floor":47,"gold_loss":0}],"is_beta":false,"boss_relics":[{"not_picked":["Orrery","White Beast Statue"],"picked":"Astrolabe"},{"not_picked":["Empty Cage","Cursed Key"],"picked":"Mark of Pain"}],"items_purged_floors":[],"is_endless":false,"potions_floor_spawned":[1,3,4,16,18,22,28,38,39,44,46,48],"ascension_level":15}