{"gold_per_floor":[119,44,44,69,86,86,120,132,156,156,187,187,205,223,223,299,299,315,315,335,353,278,278,278],"floor_reached":24,"playtime":1556,"items_purged":[],"score":462,"play_id":"b1c5b091-bdd1-428a-aa9d-13117c7e4045","local_time":"20190427174403","is_ascension_mode":true,"campfire_choices":[{"data":"Flying Knee","floor":6.0,"key":"SMITH"},{"floor":15.0,"key":"REST"},{"floor":23,"key":"REST"}],"neow_cost":"NONE","seed_source_timestamp":76344254344500,"circlet_count":0,"master_deck":["AscendersBane","Survivor+1","Neutralize","Quick Slash","Flying Knee+1","Escape Plan","Well Laid Plans","Parasite","Endless Agony","Well Laid Plans","Underhanded Strike","Backflip","Terror","Glass Knife","Underhanded Strike","Venomology","Doppelganger","Blur","Flechettes","Terror","Corpse Explosion","Riddle With Holes","Calculated Gamble"],"special_seed":0,"relics":["Ring of the Snake","NeowsBlessing","Anchor","War Paint","Pen Nib","Pandora\u0027s Box"],"potions_floor_usage":[21],"damage_taken":[{"damage":0.0,"enemies":"2 Louse","floor":1.0,"turns":1.0},{"damage":0.0,"enemies":"Jaw Worm","floor":5.0,"turns":1.0},{"damage":0.0,"enemies":"Gremlin Nob","floor":7.0,"turns":1.0},{"damage":0.0,"enemies":"Cultist","floor":8.0,"turns":3.0},{"damage":23.0,"enemies":"Lagavulin","floor":11.0,"turns":6.0},{"damage":11.0,"enemies":"2 Fungi Beasts","floor":13.0,"turns":4.0},{"damage":0.0,"enemies":"Blue Slaver","floor":14.0,"turns":3.0},{"damage":15.0,"enemies":"Slime Boss","floor":16.0,"turns":9.0},{"damage":35.0,"enemies":"Chosen","floor":18.0,"turns":4.0},{"damage":9.0,"enemies":"Shell Parasite","floor":20.0,"turns":5.0},{"damage":19,"enemies":"Snake Plant","floor":21,"turns":4},{"damage":28,"enemies":"Shelled Parasite and Fungi","floor":24,"turns":3}],"seed_played":"-5409973310068892355","potions_obtained":[{"floor":1.0,"key":"SkillPotion"},{"floor":7.0,"key":"Strength Potion"},{"floor":13.0,"key":"Strength Potion"},{"floor":16.0,"key":"SkillPotion"},{"floor":18.0,"key":"Swift Potion"},{"floor":20.0,"key":"Regen Potion"}],"is_trial":false,"path_per_floor":["M","?","?","T","M","R","E","M","T","?","E","?","M","M","R","B",null,"M","?","M","M","?","R","M"],"character_chosen":"THE_SILENT","items_purchased":[],"campfire_rested":2,"item_purchase_floors":[],"current_hp_per_floor":[59,59,59,59,59,59,59,59,59,66,43,43,32,32,51,36,59,24,24,15,8,8,27,0],"gold":278,"neow_bonus":"THREE_ENEMY_KILL","is_prod":false,"is_daily":false,"chose_seed":false,"campfire_upgraded":1,"win_rate":0,"timestamp":1556412243,"path_taken":["M","?","?","?","M","R","E","M","T","?","E","?","?","M","R","BOSS","M","?","M","M","?","R","M"],"build_version":"2019-01-23","purchased_purges":0,"victory":false,"max_hp_per_floor":[66,66,66,66,66,66,66,66,66,66,66,66,66,66,66,66,66,66,66,66,66,66,66,66],"card_choices":[{"not_picked":["Prepared","Acrobatics"],"picked":"Quick Slash","floor":1.0},{"not_picked":["Deflect","Riddle With Holes"],"picked":"Flying Knee","floor":5.0},{"not_picked":["A Thousand Cuts","Dodge and Roll"],"picked":"Escape Plan","floor":7.0},{"not_picked":["Acrobatics","Underhanded Strike"],"picked":"Well Laid Plans","floor":8.0},{"not_picked":["Dagger Throw","Calculated Gamble"],"picked":"Endless Agony","floor":11.0},{"not_picked":["Flying Knee","Underhanded Strike"],"picked":"Backflip","floor":13.0},{"not_picked":["Bane","Cloak And Dagger"],"picked":"Terror","floor":14.0},{"not_picked":["Die Die Die","A Thousand Cuts"],"picked":"Glass Knife","floor":16.0},{"not_picked":["Underhanded Strike","Predator","Sucker Punch"],"picked":"SKIP","floor":18.0},{"not_picked":["Prepared","Acrobatics","Blade Dance"],"picked":"SKIP","floor":20.0},{"not_picked":["Slice","Accuracy","Infinite Blades"],"picked":"SKIP","floor":21}],"player_experience":1003276,"relics_obtained":[{"floor":4.0,"key":"Anchor"},{"floor":7.0,"key":"War Paint"},{"floor":11.0,"key":"Pen Nib"}],"event_choices":[{"cards_removed":["Strike_G"],"damage_healed":0.0,"max_hp_gain":0.0,"max_hp_loss":0.0,"gold_gain":0.0,"event_name":"The Cleric","player_choice":"Card Removal","floor":2.0,"gold_loss":75.0,"damage_taken":0.0},{"damage_healed":0.0,"max_hp_gain":0.0,"max_hp_loss":0.0,"gold_gain":0.0,"event_name":"Shining Light","player_choice":"Ignored","floor":3.0,"gold_loss":0.0,"damage_taken":0.0},{"damage_healed":16.0,"max_hp_gain":0.0,"max_hp_loss":0.0,"gold_gain":0.0,"event_name":"Mushrooms","player_choice":"Healed and dodged fight","floor":10.0,"gold_loss":0.0,"damage_taken":0.0,"cards_obtained":["Parasite"]},{"damage_healed":0.0,"max_hp_gain":0.0,"max_hp_loss":0.0,"gold_gain":0.0,"event_name":"Match and Keep!","player_choice":"2 cards matched","floor":12.0,"gold_loss":0.0,"damage_taken":0.0,"cards_obtained":["Well Laid Plans","Underhanded Strike"]},{"damage_healed":0.0,"max_hp_gain":0.0,"max_hp_loss":0.0,"gold_gain":0.0,"event_name":"Forgotten Altar","player_choice":"Smashed Altar","floor":19.0,"gold_loss":0.0,"damage_taken":0.0,"cards_obtained":["Decay"]},{"cards_removed":["Decay"],"damage_healed":0,"gold_gain":0,"player_choice":"Gave Gold","damage_taken":0,"max_hp_gain":0,"max_hp_loss":0,"event_name":"Beggar","floor":22,"gold_loss":75}],"is_beta":false,"boss_relics":[{"not_picked":["Orrery","White Beast Statue"],"picked":"Pandora\u0027s Box"}],"items_purged_floors":[],"is_endless":false,"potions_floor_spawned":[1,7,13,16,18,20],"killed_by":"Shelled Parasite and Fungi","ascension_level":20}