{"gold_per_floor":[118,218,233,244,257,283,283,334,334,366,382,5,31,56,68,182,194,220,96,114,132,145,145,179,2,29,29,29,42,58,68,68,164,164,174,24,124,143,163,163,163,176,225,239,252,252,0,0,0,0],"floor_reached":50,"playtime":3889,"items_purged":["Strike_R","Strike_R","Strike_R","Strike_R"],"score":565,"play_id":"92ca8317-027b-4cc4-9bf8-3e26d8c3e366","local_time":"20190430145120","is_ascension_mode":true,"campfire_choices":[{"floor":7,"key":"REST"},{"floor":15,"key":"REST"},{"data":"Limit Break","floor":23,"key":"SMITH"},{"floor":32,"key":"REST"},{"floor":40,"key":"REST"},{"floor":46,"key":"REST"},{"floor":49,"key":"REST"}],"neow_cost":"NONE","seed_source_timestamp":427983775698994,"circlet_count":0,"master_deck":["Strike_R","Defend_R","Defend_R","Defend_R","Defend_R+1","Bash","Sever Soul","Thunderclap","True Grit","Limit Break+1","Reckless Charge","Heavy Blade","Twin Strike","Heavy Blade","Flash of Steel","Battle Trance+1","Twin Strike","Demon Form","Whirlwind","Evolve","Second Wind","Rage+1","Sword Boomerang+1","Clash+1","Double Tap","Double Tap","Whirlwind+1","Body Slam+1","Battle Trance+1","Writhe","Panacea"],"relics":["Burning Blood","NeowsBlessing","Question Card","Art of War","Ancient Tea Set","Vajra","Orichalcum","MawBank","Velvet Choker","Potion Belt","Bronze Scales","Molten Egg 2","Runic Cube","Calipers","War Paint","Red Mask"],"potions_floor_usage":[5,6,13,16,24,24,29,30,33,33,33,33,33,35,37,50,50],"damage_taken":[{"damage":0,"enemies":"Cultist","floor":1,"turns":1},{"damage":0,"enemies":"Jaw Worm","floor":3,"turns":1},{"damage":0,"enemies":"2 Louse","floor":4,"turns":1},{"damage":9,"enemies":"Red Slaver","floor":5,"turns":4},{"damage":29,"enemies":"3 Sentries","floor":6,"turns":7},{"damage":11,"enemies":"Gremlin Nob","floor":10,"turns":4},{"damage":7,"enemies":"Blue Slaver","floor":11,"turns":2},{"damage":18,"enemies":"Lagavulin","floor":13,"turns":4},{"damage":10,"enemies":"Large Slime","floor":14,"turns":3},{"damage":0,"enemies":"Slime Boss","floor":16,"turns":6},{"damage":6,"enemies":"Shell Parasite","floor":18,"turns":4},{"damage":4,"enemies":"Spheric Guardian","floor":20,"turns":3},{"damage":12,"enemies":"Centurion and Healer","floor":21,"turns":4},{"damage":2,"enemies":"Snecko","floor":22,"turns":3},{"damage":47,"enemies":"Slavers","floor":24,"turns":5},{"damage":3,"enemies":"3 Cultists","floor":29,"turns":4},{"damage":4,"enemies":"Cultist and Chosen","floor":30,"turns":4},{"damage":18,"enemies":"Sentry and Sphere","floor":31,"turns":4},{"damage":66,"enemies":"Champ","floor":33,"turns":7},{"damage":8,"enemies":"3 Darklings","floor":35,"turns":2},{"damage":18,"enemies":"Mind Bloom Boss Battle","floor":37,"turns":4},{"damage":0,"enemies":"3 Shapes","floor":38,"turns":2},{"damage":48,"enemies":"Writhing Mass","floor":39,"turns":4},{"damage":11,"enemies":"Jaw Worm Horde","floor":42,"turns":3},{"damage":13,"enemies":"Sphere and 2 Shapes","floor":44,"turns":3},{"damage":56,"enemies":"4 Shapes","floor":45,"turns":3},{"damage":72,"enemies":"Donu and Deca","floor":50,"turns":5}],"seed_played":"5617266776409689200","potions_obtained":[{"floor":1,"key":"Energy Potion"},{"floor":4,"key":"AttackPotion"},{"floor":13,"key":"Regen Potion"},{"floor":14,"key":"Dexterity Potion"},{"floor":18,"key":"Poison Potion"},{"floor":21,"key":"GamblersBrew"},{"floor":22,"key":"EssenceOfSteel"},{"floor":29,"key":"EntropicBrew"},{"floor":30,"key":"PowerPotion"},{"floor":33,"key":"Strength Potion"},{"floor":35,"key":"SkillPotion"},{"floor":44,"key":"Block Potion"},{"floor":45,"key":"Explosive Potion"}],"is_trial":false,"path_per_floor":["M","?","M","M","M","E","R","T","T","E","M","$","E","M","R","B",null,"M","$","M","M","M","R","E","$","T","?","$","M","M","M","R","B",null,"M","$","?","M","M","R","?","M","T","M","M","R","?","?","R","B"],"character_chosen":"IRONCLAD","items_purchased":["Orichalcum","Heavy Blade","Flash of Steel","PowerPotion","Evolve","AttackPotion"],"campfire_rested":6,"item_purchase_floors":[12,12,12,12,19,25],"current_hp_per_floor":[80,80,80,80,77,54,78,78,78,73,72,72,60,56,80,80,80,80,80,80,74,78,78,49,49,49,49,49,52,54,42,66,14,80,78,78,66,72,30,54,74,69,69,62,12,36,36,36,60,0],"gold":0,"neow_bonus":"THREE_ENEMY_KILL","is_prod":false,"is_daily":false,"chose_seed":false,"campfire_upgraded":1,"win_rate":0,"timestamp":1556653880,"path_taken":["M","?","?","?","M","E","R","?","T","E","M","$","E","M","R","BOSS","M","$","M","M","M","R","E","$","T","?","$","?","M","M","R","BOSS","M","$","?","M","M","R","?","M","T","M","M","R","?","?","R","BOSS"],"build_version":"2019-01-23","purchased_purges":4,"victory":false,"max_hp_per_floor":[80,80,80,80,80,80,80,80,80,80,80,80,80,80,80,80,80,80,80,80,80,80,80,80,80,80,80,80,80,80,80,80,80,80,80,80,80,80,80,80,80,80,80,80,80,80,80,80,80,80],"card_choices":[{"not_picked":["Uppercut","Evolve"],"picked":"Sever Soul","floor":1},{"not_picked":["Wild Strike","Shockwave"],"picked":"Thunderclap","floor":3},{"not_picked":["Intimidate","Flex"],"picked":"True Grit","floor":4},{"not_picked":["Pommel Strike","Shrug It Off"],"picked":"Limit Break","floor":5},{"not_picked":["Rupture","Hemokinesis"],"picked":"Reckless Charge","floor":6},{"not_picked":["Anger","Headbutt","Whirlwind"],"picked":"Heavy Blade","floor":10},{"not_picked":["Clash","Shrug It Off","Infernal Blade"],"picked":"Twin Strike","floor":11},{"not_picked":["Heavy Blade","Twin Strike","True Grit"],"picked":"Battle Trance","floor":13},{"not_picked":["Clash","Body Slam","Havoc"],"picked":"Twin Strike","floor":14},{"not_picked":["Juggernaut","Feed","Exhume"],"picked":"Demon Form","floor":16},{"not_picked":["Heavy Blade","Clothesline","Flex+1"],"picked":"Whirlwind","floor":18},{"not_picked":["Shockwave","Ghostly Armor+1","Thunderclap"],"picked":"Second Wind","floor":20},{"not_picked":["Metallicize","Dropkick","Burning Pact"],"picked":"Rage+1","floor":21},{"not_picked":["Burning Pact","Armaments","Clash","Havoc"],"picked":"SKIP","floor":22},{"not_picked":["Flame Barrier+1","Sever Soul","Disarm","True Grit"],"picked":"SKIP","floor":24},{"not_picked":["Cleave+1","Armaments+1","Headbutt+1"],"picked":"Sword Boomerang+1","floor":29},{"not_picked":["Thunderclap+1","Shockwave","Intimidate+1"],"picked":"Clash+1","floor":30},{"not_picked":["Dual Wield+1","Battle Trance","Carnage+1"],"picked":"Double Tap","floor":31},{"not_picked":["Impervious","Feed+1","Fiend Fire+1"],"picked":"Double Tap","floor":33},{"not_picked":["Clothesline+1","Iron Wave+1","Bloodletting"],"picked":"Whirlwind+1","floor":35},{"not_picked":["Clothesline+1","Feel No Pain","Seeing Red"],"picked":"Body Slam+1","floor":37},{"not_picked":["Heavy Blade+1","Shockwave+1","Shrug It Off+1"],"picked":"Battle Trance+1","floor":38},{"not_picked":["Dropkick+1","Rupture+1","Wild Strike+1","Ghostly Armor"],"picked":"SKIP","floor":39},{"not_picked":["Iron Wave+1","Clothesline+1","Headbutt+1","Havoc+1"],"picked":"SKIP","floor":42},{"not_picked":["Armaments","Twin Strike+1","Feel No Pain+1","Flex+1"],"picked":"SKIP","floor":44},{"not_picked":["Fire Breathing+1","Havoc+1","Rupture+1","Dropkick+1"],"picked":"SKIP","floor":45},{"not_picked":["Madness","Enlightenment","Chrysalis"],"picked":"Panacea","floor":48}],"player_experience":243556,"relics_obtained":[{"floor":6,"key":"Question Card"},{"floor":8,"key":"Art of War"},{"floor":9,"key":"Ancient Tea Set"},{"floor":10,"key":"Vajra"},{"floor":13,"key":"MawBank"},{"floor":24,"key":"Potion Belt"},{"floor":26,"key":"Bronze Scales"},{"floor":37,"key":"Calipers"},{"floor":43,"key":"War Paint"}],"event_choices":[{"damage_healed":0,"gold_gain":100,"player_choice":"Pray","damage_taken":0,"max_hp_gain":0,"max_hp_loss":0,"event_name":"Golden Shrine","floor":2,"gold_loss":0},{"damage_healed":0,"gold_gain":0,"player_choice":"Gave Potion","damage_taken":0,"relics_obtained":["Molten Egg 2"],"max_hp_gain":0,"max_hp_loss":0,"event_name":"WeMeetAgain","floor":27,"gold_loss":0},{"damage_healed":0,"gold_gain":0,"player_choice":"Fight","damage_taken":0,"max_hp_gain":0,"max_hp_loss":0,"event_name":"MindBloom","floor":37,"gold_loss":0},{"damage_healed":20,"gold_gain":0,"player_choice":"Writhe","damage_taken":0,"max_hp_gain":0,"max_hp_loss":0,"event_name":"Winding Halls","floor":41,"gold_loss":0,"cards_obtained":["Writhe"]},{"damage_healed":0,"gold_gain":0,"player_choice":"Paid","damage_taken":0,"relics_obtained":["Red Mask"],"max_hp_gain":0,"max_hp_loss":0,"event_name":"Tomb of Lord Red Mask","floor":47,"gold_loss":252},{"damage_healed":0,"gold_gain":0,"player_choice":"Memory 1","damage_taken":0,"max_hp_gain":0,"max_hp_loss":0,"event_name":"SensoryStone","floor":48,"gold_loss":0}],"is_beta":false,"boss_relics":[{"not_picked":["Black Blood","Astrolabe"],"picked":"Velvet Choker"},{"not_picked":["Orrery","Coffee Dripper"],"picked":"Runic Cube"}],"items_purged_floors":[12,19,25,36],"is_endless":false,"potions_floor_spawned":[1,4,13,14,18,21,22,29,30,33,35,44,45],"killed_by":"Donu and Deca","ascension_level":1}