{"gold_per_floor":[119,119,144,168,57,57,73,73,96,127,127,150,193,93,93,93],"floor_reached":16,"playtime":2232,"items_purged":["Injury","Strike_B"],"score":110,"play_id":"6f0880b6-f05e-486e-aa37-2e3791a77061","local_time":"20180707094924","is_ascension_mode":false,"campfire_choices":[{"data":"Streamline","floor":6.0,"key":"SMITH"},{"floor":8.0,"key":"REST"},{"data":"Auto Shields","floor":15.0,"key":"SMITH"}],"neow_cost":"","seed_source_timestamp":0,"circlet_count":0,"master_deck":["Strike_B","Strike_B","Strike_B","Defend_B","Defend_B","Defend_B","Defend_B","Zap","Dualcast","Streamline+1","Leap","Auto Shields+1","Steam Power","Reinforced Body","Redo","Doom and Gloom","White Noise"],"special_seed":0,"relics":["Cracked Core","Golden Idol","Ancient Tea Set","Happy Flower","Regal Pillow","Bottled Flame"],"potions_floor_usage":[],"damage_taken":[{"damage":4.0,"enemies":"Small Slimes","floor":1.0,"turns":4.0},{"damage":9.0,"enemies":"Jaw Worm","floor":3.0,"turns":4.0},{"damage":4.0,"enemies":"Cultist","floor":4.0,"turns":4.0},{"damage":16.0,"enemies":"Exordium Wildlife","floor":7.0,"turns":7.0},{"damage":13.0,"enemies":"Gremlin Nob","floor":10.0,"turns":4.0},{"damage":0.0,"enemies":"2 Fungi Beasts","floor":12.0,"turns":3.0},{"damage":3.0,"enemies":"3 Sentries","floor":13.0,"turns":7.0},{"damage":48,"enemies":"Hexaghost","floor":16,"turns":9}],"seed_played":"-3317351766131360414","potions_obtained":[{"floor":4.0,"key":"PowerPotion"},{"floor":7.0,"key":"SpeedPotion"},{"floor":12.0,"key":"SneckoOil"}],"is_trial":false,"path_per_floor":["M","?","M","M","$","R","M","R","T","E","T","M","E","$","R"],"character_chosen":"DEFECT","items_purchased":["Steam Power"],"campfire_rested":1,"item_purchase_floors":[5],"current_hp_per_floor":[71,71,62,58,58,58,42,64,64,51,51,51,48,48,48,0],"gold":93,"neow_bonus":"","is_prod":false,"is_daily":false,"chose_seed":false,"campfire_upgraded":2,"win_rate":0.0,"timestamp":1530971364,"path_taken":["M","?","M","M","$","R","M","R","T","E","?","M","E","$","R","BOSS"],"build_version":"2018-07-05","purchased_purges":2,"victory":false,"max_hp_per_floor":[75,75,75,75,75,75,75,75,75,75,75,75,75,75,75,75],"card_choices":[{"not_picked":["Reprogram","Capacitor"],"picked":"Streamline","floor":1.0},{"not_picked":["Go for the Eyes","Beam Cell"],"picked":"Leap","floor":3.0},{"not_picked":["Go for the Eyes","Doom and Gloom"],"picked":"Auto Shields","floor":4.0},{"not_picked":["Coolheaded","Barrage"],"picked":"Reinforced Body","floor":7.0},{"not_picked":["Stack","Leap"],"picked":"Redo","floor":10.0},{"not_picked":["Tempest","Reinforced Body"],"picked":"Doom and Gloom","floor":12.0},{"not_picked":["Melter","Beam Cell"],"picked":"White Noise","floor":13.0}],"player_experience":24628,"relics_obtained":[{"floor":9.0,"key":"Ancient Tea Set"},{"floor":10.0,"key":"Happy Flower"},{"floor":11.0,"key":"Regal Pillow"},{"floor":13.0,"key":"Bottled Flame"}],"event_choices":[{"event_name":"Golden Idol","player_choice":"Take Wound","floor":2.0,"damage_taken":0.0}],"boss_relics":[],"items_purged_floors":[5,14],"is_endless":false,"potions_floor_spawned":[4,7,12,13],"killed_by":"Hexaghost","ascension_level":0}