{"gold_per_floor":[113,388,403,416,152,180,43,43,43,43,43,74,74,85,85,160,160,180,95,30,23,41,41,76,76,76,103,103,120,120],"floor_reached":30,"playtime":890,"items_purged":["Regret"],"score":552,"play_id":"75ff36e0-1925-4ed8-8b0a-17a435ef181e","local_time":"20190426214514","is_ascension_mode":true,"campfire_choices":[{"data":"Bouncing Flask","floor":8,"key":"SMITH"},{"floor":11,"key":"REST"},{"data":"Neutralize","floor":13,"key":"SMITH"},{"data":"Crippling Poison","floor":15,"key":"SMITH"},{"floor":23,"key":"REST"},{"floor":28,"key":"REST"}],"neow_cost":"NONE","seed_source_timestamp":1032415135492470,"circlet_count":0,"master_deck":["AscendersBane","Defend_G","Defend_G","Defend_G","Defend_G","Defend_G","Strike_G","Strike_G","Strike_G","Strike_G","Strike_G","Survivor","Neutralize+1","Poisoned Stab","PiercingWail","Bouncing Flask+1","Footwork","Dagger Throw","Quick Slash","Footwork","Crippling Poison+1","Adrenaline","Backflip","Noxious Fumes","Leg Sweep","PiercingWail","Decay","Malaise"],"special_seed":0,"relics":["Ring of the Snake","NeowsBlessing","Dream Catcher","Bronze Scales","Cursed Key","The Courier","Letter Opener","Smiling Mask"],"potions_floor_usage":[12,16,21,24,24,29,29],"damage_taken":[{"damage":0.0,"enemies":"Jaw Worm","floor":1.0,"turns":1.0},{"damage":0.0,"enemies":"Cultist","floor":3.0,"turns":1.0},{"damage":0.0,"enemies":"2 Louse","floor":4.0,"turns":1.0},{"damage":39.0,"enemies":"Gremlin Nob","floor":6.0,"turns":4.0},{"damage":12,"enemies":"3 Sentries","floor":12,"turns":8},{"damage":0,"enemies":"Large Slime","floor":14,"turns":7},{"damage":20,"enemies":"The Guardian","floor":16,"turns":10},{"damage":8,"enemies":"Spheric Guardian","floor":18,"turns":5},{"damage":13,"enemies":"2 Thieves","floor":21,"turns":4},{"damage":0,"enemies":"Centurion and Healer","floor":22,"turns":6},{"damage":39,"enemies":"Slavers","floor":24,"turns":5},{"damage":8,"enemies":"Book of Stabbing","floor":27,"turns":8},{"damage":17,"enemies":"Cultist and Chosen","floor":29,"turns":6},{"damage":7,"enemies":"Chosen and Byrds","floor":30,"turns":3}],"seed_played":"3533100184382438836","potions_obtained":[{"floor":12,"key":"AttackPotion"},{"floor":16,"key":"SkillPotion"},{"floor":18,"key":"GamblersBrew"},{"floor":21,"key":"PowerPotion"},{"floor":24,"key":"Ancient Potion"},{"floor":27,"key":"SkillPotion"}],"is_trial":false,"path_per_floor":["M","?","M","M","$","E","$","R","T","$","R","E","R","M","R","B",null,"M","?","$","M","M","R","E","?","T","E","R","M","M"],"character_chosen":"THE_SILENT","items_purchased":["Footwork","Dagger Throw","AttackPotion","Footwork","Fire Potion","Noxious Fumes"],"campfire_rested":3,"item_purchase_floors":[5,5,5,7,7,20],"current_hp_per_floor":[59,59,59,59,59,20,20,20,20,20,39,27,27,27,27,7,51,43,43,43,30,30,49,10,10,10,2,21,4,0],"gold":120,"neow_bonus":"THREE_ENEMY_KILL","is_prod":false,"is_daily":false,"chose_seed":false,"campfire_upgraded":3,"win_rate":0,"timestamp":1556325914,"path_taken":["M","?","M","M","$","E","$","R","T","$","R","E","R","M","R","BOSS","M","?","$","M","M","R","E","?","T","E","R","M","M"],"build_version":"2019-01-23","purchased_purges":1,"victory":false,"max_hp_per_floor":[66,66,66,66,66,66,66,66,66,66,66,66,66,66,66,66,66,66,66,66,66,66,66,66,66,66,66,66,66,66],"card_choices":[{"not_picked":["Outmaneuver","Sucker Punch"],"picked":"Poisoned Stab","floor":1.0},{"not_picked":["Distraction","Slice"],"picked":"PiercingWail","floor":3.0},{"not_picked":["All Out Attack","Acrobatics"],"picked":"Bouncing Flask","floor":4.0},{"not_picked":["Reflex","Terror"],"picked":"Quick Slash","floor":6},{"not_picked":["All Out Attack","Deadly Poison","Bullet Time"],"picked":"SKIP","floor":12},{"not_picked":["Blade Dance","Acrobatics"],"picked":"Crippling Poison","floor":14},{"not_picked":["Venomology","Burst"],"picked":"Adrenaline","floor":16},{"not_picked":["PiercingWail","Sucker Punch"],"picked":"Backflip","floor":18},{"not_picked":["Calculated Gamble","Outmaneuver+1"],"picked":"Leg Sweep","floor":21},{"not_picked":["Dodge and Roll","Dagger Throw"],"picked":"PiercingWail","floor":22},{"not_picked":["Choke","All Out Attack","Outmaneuver"],"picked":"SKIP","floor":24},{"not_picked":["Expertise","Infinite Blades","Caltrops"],"picked":"SKIP","floor":27},{"not_picked":["Sucker Punch","Cloak And Dagger"],"picked":"Malaise","floor":28},{"not_picked":["Poisoned Stab","All Out Attack","Slice"],"picked":"SKIP","floor":29}],"player_experience":2193295,"relics_obtained":[{"floor":9,"key":"Dream Catcher"},{"floor":12,"key":"Bronze Scales"},{"floor":24,"key":"Letter Opener"},{"floor":27,"key":"Smiling Mask"}],"event_choices":[{"damage_healed":0.0,"max_hp_gain":0.0,"max_hp_loss":0.0,"gold_gain":275.0,"event_name":"Golden Shrine","player_choice":"Desecrate","floor":2.0,"gold_loss":0.0,"damage_taken":0.0,"cards_obtained":["Regret"]},{"damage_healed":0,"gold_gain":0,"player_choice":"Obtained Relic","damage_taken":0,"relics_obtained":["The Courier"],"max_hp_gain":0,"max_hp_loss":0,"event_name":"Addict","floor":19,"gold_loss":85},{"damage_healed":0,"gold_gain":0,"player_choice":"Smashed Altar","damage_taken":0,"max_hp_gain":0,"max_hp_loss":0,"event_name":"Forgotten Altar","floor":25,"gold_loss":0,"cards_obtained":["Decay"]}],"is_beta":false,"boss_relics":[{"not_picked":["HoveringKite","Lizard Tail"],"picked":"Cursed Key"}],"items_purged_floors":[5],"is_endless":false,"potions_floor_spawned":[12,16,18,21,24,27],"killed_by":"Chosen and Byrds","ascension_level":20}