{"gold_per_floor":[110,75,92,167,167,199,199,230,230,230,256,14,14,25,25,25],"floor_reached":16,"playtime":455,"items_purged":["Strike_G"],"score":232,"play_id":"472b6d90-cc0a-431b-81bb-b30866a2c0c9","local_time":"20190426073153","is_ascension_mode":true,"campfire_choices":[{"floor":7.0,"key":"REST"},{"floor":10.0,"key":"REST"},{"data":"Envenom","floor":15,"key":"SMITH"}],"neow_cost":"NONE","seed_source_timestamp":981647448317431,"circlet_count":0,"master_deck":["AscendersBane","Defend_G","Defend_G","Defend_G","Defend_G","Defend_G","Strike_G","Strike_G","Strike_G","Strike_G","Survivor","Neutralize","Quick Slash","Dagger Spray","Envenom+1","Well Laid Plans","After Image","Footwork","PiercingWail"],"special_seed":0,"relics":["Ring of the Snake","Bag of Preparation","The Courier","Lantern","Matryoshka","Meat on the Bone"],"potions_floor_usage":[11],"damage_taken":[{"damage":2.0,"enemies":"Cultist","floor":1.0,"turns":4.0},{"damage":6.0,"enemies":"Small Slimes","floor":3.0,"turns":5.0},{"damage":34.0,"enemies":"3 Sentries","floor":6.0,"turns":11.0},{"damage":52.0,"enemies":"Lagavulin","floor":8.0,"turns":10.0},{"damage":8,"enemies":"Gremlin Nob","floor":11,"turns":3},{"damage":0,"enemies":"2 Louse","floor":14,"turns":5},{"damage":33,"enemies":"Hexaghost","floor":16,"turns":10}],"seed_played":"-5214553716987922460","potions_obtained":[{"floor":6.0,"key":"FairyPotion"},{"floor":8.0,"key":"SteroidPotion"}],"is_trial":false,"path_per_floor":["M","?","M","?","?","E","R","E","T","R","E","$","?","M","R","B"],"character_chosen":"THE_SILENT","items_purchased":["After Image","Footwork"],"campfire_rested":2,"item_purchase_floors":[12,12],"current_hp_per_floor":[57,66,60,49,54,20,41,7,7,28,20,20,20,32,32,0],"gold":25,"neow_bonus":"RANDOM_COMMON_RELIC","is_prod":false,"is_daily":false,"chose_seed":false,"campfire_upgraded":1,"win_rate":0,"timestamp":1556274713,"path_taken":["M","?","M","?","?","E","R","E","T","R","E","$","?","M","R","BOSS"],"build_version":"2019-01-23","purchased_purges":1,"victory":false,"max_hp_per_floor":[66,66,66,66,71,71,71,71,71,71,71,71,71,71,71,71],"card_choices":[{"not_picked":["Heel Hook","Underhanded Strike"],"picked":"Quick Slash","floor":1.0},{"not_picked":["Quick Slash","Dodge and Roll"],"picked":"Dagger Spray","floor":3.0},{"not_picked":["Deadly Poison","Dagger Throw"],"picked":"Envenom","floor":6.0},{"not_picked":["Tactician","Expertise","Masterful Stab"],"picked":"SKIP","floor":8.0},{"not_picked":["Backflip","Dagger Spray"],"picked":"Well Laid Plans","floor":11},{"not_picked":["Outmaneuver","Prepared"],"picked":"PiercingWail","floor":14}],"player_experience":2181108,"relics_obtained":[{"floor":6.0,"key":"The Courier"},{"floor":8.0,"key":"Lantern"},{"floor":9.0,"key":"Matryoshka"},{"floor":11,"key":"Meat on the Bone"}],"event_choices":[{"damage_healed":16.0,"max_hp_gain":0.0,"max_hp_loss":0.0,"gold_gain":0.0,"event_name":"The Cleric","player_choice":"Healed","floor":2.0,"gold_loss":35.0,"damage_taken":0.0},{"damage_healed":0.0,"max_hp_gain":0.0,"max_hp_loss":0.0,"gold_gain":75.0,"event_name":"World of Goop","player_choice":"Gather Gold","floor":4.0,"gold_loss":0.0,"damage_taken":11.0},{"damage_healed":0.0,"max_hp_gain":5.0,"max_hp_loss":0.0,"gold_gain":0.0,"event_name":"Big Fish","player_choice":"Donut","floor":5.0,"gold_loss":0.0,"damage_taken":0.0},{"damage_healed":0,"gold_gain":0,"player_choice":"Ignored","damage_taken":0,"max_hp_gain":0,"max_hp_loss":0,"event_name":"WeMeetAgain","floor":13,"gold_loss":0}],"is_beta":false,"boss_relics":[],"items_purged_floors":[12],"is_endless":false,"potions_floor_spawned":[6,8],"killed_by":"Hexaghost","ascension_level":20}