{"gold_per_floor":[114,128,53,70,70,96,113,129,129,59,59,71,71,71,71,170,170,189,189,114,124,144,144,144],"floor_reached":24,"playtime":1584,"items_purged":["Strike_B"],"score":198,"play_id":"c03f5e7e-a016-4091-866c-63e866aa3be3","local_time":"20190130205847","is_ascension_mode":false,"campfire_choices":[{"floor":15,"key":"REST"},{"floor":23,"key":"REST"}],"neow_cost":"NONE","seed_source_timestamp":91629059238450,"circlet_count":0,"master_deck":["Strike_B","Defend_B","Defend_B","Defend_B","Defend_B","Zap","Dualcast","Force Field","Static Discharge","Streamline","Conserve Battery","Heatsinks","Echo Form","Self Repair","Hologram","Machine Learning","Streamline","Reinforced Body"],"relics":["Cracked Core","NeowsBlessing","CultistMask","PreservedInsect","Symbiotic Virus","Black Star"],"potions_floor_usage":[6,16,19,19,22],"damage_taken":[{"damage":0,"enemies":"Cultist","floor":1,"turns":1},{"damage":0,"enemies":"2 Louse","floor":2,"turns":1},{"damage":0,"enemies":"Small Slimes","floor":4,"turns":1},{"damage":26,"enemies":"Lagavulin","floor":6,"turns":5},{"damage":5,"enemies":"3 Louse","floor":7,"turns":3},{"damage":12,"enemies":"Exordium Wildlife","floor":8,"turns":4},{"damage":22,"enemies":"Lots of Slimes","floor":12,"turns":4},{"damage":38,"enemies":"Hexaghost","floor":16,"turns":9},{"damage":7,"enemies":"Chosen","floor":18,"turns":6},{"damage":35,"enemies":"Colosseum Slavers","floor":19,"turns":5},{"damage":25,"enemies":"Spheric Guardian","floor":21,"turns":4},{"damage":23,"enemies":"Centurion and Healer","floor":22,"turns":7},{"damage":49,"enemies":"Cultist and Chosen","floor":24,"turns":4}],"seed_played":"4724804610522443945","potions_obtained":[{"floor":1,"key":"Fire Potion"},{"floor":4,"key":"Swift Potion"},{"floor":12,"key":"Block Potion"},{"floor":16,"key":"Energy Potion"},{"floor":21,"key":"Swift Potion"}],"is_trial":false,"path_per_floor":["M","M","$","M","?","E","M","M","T","$","?","M","?","?","R","B",null,"M","?","?","M","M","R","M"],"character_chosen":"DEFECT","items_purchased":["Self Repair"],"campfire_rested":2,"item_purchase_floors":[10],"current_hp_per_floor":[75,75,75,75,75,49,44,32,32,32,32,17,42,42,64,33,75,75,47,47,29,13,35,0],"gold":144,"neow_bonus":"THREE_ENEMY_KILL","is_prod":false,"is_daily":false,"chose_seed":false,"campfire_upgraded":0,"win_rate":0,"timestamp":1548903527,"path_taken":["M","?","$","M","?","E","M","?","T","$","?","M","?","?","R","BOSS","M","?","?","?","M","R","M"],"build_version":"2019-01-23","purchased_purges":1,"victory":false,"max_hp_per_floor":[75,75,75,75,75,75,75,75,75,75,75,75,75,75,75,75,75,75,75,75,75,75,75,75],"card_choices":[{"not_picked":["Beam Cell","Hologram"],"picked":"Force Field","floor":1},{"not_picked":["Gash","Blizzard"],"picked":"Static Discharge","floor":2},{"not_picked":["Rip and Tear","Sunder"],"picked":"Streamline","floor":4},{"not_picked":["Ball Lightning","Hologram"],"picked":"Conserve Battery","floor":6},{"not_picked":["Loop","Storm"],"picked":"Heatsinks","floor":7},{"not_picked":["Sunder","Redo"],"picked":"Echo Form","floor":8},{"not_picked":["Steam","Conserve Battery"],"picked":"Hologram","floor":12},{"not_picked":["Core Surge","All For One"],"picked":"Machine Learning","floor":16},{"not_picked":["Rebound","Undo"],"picked":"Streamline","floor":18},{"not_picked":["Beam Cell","Sweeping Beam+1","Turbo"],"picked":"SKIP","floor":21},{"not_picked":["Compile Driver","Beam Cell"],"picked":"Reinforced Body","floor":22}],"player_experience":216069,"relics_obtained":[{"floor":6,"key":"PreservedInsect"},{"floor":9,"key":"Symbiotic Virus"}],"event_choices":[{"damage_healed":0,"gold_gain":0,"player_choice":"Trade","damage_taken":0,"relics_obtained":["CultistMask"],"max_hp_gain":0,"max_hp_loss":0,"event_name":"FaceTrader","floor":5,"gold_loss":0},{"damage_healed":0,"gold_gain":0,"player_choice":"Ignored","damage_taken":0,"max_hp_gain":0,"max_hp_loss":0,"event_name":"Liars Game","floor":11,"gold_loss":0},{"damage_healed":25,"gold_gain":0,"player_choice":"Banana","damage_taken":0,"max_hp_gain":0,"max_hp_loss":0,"event_name":"Big Fish","floor":13,"gold_loss":0},{"cards_removed":["Strike_B"],"damage_healed":0,"gold_gain":0,"player_choice":"Forget","damage_taken":0,"max_hp_gain":0,"max_hp_loss":0,"event_name":"Living Wall","floor":14,"gold_loss":0},{"damage_healed":0,"gold_gain":0,"player_choice":"Fight","damage_taken":0,"max_hp_gain":0,"max_hp_loss":0,"event_name":"Colosseum","floor":19,"gold_loss":0},{"damage_healed":0,"gold_gain":0,"player_choice":"Fled From Nobs","damage_taken":0,"max_hp_gain":0,"max_hp_loss":0,"event_name":"Colosseum","floor":19,"gold_loss":0},{"cards_removed":["Strike_B"],"damage_healed":0,"gold_gain":0,"player_choice":"Gave Gold","damage_taken":0,"max_hp_gain":0,"max_hp_loss":0,"event_name":"Beggar","floor":20,"gold_loss":75}],"is_beta":false,"boss_relics":[{"not_picked":["White Beast Statue","Eternal Feather"],"picked":"Black Star"}],"items_purged_floors":[3],"is_endless":false,"potions_floor_spawned":[1,4,12,16,21],"killed_by":"Cultist and Chosen","ascension_level":0}