{"gold_per_floor":[111,15,0,19,19,19,29,61,85,85,104,104,120,149,149,220,220,238,252,167,179,211,223,160,160,160,177,177],"floor_reached":28,"playtime":1910,"items_purged":["Decay"],"score":445,"play_id":"43cbc6fd-fe50-4f05-8d78-148a0aba7428","local_time":"20190421192546","is_ascension_mode":true,"campfire_choices":[{"data":"Skewer","floor":6.0,"key":"SMITH"},{"floor":10.0,"key":"REST"},{"data":"Neutralize","floor":15.0,"key":"SMITH"},{"floor":23,"key":"REST"},{"data":"A Thousand Cuts","floor":25,"key":"SMITH"}],"neow_cost":"NONE","seed_source_timestamp":0,"circlet_count":0,"master_deck":["AscendersBane","Survivor","Neutralize+1","Skewer+1","Noxious Fumes","Quick Slash","Well Laid Plans","Dagger Spray","All Out Attack","Backstab","Flying Knee","Catalyst","After Image","Heel Hook","A Thousand Cuts+1","Infinite Blades","Poisoned Stab","Heel Hook","Bouncing Flask","Bane","PiercingWail","Expertise","Skewer+1","Quick Slash+1","Escape Plan"],"special_seed":0,"relics":["Ring of the Snake","Bag of Preparation","Orichalcum","Mercury Hourglass","Pandora\u0027s Box","MawBank","Frozen Egg 2"],"potions_floor_usage":[19],"damage_taken":[{"damage":7.0,"enemies":"Jaw Worm","floor":1.0,"turns":6.0},{"damage":4.0,"enemies":"2 Louse","floor":4.0,"turns":3.0},{"damage":0.0,"enemies":"Small Slimes","floor":7.0,"turns":3.0},{"damage":26.0,"enemies":"3 Sentries","floor":8.0,"turns":9.0},{"damage":5.0,"enemies":"Looter","floor":11.0,"turns":2.0},{"damage":7.0,"enemies":"Exordium Wildlife","floor":13.0,"turns":2.0},{"damage":7.0,"enemies":"Gremlin Nob","floor":14.0,"turns":4.0},{"damage":25.0,"enemies":"The Guardian","floor":16.0,"turns":11.0},{"damage":20,"enemies":"Spheric Guardian","floor":18,"turns":5},{"damage":0,"enemies":"3 Byrds","floor":19,"turns":2},{"damage":5,"enemies":"Centurion and Healer","floor":22,"turns":5},{"damage":6,"enemies":"3 Cultists","floor":27,"turns":3},{"damage":50,"enemies":"Gremlin Leader","floor":28,"turns":4}],"seed_played":"-4299181909107842792","potions_obtained":[{"floor":0.0,"key":"Strength Potion"},{"floor":0.0,"key":"Ancient Potion"},{"floor":1.0,"key":"PowerPotion"},{"floor":11.0,"key":"Explosive Potion"},{"floor":13.0,"key":"Dexterity Potion"},{"floor":14.0,"key":"Dexterity Potion"},{"floor":18,"key":"LiquidBronze"}],"is_trial":false,"path_per_floor":["M","$","?","M","?","R","M","E","T","R","M","?","M","E","R","B",null,"M","M","?","?","M","R","$","R","T","M","E"],"character_chosen":"THE_SILENT","items_purchased":["Noxious Fumes","Quick Slash"],"campfire_rested":2,"item_purchase_floors":[2,2],"current_hp_per_floor":[52,52,52,48,41,41,41,15,15,34,29,51,44,37,37,12,53,33,33,33,33,28,47,47,47,47,41,0],"gold":177,"neow_bonus":"THREE_SMALL_POTIONS","is_prod":false,"is_daily":false,"chose_seed":false,"campfire_upgraded":3,"win_rate":0,"timestamp":1555899946,"path_taken":["M","$","?","M","?","R","M","E","T","R","M","?","M","E","R","BOSS","M","M","?","?","M","R","?","R","T","M","E"],"build_version":"2019-01-23","purchased_purges":1,"victory":false,"max_hp_per_floor":[66,66,66,66,66,66,66,66,66,66,66,66,66,66,66,66,66,66,66,66,66,66,66,66,66,66,66,66],"card_choices":[{"not_picked":["Bane","Riddle With Holes"],"picked":"Skewer","floor":1.0},{"not_picked":["Bane","Catalyst"],"picked":"Well Laid Plans","floor":4.0},{"not_picked":["Slice","Prepared"],"picked":"Dagger Spray","floor":7.0},{"not_picked":["Tools of the Trade","Eviscerate"],"picked":"All Out Attack","floor":8.0},{"not_picked":["Dagger Throw","Riddle With Holes"],"picked":"Backstab","floor":11.0},{"not_picked":["PiercingWail","Acrobatics"],"picked":"Flying Knee","floor":13.0},{"not_picked":["Outmaneuver","Dagger Spray"],"picked":"Catalyst","floor":14.0},{"not_picked":["Phantasmal Killer","Doppelganger"],"picked":"After Image","floor":16.0},{"not_picked":["Prepared+1","Sucker Punch"],"picked":"Skewer+1","floor":18},{"not_picked":["Expertise","Well Laid Plans"],"picked":"Quick Slash+1","floor":19},{"not_picked":["Prepared+1","Dodge and Roll"],"picked":"Escape Plan","floor":22},{"not_picked":["Prepared","Dagger Spray","Masterful Stab"],"picked":"SKIP","floor":27}],"player_experience":954480,"relics_obtained":[{"floor":8.0,"key":"Bag of Preparation"},{"floor":9.0,"key":"Orichalcum"},{"floor":14.0,"key":"Mercury Hourglass"},{"floor":26,"key":"Frozen Egg 2"}],"event_choices":[{"damage_healed":0.0,"max_hp_gain":0.0,"max_hp_loss":0.0,"gold_gain":0.0,"event_name":"World of Goop","player_choice":"Left Gold","floor":3.0,"gold_loss":15.0,"damage_taken":0.0},{"cards_removed":["Strike_G"],"damage_healed":0.0,"max_hp_gain":0.0,"max_hp_loss":0.0,"gold_gain":0.0,"event_name":"Golden Wing","player_choice":"Card Removal","floor":5.0,"gold_loss":0.0,"damage_taken":7.0},{"damage_healed":22.0,"max_hp_gain":0.0,"max_hp_loss":0.0,"gold_gain":0.0,"event_name":"Big Fish","player_choice":"Banana","floor":12.0,"gold_loss":0.0,"damage_taken":0.0},{"damage_healed":0,"gold_gain":0,"player_choice":"Obtained Relic","damage_taken":0,"relics_obtained":["MawBank"],"max_hp_gain":0,"max_hp_loss":0,"event_name":"Addict","floor":20,"gold_loss":85},{"damage_healed":0,"gold_gain":0,"player_choice":"Smashed Altar","damage_taken":0,"max_hp_gain":0,"max_hp_loss":0,"event_name":"Forgotten Altar","floor":21,"gold_loss":0,"cards_obtained":["Decay"]}],"is_beta":false,"boss_relics":[{"not_picked":["Astrolabe","WristBlade"],"picked":"Pandora\u0027s Box"}],"items_purged_floors":[24],"is_endless":false,"potions_floor_spawned":[1,11,13,14,18],"killed_by":"Gremlin Leader","ascension_level":19}