{"gold_per_floor":[112,127,127,22,84,114,114,130,155,14,42,42,317,330,330,402,402,322,322,322],"floor_reached":20,"playtime":22649,"items_purged":[],"score":356,"play_id":"45b253cb-c3bd-4695-af67-0d5fc2a6dfda","local_time":"20190511125210","is_ascension_mode":true,"campfire_choices":[{"floor":7,"key":"REST"},{"floor":12,"key":"REST"},{"data":"Reflex","floor":15,"key":"SMITH"}],"neow_cost":"NONE","seed_source_timestamp":44891322602700,"circlet_count":0,"master_deck":["AscendersBane","Defend_G","Defend_G","Defend_G","Defend_G","Defend_G","Strike_G","Strike_G+1","Strike_G","Strike_G+1","Strike_G","Survivor","Neutralize","Quick Slash","Underhanded Strike","Backflip","Reflex+1","Noxious Fumes","Well Laid Plans","Regret","Deadly Poison","Night Terror","Predator"],"relics":["HoveringKite","Ancient Tea Set","Whetstone","Gremlin Horn","Cursed Key"],"potions_floor_usage":[6,6,11,16],"damage_taken":[{"damage":0,"enemies":"Small Slimes","floor":1,"turns":4},{"damage":2,"enemies":"2 Louse","floor":2,"turns":3},{"damage":35,"enemies":"Gremlin Nob","floor":6,"turns":5},{"damage":1,"enemies":"Cultist","floor":8,"turns":4},{"damage":22,"enemies":"Lagavulin","floor":11,"turns":7},{"damage":6,"enemies":"Blue Slaver","floor":14,"turns":6},{"damage":28,"enemies":"The Guardian","floor":16,"turns":10},{"damage":21,"enemies":"2 Thieves","floor":18,"turns":4},{"damage":38,"enemies":"3 Byrds","floor":20,"turns":3}],"seed_played":"-2380202574833849433","potions_obtained":[{"floor":2,"key":"PowerPotion"},{"floor":11,"key":"Ancient Potion"},{"floor":14,"key":"Poison Potion"}],"is_trial":false,"path_per_floor":["M","M","?","$","?","E","R","M","T","$","E","R","?","M","R","B",null,"M","?","M"],"character_chosen":"THE_SILENT","items_purchased":["Backflip","Block Potion","Noxious Fumes","Swift Potion"],"campfire_rested":2,"item_purchase_floors":[4,4,10,10],"current_hp_per_floor":[59,57,57,57,57,22,41,40,40,40,18,37,37,31,31,3,50,29,29,0],"gold":322,"neow_bonus":"BOSS_RELIC","is_prod":false,"is_daily":false,"chose_seed":false,"campfire_upgraded":1,"win_rate":0,"timestamp":1557604330,"path_taken":["M","M","?","$","?","E","R","M","T","$","E","R","?","M","R","BOSS","M","?","M"],"build_version":"2019-01-23","purchased_purges":0,"victory":false,"max_hp_per_floor":[66,66,66,66,66,66,66,66,66,66,66,66,66,66,66,66,66,66,66,66],"card_choices":[{"not_picked":["Sucker Punch","Caltrops"],"picked":"Quick Slash","floor":1},{"not_picked":["Sucker Punch","Crippling Poison"],"picked":"Underhanded Strike","floor":2},{"not_picked":["Sucker Punch","Setup"],"picked":"Reflex","floor":6},{"not_picked":["Sucker Punch","Underhanded Strike","Endless Agony"],"picked":"SKIP","floor":8},{"not_picked":["Blade Dance","Burst"],"picked":"Well Laid Plans","floor":11},{"not_picked":["Sucker Punch","Prepared"],"picked":"Deadly Poison","floor":14},{"not_picked":["Storm of Steel","Die Die Die"],"picked":"Night Terror","floor":16},{"not_picked":["Bane","PiercingWail+1"],"picked":"Predator","floor":18}],"player_experience":1224046,"relics_obtained":[{"floor":6,"key":"Ancient Tea Set"},{"floor":9,"key":"Whetstone"},{"floor":11,"key":"Gremlin Horn"}],"event_choices":[{"damage_healed":0,"gold_gain":0,"player_choice":"Ignored","damage_taken":0,"max_hp_gain":0,"max_hp_loss":0,"event_name":"Liars Game","floor":3,"gold_loss":0},{"damage_healed":0,"gold_gain":62,"player_choice":"Gained Gold","damage_taken":0,"max_hp_gain":0,"max_hp_loss":0,"event_name":"Golden Wing","floor":5,"gold_loss":0},{"damage_healed":0,"gold_gain":275,"player_choice":"Desecrate","damage_taken":0,"max_hp_gain":0,"max_hp_loss":0,"event_name":"Golden Shrine","floor":13,"gold_loss":0,"cards_obtained":["Regret"]},{"damage_healed":0,"gold_gain":0,"player_choice":"Ignored","damage_taken":0,"max_hp_gain":0,"max_hp_loss":0,"event_name":"Vampires","floor":19,"gold_loss":0}],"is_beta":false,"boss_relics":[{"not_picked":["Philosopher\u0027s Stone","Calling Bell"],"picked":"Cursed Key"}],"items_purged_floors":[],"is_endless":false,"potions_floor_spawned":[2,11,14],"killed_by":"3 Byrds","ascension_level":20}