{"gold_per_floor":[368,368,643,653,471,502,502,518,518,518,544,560,530,540,540,540],"floor_reached":16,"playtime":1890,"items_purged":["Normality"],"score":218,"play_id":"b560cc76-2e6f-46e3-a7c6-441366fbbbe1","local_time":"20190422191429","is_ascension_mode":true,"campfire_choices":[{"data":"Neutralize","floor":7.0,"key":"SMITH"},{"data":"Dagger Spray","floor":10.0,"key":"SMITH"},{"floor":15,"key":"REST"}],"neow_cost":"CURSE","seed_source_timestamp":85315379496900,"circlet_count":0,"master_deck":["AscendersBane","Defend_G","Defend_G","Defend_G","Defend_G","Defend_G","Strike_G","Strike_G","Strike_G","Strike_G","Strike_G","Survivor","Neutralize+1","Deadly Poison","Regret","Predator","Dagger Spray+1","Terror","Flying Knee","Endless Agony","PiercingWail","Deflect"],"special_seed":0,"relics":["Ring of the Snake","Unceasing Top","Pear","Smiling Mask"],"potions_floor_usage":[14],"damage_taken":[{"damage":19.0,"enemies":"Jaw Worm","floor":1.0,"turns":8.0},{"damage":4.0,"enemies":"2 Louse","floor":4.0,"turns":3.0},{"damage":19.0,"enemies":"3 Sentries","floor":6.0,"turns":8.0},{"damage":3.0,"enemies":"Cultist","floor":8.0,"turns":3.0},{"damage":24,"enemies":"Lagavulin","floor":11,"turns":5},{"damage":0,"enemies":"3 Louse","floor":12,"turns":2},{"damage":12,"enemies":"Exordium Thugs","floor":13,"turns":4},{"damage":9,"enemies":"Gremlin Gang","floor":14,"turns":4},{"damage":24,"enemies":"Slime Boss","floor":16,"turns":6}],"seed_played":"4527276284619719296","potions_obtained":[{"floor":1.0,"key":"Block Potion"},{"floor":4.0,"key":"SmokeBomb"},{"floor":13,"key":"GamblersBrew"}],"is_trial":false,"path_per_floor":["M","?","?","M","$","E","R","M","T","R","E","M","M","M","R","B"],"character_chosen":"THE_SILENT","items_purchased":["Dagger Spray","FearPotion"],"campfire_rested":1,"item_purchase_floors":[5,5],"current_hp_per_floor":[40,62,62,58,58,39,39,36,46,46,22,22,10,1,23,0],"gold":540,"neow_bonus":"TWO_FIFTY_GOLD","is_prod":false,"is_daily":false,"chose_seed":false,"campfire_upgraded":2,"win_rate":0,"timestamp":1555985669,"path_taken":["M","?","?","M","$","E","R","M","T","R","E","M","?","M","R","BOSS"],"build_version":"2019-01-23","purchased_purges":1,"victory":false,"max_hp_per_floor":[66,66,66,66,66,66,66,66,76,76,76,76,76,76,76,76],"card_choices":[{"not_picked":["Caltrops","Blade Dance"],"picked":"Deadly Poison","floor":1.0},{"not_picked":["Bane","Deflect"],"picked":"Predator","floor":4.0},{"not_picked":["Dagger Spray","Deflect"],"picked":"Terror","floor":6.0},{"not_picked":["Backflip","Outmaneuver"],"picked":"Flying Knee","floor":8.0},{"not_picked":["Burst","Flechettes"],"picked":"Endless Agony","floor":11},{"not_picked":["Predator","Poisoned Stab"],"picked":"PiercingWail","floor":12},{"not_picked":["Dagger Spray","Finisher","Prepared"],"picked":"SKIP","floor":13},{"not_picked":["Flechettes","Prepared"],"picked":"Deflect","floor":14}],"player_experience":961873,"relics_obtained":[{"floor":6.0,"key":"Unceasing Top"},{"floor":9.0,"key":"Pear"},{"floor":11,"key":"Smiling Mask"}],"event_choices":[{"damage_healed":22.0,"max_hp_gain":0.0,"max_hp_loss":0.0,"gold_gain":0.0,"event_name":"Big Fish","player_choice":"Banana","floor":2.0,"gold_loss":0.0,"damage_taken":0.0},{"damage_healed":0.0,"max_hp_gain":0.0,"max_hp_loss":0.0,"gold_gain":275.0,"event_name":"Golden Shrine","player_choice":"Desecrate","floor":3.0,"gold_loss":0.0,"damage_taken":0.0,"cards_obtained":["Regret"]}],"is_beta":false,"boss_relics":[],"items_purged_floors":[5],"is_endless":false,"potions_floor_spawned":[1,4,13],"killed_by":"Slime Boss","ascension_level":19}