{"gold_per_floor":[109,109,127,13,13,47,70,84,84,3,34,34,78,97,97,191,191,216,216,236,236,22,22,22,22,76,76,23,35,47,65,65,65],"floor_reached":33,"playtime":2714,"items_purged":["Strike_G"],"score":580,"play_id":"debdf2d7-ba83-4c6f-96d1-0606fa49c6be","local_time":"20190513224213","is_ascension_mode":true,"campfire_choices":[{"floor":12.0,"key":"REST"},{"data":"Neutralize","floor":15.0,"key":"SMITH"},{"data":"Footwork","floor":23.0,"key":"SMITH"},{"floor":27.0,"key":"REST"},{"data":"Dagger Spray","floor":32,"key":"SMITH"}],"neow_cost":"NONE","seed_source_timestamp":130501522679700,"circlet_count":0,"master_deck":["AscendersBane","Defend_G","Defend_G","Defend_G","Defend_G","Defend_G","Strike_G","Strike_G+1","Survivor","Neutralize+1","Dagger Throw","Predator+1","Well Laid Plans","Dagger Spray+1","Cloak And Dagger","Deflect","Noxious Fumes","Backflip","Envenom","Bane","Adrenaline","Riddle With Holes+1","Blade Dance","Infinite Blades+1","Footwork+1","Leg Sweep","Blur","Predator","Injury","Deflect","PiercingWail","PiercingWail"],"special_seed":0,"relics":["Ring of the Snake","NeowsBlessing","Bloody Idol","NlothsMask","Meat on the Bone","Whetstone","Dream Catcher","Cursed Key","Potion Belt"],"potions_floor_usage":[],"damage_taken":[{"damage":0.0,"enemies":"Small Slimes","floor":1.0,"turns":1.0},{"damage":0.0,"enemies":"Cultist","floor":3.0,"turns":1.0},{"damage":0.0,"enemies":"Lagavulin","floor":6.0,"turns":1.0},{"damage":2.0,"enemies":"Jaw Worm","floor":7.0,"turns":3.0},{"damage":0.0,"enemies":"2 Fungi Beasts","floor":8.0,"turns":3.0},{"damage":21.0,"enemies":"3 Sentries","floor":11.0,"turns":9.0},{"damage":24.0,"enemies":"Lagavulin","floor":13.0,"turns":8.0},{"damage":1.0,"enemies":"Looter","floor":14.0,"turns":3.0},{"damage":33.0,"enemies":"Hexaghost","floor":16.0,"turns":11.0},{"damage":22.0,"enemies":"Spheric Guardian","floor":18.0,"turns":7.0},{"damage":6.0,"enemies":"3 Byrds","floor":20.0,"turns":3.0},{"damage":3.0,"enemies":"Cultist and Chosen","floor":29.0,"turns":7.0},{"damage":21.0,"enemies":"Shelled Parasite and Fungi","floor":30.0,"turns":6.0},{"damage":15,"enemies":"Chosen and Byrds","floor":31,"turns":8},{"damage":97,"enemies":"Collector","floor":33,"turns":6}],"seed_played":"-2103579330862133286","potions_obtained":[{"floor":1.0,"key":"Swift Potion"},{"floor":6.0,"key":"SpeedPotion"},{"floor":13.0,"key":"FairyPotion"},{"floor":18.0,"key":"Strength Potion"},{"floor":29.0,"key":"Energy Potion"}],"is_trial":false,"path_per_floor":["M","?","M","$","?","E","M","M","T","$","E","R","E","M","R","B",null,"M","?","M","?","$","R","?","T","T","R","$","M","M","M","R","B"],"character_chosen":"THE_SILENT","items_purchased":["Well Laid Plans","Noxious Fumes","Footwork","Leg Sweep","SkillPotion","FearPotion"],"campfire_rested":2,"item_purchase_floors":[4,10,22,22,22,28],"current_hp_per_floor":[59,59,59,59,59,59,57,57,57,57,36,54,42,41,41,20,50,40,40,34,34,34,34,34,34,39,57,57,59,43,45,45,0],"gold":65,"neow_bonus":"THREE_ENEMY_KILL","is_prod":false,"is_daily":false,"chose_seed":false,"campfire_upgraded":3,"win_rate":0,"timestamp":1557812533,"path_taken":["M","?","M","$","?","E","?","?","T","?","E","R","E","M","R","BOSS","M","?","M","?","$","R","?","?","T","R","?","?","?","M","R","BOSS"],"build_version":"2019-01-23","purchased_purges":1,"victory":false,"max_hp_per_floor":[66,60,60,60,60,60,60,60,60,60,60,60,60,60,60,60,60,60,60,60,60,60,60,60,60,60,60,60,60,60,60,60,60],"card_choices":[{"not_picked":["Expertise","PiercingWail"],"picked":"Dagger Throw","floor":1.0},{"not_picked":["Acrobatics","Heel Hook"],"picked":"Predator","floor":3.0},{"not_picked":["Underhanded Strike","Calculated Gamble"],"picked":"Dagger Spray","floor":6.0},{"not_picked":["Predator","Distraction"],"picked":"Cloak And Dagger","floor":7.0},{"not_picked":["Calculated Gamble","Dodge and Roll"],"picked":"Deflect","floor":8.0},{"not_picked":["Dodge and Roll","Accuracy"],"picked":"Backflip","floor":11.0},{"not_picked":["Endless Agony","Acrobatics"],"picked":"Envenom","floor":13.0},{"not_picked":["Concentrate","Endless Agony"],"picked":"Bane","floor":14.0},{"not_picked":["Unload","Storm of Steel"],"picked":"Adrenaline","floor":16.0},{"not_picked":["Deflect+1","Accuracy"],"picked":"Riddle With Holes+1","floor":18.0},{"not_picked":["Choke","Sucker Punch"],"picked":"Infinite Blades+1","floor":20.0},{"not_picked":["Bane","Slice"],"picked":"Deflect","floor":27.0},{"not_picked":["Blade Dance","Phantasmal Killer","Eviscerate"],"picked":"SKIP","floor":29.0},{"not_picked":["Deadly Poison","Deflect"],"picked":"PiercingWail","floor":30.0},{"not_picked":["Backflip","Acrobatics"],"picked":"PiercingWail","floor":31}],"player_experience":1309476,"relics_obtained":[{"floor":6.0,"key":"Meat on the Bone"},{"floor":11.0,"key":"Whetstone"},{"floor":13.0,"key":"Dream Catcher"},{"floor":26.0,"key":"Potion Belt"}],"event_choices":[{"damage_healed":0.0,"max_hp_gain":0.0,"max_hp_loss":6.0,"gold_gain":0.0,"event_name":"Golden Idol","player_choice":"Lose Max HP","floor":2.0,"gold_loss":0.0,"damage_taken":0.0,"relics_obtained":["Golden Idol"]},{"damage_healed":0.0,"max_hp_gain":0.0,"max_hp_loss":0.0,"gold_gain":0.0,"event_name":"FaceTrader","player_choice":"Trade","floor":5.0,"gold_loss":0.0,"damage_taken":0.0,"relics_obtained":["NlothsMask"]},{"damage_healed":0.0,"max_hp_gain":0.0,"max_hp_loss":0.0,"gold_gain":0.0,"event_name":"The Library","player_choice":"Read","floor":19.0,"gold_loss":0.0,"damage_taken":0.0,"cards_obtained":["Blade Dance"]},{"damage_healed":0.0,"max_hp_gain":0.0,"max_hp_loss":0.0,"gold_gain":0.0,"event_name":"Forgotten Altar","player_choice":"Gave Idol","floor":21.0,"relics_lost":["Golden Idol"],"gold_loss":0.0,"damage_taken":0.0,"relics_obtained":["Bloody Idol"]},{"damage_healed":0.0,"max_hp_gain":0.0,"max_hp_loss":0.0,"gold_gain":0.0,"cards_transformed":["Strike_G","Strike_G"],"event_name":"Drug Dealer","player_choice":"Became Test Subject","floor":24.0,"gold_loss":0.0,"damage_taken":0.0,"cards_obtained":["Blur","Predator"]}],"is_beta":false,"boss_relics":[{"not_picked":["Velvet Choker","Runic Dome"],"picked":"Cursed Key"}],"items_purged_floors":[4],"is_endless":false,"potions_floor_spawned":[1,6,13,18,29],"killed_by":"Collector","ascension_level":20}