{"gold_per_floor":[363,376,8,25,25,51,51,83,83,83,101,18,18,18,18,18],"floor_reached":16,"playtime":422,"items_purged":[],"score":216,"play_id":"d326e267-a738-4424-bd30-f39f46f435ef","local_time":"20190424220235","is_ascension_mode":true,"campfire_choices":[{"data":"Footwork","floor":7,"key":"SMITH"},{"floor":15,"key":"REST"}],"neow_cost":"TEN_PERCENT_HP_LOSS","seed_source_timestamp":861149565320037,"circlet_count":0,"master_deck":["AscendersBane","Defend_G","Defend_G","Defend_G","Defend_G","Defend_G","Strike_G","Strike_G","Strike_G","Strike_G","Survivor","Neutralize","Quick Slash","Poisoned Stab","Footwork+1","PiercingWail","Dodge and Roll","Poisoned Stab","PiercingWail","Footwork"],"relics":["Ring of the Snake","Chemical X","Orichalcum","Letter Opener"],"potions_floor_usage":[6,6,8,16],"damage_taken":[{"damage":0,"enemies":"Cultist","floor":1,"turns":4},{"damage":0,"enemies":"Jaw Worm","floor":2,"turns":6},{"damage":0,"enemies":"2 Louse","floor":4,"turns":3},{"damage":26,"enemies":"Gremlin Nob","floor":6,"turns":4},{"damage":18,"enemies":"Lagavulin","floor":8,"turns":10},{"damage":0,"enemies":"2 Fungi Beasts","floor":11,"turns":4},{"damage":26,"enemies":"Hexaghost","floor":16,"turns":12}],"seed_played":"5292303303768096225","potions_obtained":[{"floor":2,"key":"Weak Potion"},{"floor":6,"key":"SkillPotion"},{"floor":8,"key":"Swift Potion"}],"is_trial":false,"path_per_floor":["M","M","$","M","?","E","R","E","T","?","M","$","?","?","R","B"],"character_chosen":"THE_SILENT","items_purchased":["Footwork","PowerPotion","Chemical X","Footwork"],"campfire_rested":1,"item_purchase_floors":[3,3,3,12],"current_hp_per_floor":[59,59,59,59,59,33,33,15,15,15,15,15,15,8,26,0],"gold":18,"neow_bonus":"TWO_FIFTY_GOLD","is_prod":false,"is_daily":false,"chose_seed":false,"campfire_upgraded":1,"win_rate":0,"timestamp":1556154155,"path_taken":["M","M","$","M","?","E","R","E","T","?","M","$","?","?","R","BOSS"],"build_version":"2019-01-23","purchased_purges":0,"victory":false,"max_hp_per_floor":[60,60,60,60,60,60,60,60,60,60,60,60,60,60,60,60],"card_choices":[{"not_picked":["Leg Sweep","Outmaneuver"],"picked":"Quick Slash","floor":1},{"not_picked":["Deadly Poison","All Out Attack"],"picked":"Poisoned Stab","floor":2},{"not_picked":["Outmaneuver","PiercingWail","Finisher"],"picked":"SKIP","floor":4},{"not_picked":["Outmaneuver","Finisher"],"picked":"PiercingWail","floor":4},{"not_picked":["Quick Slash","Heel Hook"],"picked":"Dodge and Roll","floor":6},{"not_picked":["PiercingWail","Grand Finale"],"picked":"Poisoned Stab","floor":8},{"not_picked":["Underhanded Strike","Bane"],"picked":"PiercingWail","floor":11}],"player_experience":2173686,"relics_obtained":[{"floor":6,"key":"Orichalcum"},{"floor":8,"key":"Letter Opener"}],"event_choices":[{"damage_healed":0,"gold_gain":0,"player_choice":"Leave","damage_taken":0,"max_hp_gain":0,"max_hp_loss":0,"event_name":"The Cleric","floor":5,"gold_loss":0},{"damage_healed":0,"gold_gain":0,"player_choice":"Fled","damage_taken":0,"max_hp_gain":0,"max_hp_loss":0,"event_name":"Scrap Ooze","floor":10,"gold_loss":0},{"damage_healed":0,"gold_gain":0,"player_choice":"Ignored","damage_taken":0,"max_hp_gain":0,"max_hp_loss":0,"event_name":"Liars Game","floor":13,"gold_loss":0},{"cards_removed":["Strike_G"],"damage_healed":0,"gold_gain":0,"player_choice":"Card Removal","damage_taken":7,"max_hp_gain":0,"max_hp_loss":0,"event_name":"Golden Wing","floor":14,"gold_loss":0}],"is_beta":false,"boss_relics":[],"items_purged_floors":[],"is_endless":false,"potions_floor_spawned":[2,6,8],"killed_by":"Hexaghost","ascension_level":20}