{"gold_per_floor":[111,111,126,27,50,50,63,63,89,133,158,56,74,74,74,198,198,222,247,260,274,174,174,192,225,277,82,96,112,112,132,132,255,255,279,279,129,153,176,176,219,552,576,576,589,49,67,67,67,67],"floor_reached":51,"playtime":6248,"items_purged":["Strike_G","Strike_G","Strike_G","Neutralize","Backstab"],"score":728,"play_id":"70ad5d46-5b7a-4928-ad46-ec666614ca47","local_time":"20180729185347","is_ascension_mode":false,"campfire_choices":[{"data":"Noxious Fumes","floor":6.0,"key":"SMITH"},{"data":"Crippling Poison","floor":8.0,"key":"SMITH"},{"floor":15.0,"key":"REST"},{"data":"A Thousand Cuts","floor":23.0,"key":"SMITH"},{"floor":30.0,"key":"REST"},{"floor":32.0,"key":"REST"},{"data":"Corpse Explosion","floor":40,"key":"SMITH"},{"floor":49,"key":"REST"}],"neow_cost":"NONE","seed_source_timestamp":0,"circlet_count":0,"master_deck":["Defend_G+1","Defend_G+1","Defend_G","Defend_G","Defend_G","Survivor","Dagger Throw","Crippling Poison+1","Noxious Fumes+1","Backflip","Poisoned Stab","Deadly Poison","Footwork","Deadly Poison","Dash","Corpse Explosion+1","Deadly Poison","A Thousand Cuts+1","Outmaneuver+1","Underhanded Strike","Dash","Deadly Poison+1","Deadly Poison","Bullet Time","Footwork","Expertise+1","Caltrops+1","Transmutation","Noxious Fumes","Bouncing Flask","Riddle With Holes","Magnetism"],"special_seed":17725,"relics":["Ring of the Serpent","Strawberry","War Paint","Snecko Eye","Bag of Marbles","Bronze Scales","Mummified Hand","Oddly Smooth Stone"],"potions_floor_usage":[41,50,50],"damage_taken":[{"damage":0.0,"enemies":"2 Louse","floor":1.0,"turns":4.0},{"damage":0.0,"enemies":"Jaw Worm","floor":3.0,"turns":4.0},{"damage":0.0,"enemies":"Cultist","floor":5.0,"turns":5.0},{"damage":0.0,"enemies":"Large Slime","floor":7.0,"turns":4.0},{"damage":7.0,"enemies":"Lagavulin","floor":10.0,"turns":7.0},{"damage":0.0,"enemies":"2 Fungi Beasts","floor":11.0,"turns":2.0},{"damage":0.0,"enemies":"Looter","floor":13.0,"turns":3.0},{"damage":17.0,"enemies":"Hexaghost","floor":16.0,"turns":10.0},{"damage":0.0,"enemies":"Shell Parasite","floor":18.0,"turns":4.0},{"damage":0.0,"enemies":"3 Byrds","floor":19.0,"turns":2.0},{"damage":3.0,"enemies":"Sentry and Sphere","floor":20.0,"turns":6.0},{"damage":1.0,"enemies":"Chosen and Byrds","floor":21.0,"turns":4.0},{"damage":0.0,"enemies":"Centurion and Healer","floor":24.0,"turns":4.0},{"damage":8.0,"enemies":"Gremlin Leader","floor":25.0,"turns":7.0},{"damage":11.0,"enemies":"Snecko","floor":28.0,"turns":4.0},{"damage":21.0,"enemies":"Snake Plant","floor":29.0,"turns":3.0},{"damage":13.0,"enemies":"Centurion and Healer","floor":31.0,"turns":4.0},{"damage":50.0,"enemies":"Champ","floor":33.0,"turns":10.0},{"damage":0,"enemies":"3 Darklings","floor":35,"turns":2},{"damage":0,"enemies":"3 Shapes","floor":38,"turns":4},{"damage":0,"enemies":"3 Darklings","floor":39,"turns":2},{"damage":1,"enemies":"Nemesis","floor":41,"turns":5},{"damage":20,"enemies":"Sphere and 2 Shapes","floor":45,"turns":4},{"damage":0,"enemies":"4 Shapes","floor":47,"turns":2},{"damage":38,"enemies":"Time Eater","floor":50,"turns":9}],"seed_played":"5986081896675769642","potions_obtained":[{"floor":1.0,"key":"Ancient Potion"},{"floor":3.0,"key":"Weak Potion"},{"floor":13.0,"key":"Poison Potion"},{"floor":19.0,"key":"Fruit Juice"},{"floor":24.0,"key":"Fruit Juice"},{"floor":33.0,"key":"PowerPotion"},{"floor":35,"key":"GhostInAJar"},{"floor":38,"key":"LiquidBronze"},{"floor":45,"key":"Poison Potion"}],"is_trial":false,"path_per_floor":["M","?","M","$","M","R","M","R","T","E","M","$","M","?","R","B",null,"M","M","M","M","$","R","M","E","T","$","M","M","R","M","R","B",null,"M","?","$","M","M","R","E","?","T","?","M","$","M","?","R","B"],"character_chosen":"THE_SILENT","items_purchased":["Noxious Fumes","Backflip","Deadly Poison","Dash","Noxious Fumes","Bouncing Flask","Riddle With Holes","Magnetism"],"campfire_rested":4,"item_purchase_floors":[4,4,12,27,46,46,46,46],"current_hp_per_floor":[70,53,53,53,53,53,53,53,60,53,53,53,53,46,69,52,77,77,77,74,73,73,73,73,75,75,75,64,43,69,56,82,32,87,87,87,87,87,87,87,86,86,86,86,66,66,66,66,87,49],"gold":67,"neow_bonus":"REMOVE_CARD","is_prod":false,"is_daily":false,"chose_seed":false,"campfire_upgraded":4,"win_rate":1,"timestamp":1532904827,"path_taken":["M","?","M","$","M","R","M","R","T","E","M","$","?","?","R","BOSS","M","?","M","M","$","R","M","E","T","$","M","?","R","M","R","BOSS","M","?","$","M","M","R","E","?","T","?","M","$","M","?","R","BOSS"],"build_version":"2018-07-26","purchased_purges":5,"victory":true,"max_hp_per_floor":[70,70,70,70,70,70,70,70,77,77,77,77,77,77,77,77,77,77,77,77,77,77,77,77,87,87,87,87,87,87,87,87,87,87,87,87,87,87,87,87,87,87,87,87,87,87,87,87,87,87],"card_choices":[{"not_picked":["Reflex","Eviscerate"],"picked":"Dagger Throw","floor":1.0},{"not_picked":["Dagger Spray","Deflect"],"picked":"Crippling Poison","floor":3.0},{"not_picked":["Reflex","Quick Slash"],"picked":"Poisoned Stab","floor":5.0},{"not_picked":["Backflip","Malaise"],"picked":"Backstab","floor":7.0},{"not_picked":["Heel Hook","Quick Slash"],"picked":"Deadly Poison","floor":10.0},{"not_picked":["Poisoned Stab","Caltrops"],"picked":"Footwork","floor":11.0},{"not_picked":["Outmaneuver","Tactician"],"picked":"Dash","floor":13.0},{"not_picked":["After Image","Die Die Die"],"picked":"Corpse Explosion","floor":16.0},{"not_picked":["Acrobatics+1","Slice"],"picked":"Deadly Poison","floor":18.0},{"not_picked":["Deflect+1","Dagger Spray"],"picked":"Flying Knee","floor":19.0},{"not_picked":["Blade Dance","Flechettes","Dagger Throw+1"],"picked":"SKIP","floor":20.0},{"not_picked":["Backflip+1","Outmaneuver"],"picked":"A Thousand Cuts","floor":21.0},{"not_picked":["Dagger Spray","Expertise"],"picked":"Outmaneuver+1","floor":24.0},{"not_picked":["Slice","Escape Plan"],"picked":"Underhanded Strike","floor":25.0},{"not_picked":["Infinite Blades","Deflect"],"picked":"Deadly Poison+1","floor":28.0},{"not_picked":["Outmaneuver","Endless Agony+1","Infinite Blades"],"picked":"SKIP","floor":29.0},{"not_picked":["Reflex","Well Laid Plans+1"],"picked":"Deadly Poison","floor":31.0},{"not_picked":["A Thousand Cuts","Doppelganger"],"picked":"Bullet Time","floor":33.0},{"not_picked":["Well Laid Plans","PiercingWail"],"picked":"Footwork","floor":35},{"not_picked":["Blade Dance+1","Tactician+1","Sucker Punch"],"picked":"SKIP","floor":38},{"not_picked":["Reflex","Prepared"],"picked":"Expertise+1","floor":39},{"not_picked":["Tactician+1","Sucker Punch+1"],"picked":"Caltrops+1","floor":41},{"not_picked":["Deep Breath","Flash of Steel"],"picked":"Transmutation","floor":44},{"not_picked":["Poisoned Stab","Backflip+1","Bane+1"],"picked":"SKIP","floor":45},{"not_picked":["Reflex+1","PiercingWail+1","Poisoned Stab"],"picked":"SKIP","floor":47}],"player_experience":43177,"relics_obtained":[{"floor":9.0,"key":"Strawberry"},{"floor":10.0,"key":"War Paint"},{"floor":25.0,"key":"Bag of Marbles"},{"floor":26.0,"key":"Bronze Scales"},{"floor":41,"key":"Mummified Hand"},{"floor":43,"key":"Oddly Smooth Stone"}],"event_choices":[{"event_name":"Golden Idol","player_choice":"Take Damage","floor":2.0,"damage_taken":0.0},{"event_name":"Golden Wing","player_choice":"Card Removal","floor":14.0,"damage_taken":0.0},{"event_name":"Tomb of Lord Red Mask","player_choice":"Ignored","floor":36,"damage_taken":0},{"event_name":"The Moai Head","player_choice":"Gave Idol","floor":42,"damage_taken":0},{"event_name":"SensoryStone","player_choice":"Memory 1","floor":44,"damage_taken":0},{"event_name":"Falling","player_choice":"Removed Attack","floor":48,"damage_taken":0}],"is_beta":false,"boss_relics":[{"not_picked":["Fusion Hammer","Coffee Dripper"],"picked":"Snecko Eye"},{"not_picked":["Runic Dome","White Beast Statue"],"picked":"Ring of the Serpent"}],"items_purged_floors":[12,22,27,37,46],"is_endless":false,"potions_floor_spawned":[1,3,13,18,19,24,33,35,38,45],"ascension_level":0}