{"gold_per_floor":[113,38,38,55,55,55,87,87,87,115,115,135,135,155,155,253,253,272,44,44,54,64,93,11,11,11,27,27,27,41,52,52,52],"floor_reached":33,"playtime":843,"items_purged":["Strike_R"],"score":390,"play_id":"3b180fda-03ac-458c-947a-5ae8567f2107","local_time":"20190518195703","is_ascension_mode":true,"campfire_choices":[{"data":"Bash","floor":6,"key":"SMITH"},{"data":"Shrug It Off","floor":11,"key":"SMITH"},{"data":"Twin Strike","floor":15,"key":"SMITH"},{"floor":32,"key":"REST"}],"neow_cost":"NONE","seed_source_timestamp":37633454626545,"circlet_count":0,"master_deck":["Strike_R","Strike_R","Defend_R","Defend_R","Defend_R","Defend_R","Bash+1","Cleave+1","Inflame+1","Shrug It Off+1","Twin Strike+1","Limit Break","True Grit","Pummel","Evolve","Spot Weakness","Inflame+1","Heavy Blade+1"],"relics":["Burning Blood","NeowsBlessing","Sundial","Paper Frog","Centennial Puzzle","Letter Opener","Mark of Pain","Medical Kit","Frozen Egg 2","Singing Bowl"],"potions_floor_usage":[23,30,33],"damage_taken":[{"damage":0,"enemies":"Jaw Worm","floor":1,"turns":1},{"damage":0,"enemies":"2 Louse","floor":4,"turns":1},{"damage":0,"enemies":"Gremlin Nob","floor":7,"turns":1},{"damage":25,"enemies":"3 Sentries","floor":10,"turns":6},{"damage":0,"enemies":"Cultist","floor":12,"turns":3},{"damage":0,"enemies":"Exordium Thugs","floor":14,"turns":4},{"damage":23,"enemies":"Hexaghost","floor":16,"turns":8},{"damage":7,"enemies":"Chosen","floor":18,"turns":3},{"damage":17,"enemies":"2 Thieves","floor":21,"turns":3},{"damage":14,"enemies":"Centurion and Healer","floor":22,"turns":3},{"damage":48,"enemies":"Slavers","floor":23,"turns":4},{"damage":16,"enemies":"Snecko","floor":27,"turns":5},{"damage":4,"enemies":"Cultist and Chosen","floor":30,"turns":4},{"damage":6,"enemies":"Sentry and Sphere","floor":31,"turns":3},{"damage":65,"enemies":"Collector","floor":33,"turns":5}],"seed_played":"-6304214746543583269","potions_obtained":[{"floor":10,"key":"Regen Potion"},{"floor":12,"key":"AttackPotion"},{"floor":16,"key":"Fire Potion"},{"floor":31,"key":"SpeedPotion"}],"is_trial":false,"path_per_floor":["M","$","?","M","?","R","E","$","T","E","R","M","?","M","R","B",null,"M","$","?","M","M","E","$","?","T","M","?","$","M","M","R","B"],"character_chosen":"IRONCLAD","items_purchased":["Medical Kit","Pummel","Inflame+1"],"campfire_rested":1,"item_purchase_floors":[19,19,24],"current_hp_per_floor":[80,80,73,79,63,63,69,69,69,50,50,56,49,55,55,38,80,79,79,79,68,60,18,18,18,18,10,10,10,12,14,39,0],"gold":52,"neow_bonus":"THREE_ENEMY_KILL","is_prod":false,"is_daily":false,"chose_seed":false,"campfire_upgraded":3,"win_rate":0,"timestamp":1558202223,"path_taken":["M","$","?","M","?","R","E","?","T","E","R","?","?","M","R","BOSS","M","$","?","M","?","E","$","?","T","M","?","?","M","M","R","BOSS"],"build_version":"2019-01-23","purchased_purges":1,"victory":false,"max_hp_per_floor":[80,80,80,80,80,80,80,80,80,80,80,80,80,80,80,80,80,80,80,80,80,80,80,80,80,80,82,82,82,82,84,84,84],"card_choices":[{"not_picked":["Heavy Blade","Headbutt"],"picked":"Cleave","floor":1},{"not_picked":["Pommel Strike","Iron Wave"],"picked":"Inflame","floor":4},{"not_picked":["Clothesline","Burning Pact","Flex"],"picked":"SKIP","floor":7},{"not_picked":["Pommel Strike","Warcry"],"picked":"Shrug It Off","floor":10},{"not_picked":["Body Slam","Rage"],"picked":"Twin Strike","floor":12},{"not_picked":["Seeing Red","Shrug It Off","Thunderclap"],"picked":"SKIP","floor":14},{"not_picked":["Bludgeon","Exhume"],"picked":"Limit Break","floor":16},{"not_picked":["Warcry","Power Through"],"picked":"True Grit","floor":18},{"not_picked":["Warcry+1","Cleave"],"picked":"Evolve","floor":21},{"not_picked":["Sword Boomerang","Pommel Strike+1","Iron Wave"],"picked":"SKIP","floor":22},{"not_picked":["Disarm+1","Berserk"],"picked":"Spot Weakness","floor":23},{"not_picked":["Iron Wave+1","Cleave","Blood for Blood"],"picked":"Singing Bowl","floor":27},{"not_picked":["Perfected Strike+1","Thunderclap"],"picked":"Heavy Blade+1","floor":30},{"not_picked":["Thunderclap","Combust+1","Reckless Charge"],"picked":"Singing Bowl","floor":31}],"player_experience":67049,"relics_obtained":[{"floor":7,"key":"Sundial"},{"floor":9,"key":"Paper Frog"},{"floor":10,"key":"Centennial Puzzle"},{"floor":23,"key":"Frozen Egg 2"},{"floor":26,"key":"Singing Bowl"}],"event_choices":[{"cards_removed":["Strike_R"],"damage_healed":0,"gold_gain":0,"player_choice":"Card Removal","damage_taken":7,"max_hp_gain":0,"max_hp_loss":0,"event_name":"Golden Wing","floor":3,"gold_loss":0},{"damage_healed":0,"gold_gain":0,"player_choice":"Entered Light","damage_taken":16,"max_hp_gain":0,"max_hp_loss":0,"event_name":"Shining Light","floor":5,"gold_loss":0,"cards_upgraded":["Inflame","Cleave"]},{"damage_healed":0,"gold_gain":0,"player_choice":"Success","damage_taken":7,"relics_obtained":["Letter Opener"],"max_hp_gain":0,"max_hp_loss":0,"event_name":"Scrap Ooze","floor":13,"gold_loss":0},{"cards_removed":["Strike_R"],"damage_healed":0,"gold_gain":0,"player_choice":"Offered Basic","damage_taken":0,"max_hp_gain":0,"max_hp_loss":0,"event_name":"Bonfire Elementals","floor":20,"gold_loss":0},{"damage_healed":0,"gold_gain":0,"player_choice":"Ignored","damage_taken":0,"max_hp_gain":0,"max_hp_loss":0,"event_name":"Beggar","floor":28,"gold_loss":0}],"is_beta":false,"boss_relics":[{"not_picked":["Snecko Eye","Velvet Choker"],"picked":"Mark of Pain"}],"items_purged_floors":[2],"is_endless":false,"potions_floor_spawned":[10,12,16,22,31],"killed_by":"Collector","ascension_level":4}