{"gold_per_floor":[118,43,43,57,73,73,148,162,162,62,62,62,97,115,115,210,210,220,220,18,34,34,34],"floor_reached":23,"playtime":1722,"items_purged":["Strike_B","Defend_B"],"score":189,"play_id":"f8792bdb-df5b-4037-b90d-a3a17dd590a2","local_time":"20190103205744","is_ascension_mode":false,"campfire_choices":[{"data":"Redo","floor":6,"key":"SMITH"},{"floor":12,"key":"REST"},{"floor":15,"key":"REST"}],"neow_cost":"NONE","seed_source_timestamp":282130125699520,"circlet_count":0,"master_deck":["Strike_B","Strike_B","Defend_B","Defend_B","Zap","Dualcast","Aggregate","Redo+1","Recycle","Streamline","Conserve Battery","Loop","Core Surge","Double Energy","Coolheaded"],"relics":["Cracked Core","Torii","Du-Vu Doll","Lizard Tail","Art of War","Medical Kit","MutagenicStrength"],"potions_floor_usage":[13,13,16],"damage_taken":[{"damage":8,"enemies":"2 Louse","floor":1,"turns":3},{"damage":6,"enemies":"Jaw Worm","floor":4,"turns":4},{"damage":2,"enemies":"Small Slimes","floor":5,"turns":4},{"damage":9,"enemies":"2 Fungi Beasts","floor":8,"turns":3},{"damage":22,"enemies":"Lagavulin","floor":13,"turns":5},{"damage":7,"enemies":"Blue Slaver","floor":14,"turns":3},{"damage":14,"enemies":"Hexaghost","floor":16,"turns":9},{"damage":30,"enemies":"3 Byrds","floor":18,"turns":5},{"damage":33,"enemies":"Shell Parasite","floor":21,"turns":7},{"damage":66,"enemies":"Gremlin Leader","floor":23,"turns":4}],"seed_played":"-8795773622268193189","potions_obtained":[{"floor":1,"key":"Dexterity Potion"},{"floor":8,"key":"Explosive Potion"},{"floor":13,"key":"LiquidBronze"},{"floor":21,"key":"Swift Potion"}],"is_trial":false,"path_per_floor":["M","$","?","M","M","R","?","M","T","$","?","R","E","M","R","B",null,"M","?","$","M","?","E"],"character_chosen":"DEFECT","items_purchased":["Medical Kit"],"campfire_rested":2,"item_purchase_floors":[20],"current_hp_per_floor":[67,67,72,66,64,64,53,44,44,44,37,61,39,32,56,42,80,50,50,50,17,17,0],"gold":34,"neow_bonus":"REMOVE_CARD","is_prod":false,"is_daily":false,"chose_seed":false,"campfire_upgraded":1,"win_rate":0,"timestamp":1546570664,"path_taken":["M","$","?","M","M","R","?","M","T","?","?","R","E","M","R","BOSS","M","?","$","M","?","E"],"build_version":"2019-01-03","purchased_purges":2,"victory":false,"max_hp_per_floor":[75,75,80,80,80,80,80,80,80,80,80,80,80,80,80,80,80,80,80,80,80,80,80],"card_choices":[{"not_picked":["Steam","Conserve Battery"],"picked":"Aggregate","floor":1},{"not_picked":["Beam Cell","Gash"],"picked":"Redo","floor":4},{"not_picked":["Reinforced Body","Gash"],"picked":"Recycle","floor":5},{"not_picked":["BootSequence","Capacitor"],"picked":"Streamline","floor":8},{"not_picked":["Hello World","Go for the Eyes"],"picked":"Conserve Battery","floor":13},{"not_picked":["Genetic Algorithm","Turbo"],"picked":"Loop","floor":14},{"not_picked":["Thunder Strike","All For One"],"picked":"Core Surge","floor":16},{"not_picked":["Stack","Rebound+1"],"picked":"Double Energy","floor":18},{"not_picked":["Go for the Eyes","Ball Lightning+1"],"picked":"Coolheaded","floor":21}],"player_experience":191961,"relics_obtained":[{"floor":9,"key":"Torii"},{"floor":13,"key":"Du-Vu Doll"}],"event_choices":[{"damage_healed":0,"gold_gain":0,"player_choice":"Donut","damage_taken":0,"max_hp_gain":5,"max_hp_loss":0,"event_name":"Big Fish","floor":3,"gold_loss":0},{"damage_healed":0,"gold_gain":75,"player_choice":"Gather Gold","damage_taken":11,"max_hp_gain":0,"max_hp_loss":0,"event_name":"World of Goop","floor":7,"gold_loss":0},{"cards_removed":["Defend_B"],"damage_healed":0,"gold_gain":0,"player_choice":"Card Removal","damage_taken":7,"max_hp_gain":0,"max_hp_loss":0,"event_name":"Golden Wing","floor":11,"gold_loss":0},{"damage_healed":0,"gold_gain":0,"player_choice":"Opened","damage_taken":0,"relics_obtained":["Art of War"],"max_hp_gain":0,"max_hp_loss":0,"event_name":"The Mausoleum","floor":19,"gold_loss":0},{"damage_healed":0,"gold_gain":0,"player_choice":"Inject Mutagens","damage_taken":0,"relics_obtained":["MutagenicStrength"],"max_hp_gain":0,"max_hp_loss":0,"event_name":"Drug Dealer","floor":22,"gold_loss":0}],"is_beta":false,"boss_relics":[{"not_picked":["Tiny House","Orrery"],"picked":"Lizard Tail"}],"items_purged_floors":[2,10],"is_endless":false,"potions_floor_spawned":[1,8,13,21],"killed_by":"Gremlin Leader","ascension_level":0}