{"gold_per_floor":[109,184,50,50,61,91,13,13,13,13,33,33,62,5,5,79,79,92,92,105,105],"floor_reached":21,"playtime":2481,"items_purged":[],"score":420,"play_id":"177f2c0b-afd5-47b0-aa10-5bc5b32560c0","local_time":"20190505143313","is_ascension_mode":true,"campfire_choices":[{"data":"Skewer","floor":8.0,"key":"SMITH"},{"data":"Footwork","floor":10.0,"key":"SMITH"},{"data":"Well Laid Plans","floor":12.0,"key":"SMITH"},{"data":"Burst","floor":15.0,"key":"SMITH"}],"neow_cost":"NONE","seed_source_timestamp":19411768279400,"circlet_count":0,"master_deck":["AscendersBane","Defend_G","Defend_G","Defend_G","Defend_G","Defend_G","Strike_G","Strike_G","Strike_G","Strike_G","Strike_G","Survivor","Neutralize+1","Choke","Well Laid Plans+1","Skewer+1","Footwork+1","Burst+1","Dagger Spray","Predator","Escape Plan","Unload","Backflip","Backstab"],"special_seed":0,"relics":["Ring of the Snake","NeowsBlessing","Art of War","WingedGreaves","Du-Vu Doll","Philosopher\u0027s Stone"],"potions_floor_usage":[],"damage_taken":[{"damage":0.0,"enemies":"Small Slimes","floor":1.0,"turns":1.0},{"damage":0.0,"enemies":"Jaw Worm","floor":5.0,"turns":1.0},{"damage":0.0,"enemies":"Lagavulin","floor":6.0,"turns":1.0},{"damage":0.0,"enemies":"Cultist","floor":11.0,"turns":3.0},{"damage":6.0,"enemies":"Gremlin Nob","floor":13.0,"turns":3.0},{"damage":5.0,"enemies":"The Guardian","floor":16.0,"turns":13.0},{"damage":37.0,"enemies":"2 Thieves","floor":18.0,"turns":4.0},{"damage":0.0,"enemies":"Spheric Guardian","floor":20.0,"turns":3.0},{"damage":23,"enemies":"3 Cultists","floor":21,"turns":3}],"seed_played":"7322222198341397368","potions_obtained":[{"floor":1.0,"key":"Ancient Potion"},{"floor":6.0,"key":"SkillPotion"},{"floor":13.0,"key":"PowerPotion"},{"floor":18.0,"key":"AttackPotion"},{"floor":19.0,"key":"Strength Potion"}],"is_trial":false,"path_per_floor":["M","?","$","?","M","E","$","R","T","R","M","R","E","$","R","B",null,"M","?","M","M"],"character_chosen":"THE_SILENT","items_purchased":["Well Laid Plans","Skewer","AttackPotion","Dagger Spray","Fire Potion"],"campfire_rested":0,"item_purchase_floors":[3,3,7,7,14],"current_hp_per_floor":[59,48,48,48,48,48,48,48,48,48,48,48,42,42,42,37,59,22,22,22,0],"gold":105,"neow_bonus":"THREE_ENEMY_KILL","is_prod":false,"is_daily":false,"chose_seed":false,"campfire_upgraded":4,"win_rate":0,"timestamp":1557091993,"path_taken":["M","?","$","?","M","E","?","R","T","R","?","R","E","$","R","BOSS","M","?","M","?"],"build_version":"2019-01-23","purchased_purges":0,"victory":false,"max_hp_per_floor":[66,66,66,66,66,66,66,66,66,66,66,66,66,66,66,66,66,66,66,66,66],"card_choices":[{"not_picked":["Calculated Gamble","Flying Knee"],"picked":"Choke","floor":1.0},{"not_picked":["Accuracy","Blur"],"picked":"Footwork","floor":5.0},{"not_picked":["Flying Knee","Dagger Throw"],"picked":"Burst","floor":6.0},{"not_picked":["Dagger Throw","Cloak And Dagger"],"picked":"Predator","floor":11.0},{"not_picked":["Dagger Throw","Distraction"],"picked":"Escape Plan","floor":13.0},{"not_picked":["Phantasmal Killer","A Thousand Cuts"],"picked":"Unload","floor":16.0},{"not_picked":["Deflect","Dagger Spray"],"picked":"Backflip","floor":18.0},{"not_picked":["Reflex","Distraction"],"picked":"Backstab","floor":20.0}],"player_experience":1171600,"relics_obtained":[{"floor":6.0,"key":"Art of War"},{"floor":9.0,"key":"WingedGreaves"},{"floor":13.0,"key":"Du-Vu Doll"}],"event_choices":[{"damage_healed":0.0,"max_hp_gain":0.0,"max_hp_loss":0.0,"gold_gain":75.0,"event_name":"World of Goop","player_choice":"Gather Gold","floor":2.0,"gold_loss":0.0,"damage_taken":11.0},{"damage_healed":0.0,"max_hp_gain":0.0,"max_hp_loss":0.0,"gold_gain":0.0,"event_name":"Living Wall","player_choice":"Grow","floor":4.0,"gold_loss":0.0,"damage_taken":0.0,"cards_upgraded":["Neutralize"]},{"damage_healed":0.0,"max_hp_gain":0.0,"max_hp_loss":0.0,"gold_gain":0.0,"event_name":"Lab","player_choice":"Got Potions","floor":19.0,"gold_loss":0.0,"damage_taken":0.0}],"is_beta":false,"boss_relics":[{"not_picked":["HoveringKite","WristBlade"],"picked":"Philosopher\u0027s Stone"}],"items_purged_floors":[],"is_endless":false,"potions_floor_spawned":[1,6,13,18],"killed_by":"3 Cultists","ascension_level":20}