{"gold_per_floor":[118,118,141,160,160,195,207,219],"floor_reached":8,"playtime":351,"items_purged":[],"score":112,"play_id":"abe84eef-281f-40db-9c97-23d2732f1b60","local_time":"20190429014840","is_ascension_mode":true,"campfire_choices":[{"floor":7,"key":"REST"}],"neow_cost":"NONE","seed_source_timestamp":1220375463419736,"circlet_count":0,"master_deck":["AscendersBane","Defend_G","Defend_G","Defend_G","Defend_G","Defend_G","Strike_G","Strike_G","Strike_G","Strike_G","Strike_G","Survivor","Neutralize","Panacea","Leg Sweep","Dash","Skewer","Cloak And Dagger"],"relics":["Ring of the Snake","Golden Idol","MawBank"],"potions_floor_usage":[8,8],"damage_taken":[{"damage":3,"enemies":"Cultist","floor":1,"turns":5},{"damage":2,"enemies":"Jaw Worm","floor":3,"turns":7},{"damage":0,"enemies":"2 Louse","floor":4,"turns":4},{"damage":49,"enemies":"3 Sentries","floor":6,"turns":15},{"damage":27,"enemies":"Lagavulin","floor":8,"turns":16}],"seed_played":"4184793874509468030","potions_obtained":[{"floor":3,"key":"Dexterity Potion"},{"floor":6,"key":"AttackPotion"}],"is_trial":false,"path_per_floor":["M","?","M","M","?","E","R","E"],"character_chosen":"THE_SILENT","items_purchased":[],"campfire_rested":1,"item_purchase_floors":[],"current_hp_per_floor":[56,56,54,54,54,5,23,0],"gold":219,"neow_bonus":"RANDOM_COLORLESS","is_prod":false,"is_daily":false,"chose_seed":false,"campfire_upgraded":0,"win_rate":0,"timestamp":1556513320,"path_taken":["M","?","M","M","?","E","R","E"],"build_version":"2019-01-23","purchased_purges":0,"victory":false,"max_hp_per_floor":[66,60,60,60,60,60,60,60],"card_choices":[{"not_picked":["PiercingWail","Setup"],"picked":"Leg Sweep","floor":1},{"not_picked":["Dodge and Roll","Eviscerate"],"picked":"Dash","floor":3},{"not_picked":["PiercingWail","Catalyst"],"picked":"Skewer","floor":4},{"not_picked":["Skewer","All Out Attack"],"picked":"Cloak And Dagger","floor":6}],"player_experience":2232513,"relics_obtained":[{"floor":6,"key":"MawBank"}],"event_choices":[{"damage_healed":0,"gold_gain":0,"player_choice":"Lose Max HP","damage_taken":0,"relics_obtained":["Golden Idol"],"max_hp_gain":0,"max_hp_loss":6,"event_name":"Golden Idol","floor":2,"gold_loss":0},{"damage_healed":0,"gold_gain":0,"player_choice":"Ignored","damage_taken":0,"max_hp_gain":0,"max_hp_loss":0,"event_name":"Liars Game","floor":5,"gold_loss":0}],"is_beta":false,"boss_relics":[],"items_purged_floors":[],"is_endless":false,"potions_floor_spawned":[3,6],"killed_by":"Lagavulin","ascension_level":20}