{"gold_per_floor":[114,114,79,4,4,32,32,57,57,91,103,122,147,166,166,166],"floor_reached":16,"playtime":751,"items_purged":["Strike_G"],"score":356,"play_id":"cf31f2e9-5105-4cd1-91c7-4f3984e34b0f","local_time":"20190517150732","is_ascension_mode":true,"campfire_choices":[{"data":"Dagger Spray","floor":7,"key":"SMITH"},{"floor":15,"key":"REST"}],"neow_cost":"NONE","seed_source_timestamp":73530195430900,"circlet_count":0,"master_deck":["AscendersBane","Defend_G","Defend_G","Defend_G","Defend_G","Defend_G","Strike_G","Strike_G","Strike_G","Strike_G","Survivor","Neutralize","Dagger Spray+1","Poisoned Stab","Deflect","Skewer","Dagger Spray","Escape Plan","PiercingWail"],"relics":["Ring of the Snake","NeowsBlessing","Gremlin Horn","Ancient Tea Set","Bronze Scales","Omamori","Bird Faced Urn"],"potions_floor_usage":[10,12,13,16],"damage_taken":[{"damage":0,"enemies":"2 Louse","floor":1,"turns":1},{"damage":0,"enemies":"Gremlin Nob","floor":6,"turns":1},{"damage":0,"enemies":"Lagavulin","floor":8,"turns":1},{"damage":18,"enemies":"3 Sentries","floor":10,"turns":8},{"damage":0,"enemies":"Small Slimes","floor":11,"turns":2},{"damage":2,"enemies":"Jaw Worm","floor":12,"turns":2},{"damage":27,"enemies":"Gremlin Nob","floor":13,"turns":4},{"damage":3,"enemies":"2 Fungi Beasts","floor":14,"turns":2},{"damage":46,"enemies":"Slime Boss","floor":16,"turns":8}],"seed_played":"-5460017499169688592","potions_obtained":[{"floor":8,"key":"Block Potion"},{"floor":10,"key":"AttackPotion"},{"floor":12,"key":"SpeedPotion"},{"floor":14,"key":"SpeedPotion"}],"is_trial":false,"path_per_floor":["M","?","?","$","?","E","R","E","T","E","M","M","E","M","R","B"],"character_chosen":"THE_SILENT","items_purchased":[],"campfire_rested":1,"item_purchase_floors":[],"current_hp_per_floor":[59,64,71,71,71,71,71,71,71,53,53,51,24,21,42,0],"gold":166,"neow_bonus":"THREE_ENEMY_KILL","is_prod":false,"is_daily":false,"chose_seed":false,"campfire_upgraded":1,"win_rate":0,"timestamp":1558130852,"path_taken":["M","?","?","$","?","E","R","E","T","E","M","M","E","M","R","BOSS"],"build_version":"2019-01-23","purchased_purges":1,"victory":false,"max_hp_per_floor":[66,71,71,71,71,71,71,71,71,71,71,71,71,71,71,71],"card_choices":[{"not_picked":["Masterful Stab","Blade Dance"],"picked":"Dagger Spray","floor":1},{"not_picked":["Bane","Distraction"],"picked":"Poisoned Stab","floor":6},{"not_picked":["Calculated Gamble","Blade Dance"],"picked":"Deflect","floor":8},{"not_picked":["Slice","Dodge and Roll"],"picked":"Skewer","floor":10},{"not_picked":["Poisoned Stab","Slice"],"picked":"Dagger Spray","floor":11},{"not_picked":["Outmaneuver","Underhanded Strike","All Out Attack"],"picked":"SKIP","floor":12},{"not_picked":["Deflect","Die Die Die"],"picked":"Escape Plan","floor":13},{"not_picked":["Concentrate","Prepared"],"picked":"PiercingWail","floor":14}],"player_experience":1347992,"relics_obtained":[{"floor":6,"key":"Gremlin Horn"},{"floor":8,"key":"Ancient Tea Set"},{"floor":9,"key":"Bronze Scales"},{"floor":10,"key":"Omamori"},{"floor":13,"key":"Bird Faced Urn"}],"event_choices":[{"damage_healed":0,"gold_gain":0,"player_choice":"Donut","damage_taken":0,"max_hp_gain":5,"max_hp_loss":0,"event_name":"Big Fish","floor":2,"gold_loss":0},{"damage_healed":17,"gold_gain":0,"player_choice":"Healed","damage_taken":0,"max_hp_gain":0,"max_hp_loss":0,"event_name":"The Cleric","floor":3,"gold_loss":35},{"damage_healed":0,"gold_gain":0,"player_choice":"Ignored","damage_taken":0,"max_hp_gain":0,"max_hp_loss":0,"event_name":"Liars Game","floor":5,"gold_loss":0}],"is_beta":false,"boss_relics":[],"items_purged_floors":[4],"is_endless":false,"potions_floor_spawned":[8,10,12,14],"killed_by":"Slime Boss","ascension_level":20}