{"gold_per_floor":[117,5,5,5,24,56,56,74,74,90,117,130,130,141,141,219,219,229,243,243,257,274,274,189,189,189,208,208,208,208,227,227,227],"floor_reached":33,"playtime":6624,"items_purged":["Strike_G"],"score":568,"play_id":"b26b75ad-c195-4b48-b779-532d7a541e78","local_time":"20190512192811","is_ascension_mode":true,"campfire_choices":[{"data":"Predator","floor":7.0,"key":"SMITH"},{"data":"PiercingWail","floor":13.0,"key":"SMITH"},{"data":"Infinite Blades","floor":15.0,"key":"SMITH"},{"floor":23.0,"key":"REST"},{"data":"Well Laid Plans","floor":25.0,"key":"SMITH"},{"data":"Dash","floor":29.0,"key":"SMITH"},{"data":"Crippling Poison","floor":32.0,"key":"SMITH"}],"neow_cost":"NONE","seed_source_timestamp":19451585288800,"circlet_count":0,"master_deck":["AscendersBane","Defend_G+1","Defend_G+1","Defend_G+1","Defend_G+1","Defend_G+1","Strike_G+1","Strike_G+1","Strike_G+1","Strike_G+1","Survivor","Neutralize+1","Predator+1","Terror","Infinite Blades+1","Flying Knee","PiercingWail","PiercingWail+1","Well Laid Plans+1","Glass Knife","Backflip","Caltrops","Blur","Dash+1","Adrenaline","Crippling Poison+1"],"special_seed":0,"relics":["Ring of the Serpent","NeowsBlessing","Mercury Hourglass","Vajra","Bag of Preparation","Ninja Scroll","Girya","MutagenicStrength"],"potions_floor_usage":[33],"damage_taken":[{"damage":0.0,"enemies":"2 Louse","floor":1.0,"turns":1.0},{"damage":0.0,"enemies":"Small Slimes","floor":5.0,"turns":1.0},{"damage":0.0,"enemies":"Lagavulin","floor":6.0,"turns":1.0},{"damage":0.0,"enemies":"Cultist","floor":8.0,"turns":2.0},{"damage":9.0,"enemies":"Lots of Slimes","floor":10.0,"turns":4.0},{"damage":6.0,"enemies":"Gremlin Nob","floor":11.0,"turns":3.0},{"damage":0.0,"enemies":"3 Louse","floor":12.0,"turns":2.0},{"damage":3.0,"enemies":"Exordium Thugs","floor":14.0,"turns":3.0},{"damage":2.0,"enemies":"Slime Boss","floor":16.0,"turns":7.0},{"damage":8.0,"enemies":"Shell Parasite","floor":18.0,"turns":3.0},{"damage":2.0,"enemies":"2 Thieves","floor":19.0,"turns":4.0},{"damage":8.0,"enemies":"Shelled Parasite and Fungi","floor":21.0,"turns":6.0},{"damage":17.0,"enemies":"3 Cultists","floor":22.0,"turns":5.0},{"damage":0.0,"enemies":"Centurion and Healer","floor":27.0,"turns":7.0},{"damage":0.0,"enemies":"Shelled Parasite and Fungi","floor":31.0,"turns":2.0},{"damage":45,"enemies":"Automaton","floor":33,"turns":6}],"seed_played":"6938452463406492271","potions_obtained":[{"floor":1.0,"key":"Weak Potion"},{"floor":10.0,"key":"Energy Potion"},{"floor":12.0,"key":"GhostInAJar"},{"floor":16.0,"key":"Energy Potion"},{"floor":19.0,"key":"Fruit Juice"},{"floor":22.0,"key":"Block Potion"},{"floor":27.0,"key":"Strength Potion"}],"is_trial":false,"path_per_floor":["M","$","?","?","M","E","R","M","T","M","E","M","R","M","R","B",null,"M","M","?","M","M","R","?","R","T","M","?","R","?","M","R","B"],"character_chosen":"THE_SILENT","items_purchased":["Terror"],"campfire_rested":1,"item_purchase_floors":[2],"current_hp_per_floor":[59,59,39,39,39,39,39,39,39,30,24,24,24,21,21,19,54,46,44,44,41,24,45,45,45,45,45,45,45,45,45,45,0],"gold":227,"neow_bonus":"THREE_ENEMY_KILL","is_prod":false,"is_daily":false,"chose_seed":true,"campfire_upgraded":6,"win_rate":0,"timestamp":1557714491,"path_taken":["M","$","?","?","M","E","R","?","T","M","E","M","R","M","R","BOSS","M","?","?","M","M","R","?","R","T","M","?","R","?","M","R","BOSS"],"build_version":"2019-01-23","purchased_purges":1,"victory":false,"max_hp_per_floor":[66,66,66,66,66,66,66,66,66,66,66,66,66,66,66,66,66,66,66,66,71,71,71,71,71,71,71,71,71,71,71,71,71],"card_choices":[{"not_picked":["Reflex","Prepared"],"picked":"Predator","floor":1.0},{"not_picked":["Heel Hook","Bane"],"picked":"Infinite Blades","floor":5.0},{"not_picked":["Well Laid Plans","Acrobatics"],"picked":"Flying Knee","floor":6.0},{"not_picked":["Acrobatics","Deflect"],"picked":"PiercingWail","floor":8.0},{"not_picked":["Reflex","Slice"],"picked":"PiercingWail","floor":10.0},{"not_picked":["Tactician","Underhanded Strike","Sucker Punch"],"picked":"SKIP","floor":11.0},{"not_picked":["Expertise","Eviscerate","Storm of Steel"],"picked":"SKIP","floor":12.0},{"not_picked":["Concentrate","Flying Knee"],"picked":"Well Laid Plans","floor":14.0},{"not_picked":["Unload","Doppelganger"],"picked":"Glass Knife","floor":16.0},{"not_picked":["Blade Dance","Poisoned Stab"],"picked":"Backflip","floor":18.0},{"not_picked":["Heel Hook","Eviscerate+1"],"picked":"Caltrops","floor":19.0},{"not_picked":["Quick Slash","Dodge and Roll"],"picked":"Blur","floor":21.0},{"not_picked":["Slice","Poisoned Stab"],"picked":"Dash","floor":22.0},{"not_picked":["Deflect","Terror"],"picked":"Adrenaline","floor":27.0},{"not_picked":["Dagger Spray","Prepared"],"picked":"Crippling Poison","floor":31.0}],"player_experience":1291306,"relics_obtained":[{"floor":6.0,"key":"Mercury Hourglass"},{"floor":9.0,"key":"Vajra"},{"floor":11.0,"key":"Bag of Preparation"},{"floor":26.0,"key":"Girya"}],"event_choices":[{"damage_healed":0.0,"max_hp_gain":0.0,"max_hp_loss":0.0,"gold_gain":0.0,"event_name":"Shining Light","player_choice":"Entered Light","floor":3.0,"gold_loss":0.0,"damage_taken":20.0,"cards_upgraded":["Defend_G","Neutralize"]},{"damage_healed":0.0,"max_hp_gain":0.0,"max_hp_loss":0.0,"gold_gain":0.0,"event_name":"FaceTrader","player_choice":"Leave","floor":4.0,"gold_loss":0.0,"damage_taken":0.0},{"damage_healed":0.0,"max_hp_gain":0.0,"max_hp_loss":0.0,"gold_gain":0.0,"event_name":"Back to Basics","player_choice":"Simplicity","floor":20.0,"gold_loss":0.0,"damage_taken":0.0,"cards_upgraded":["Defend_G","Defend_G","Defend_G","Defend_G","Strike_G","Strike_G","Strike_G","Strike_G"]},{"damage_healed":0.0,"max_hp_gain":0.0,"max_hp_loss":0.0,"gold_gain":0.0,"event_name":"Addict","player_choice":"Obtained Relic","floor":24.0,"gold_loss":85.0,"damage_taken":0.0,"relics_obtained":["Ninja Scroll"]},{"damage_healed":0.0,"max_hp_gain":0.0,"max_hp_loss":0.0,"gold_gain":0.0,"event_name":"Drug Dealer","player_choice":"Inject Mutagens","floor":28.0,"gold_loss":0.0,"damage_taken":0.0,"relics_obtained":["MutagenicStrength"]},{"damage_healed":0.0,"max_hp_gain":0.0,"max_hp_loss":0.0,"gold_gain":0.0,"event_name":"The Mausoleum","player_choice":"Ignored","floor":30.0,"gold_loss":0.0,"damage_taken":0.0}],"is_beta":false,"boss_relics":[{"not_picked":["Pandora\u0027s Box","Lizard Tail"],"picked":"Ring of the Serpent"}],"items_purged_floors":[2],"is_endless":false,"potions_floor_spawned":[1,10,12,16,19,22,27],"killed_by":"Automaton","ascension_level":20}