{"gold_per_floor":[118,83,83,101,116,116,130,163,163,163],"floor_reached":10,"playtime":587,"items_purged":[],"score":136,"play_id":"ee76efb6-00da-4682-89c5-14cf6acb309d","local_time":"20190507191322","is_ascension_mode":true,"campfire_choices":[{"data":"Neutralize","floor":6.0,"key":"SMITH"}],"neow_cost":"NONE","seed_source_timestamp":7822706187900,"circlet_count":0,"master_deck":["AscendersBane","Defend_G","Defend_G","Defend_G","Defend_G","Defend_G","Strike_G","Strike_G","Strike_G","Strike_G","Strike_G","Survivor","Neutralize+1","Poisoned Stab","Slice","Flying Knee","Riddle With Holes","Leg Sweep"],"special_seed":0,"relics":["Eternal Feather","Juzu Bracelet","Orichalcum","Matryoshka"],"potions_floor_usage":[8],"damage_taken":[{"damage":17.0,"enemies":"Jaw Worm","floor":1.0,"turns":8.0},{"damage":6.0,"enemies":"Cultist","floor":4.0,"turns":5.0},{"damage":0.0,"enemies":"2 Louse","floor":5.0,"turns":3.0},{"damage":6.0,"enemies":"Blue Slaver","floor":7.0,"turns":5.0},{"damage":50,"enemies":"Gremlin Nob","floor":8,"turns":5},{"damage":10,"enemies":"Lagavulin","floor":10,"turns":3}],"seed_played":"661879371004230952","potions_obtained":[{"floor":4.0,"key":"AttackPotion"},{"floor":5.0,"key":"Explosive Potion"}],"is_trial":false,"path_per_floor":["M","?","T","M","M","R","M","E","T","E"],"character_chosen":"THE_SILENT","items_purchased":[],"campfire_rested":0,"item_purchase_floors":[],"current_hp_per_floor":[42,58,58,52,52,61,55,5,5,0],"gold":163,"neow_bonus":"BOSS_RELIC","is_prod":false,"is_daily":false,"chose_seed":false,"campfire_upgraded":1,"win_rate":0,"timestamp":1557281602,"path_taken":["M","?","?","M","M","R","M","E","T","E"],"build_version":"2019-01-23","purchased_purges":0,"victory":false,"max_hp_per_floor":[66,66,66,66,66,66,66,66,66,66],"card_choices":[{"not_picked":["Backflip","Expertise"],"picked":"Poisoned Stab","floor":1.0},{"not_picked":["Terror","Reflex"],"picked":"Slice","floor":4.0},{"not_picked":["Poisoned Stab","Reflex"],"picked":"Flying Knee","floor":5.0},{"not_picked":["Outmaneuver","PiercingWail"],"picked":"Riddle With Holes","floor":7.0},{"not_picked":["Blade Dance","Cloak And Dagger"],"picked":"Leg Sweep","floor":8}],"player_experience":1198863,"relics_obtained":[{"floor":3.0,"key":"Juzu Bracelet"},{"floor":8,"key":"Orichalcum"},{"floor":9,"key":"Matryoshka"}],"event_choices":[{"damage_healed":16.0,"max_hp_gain":0.0,"max_hp_loss":0.0,"gold_gain":0.0,"event_name":"The Cleric","player_choice":"Healed","floor":2.0,"gold_loss":35.0,"damage_taken":0.0}],"is_beta":false,"boss_relics":[],"items_purged_floors":[],"is_endless":false,"potions_floor_spawned":[4,5],"killed_by":"Lagavulin","ascension_level":20}