{"gold_per_floor":[118,9,284,297,70,96,107,127,151,166,75,92,122,136,136,136],"floor_reached":16,"playtime":1411,"items_purged":["Regret"],"score":278,"play_id":"53795be0-a2b0-44a8-8238-ab17f5991664","local_time":"20190427205626","is_ascension_mode":true,"campfire_choices":[{"floor":15.0,"key":"REST"}],"neow_cost":"NONE","seed_source_timestamp":88193664009900,"circlet_count":0,"master_deck":["AscendersBane","Defend_G","Defend_G","Defend_G","Defend_G","Defend_G","Strike_G","Strike_G","Strike_G","Strike_G","Strike_G","Survivor","Neutralize","Finisher","Flying Knee","Deadly Poison","Well Laid Plans","Dagger Spray","Slice","Dash","Blur","PiercingWail","PiercingWail","Footwork","Dodge and Roll","Backflip","Bouncing Flask","Malaise"],"special_seed":0,"relics":["Ring of the Snake","NeowsBlessing","Bag of Marbles","PreservedInsect"],"potions_floor_usage":[16,16],"damage_taken":[{"damage":0.0,"enemies":"Jaw Worm","floor":1.0,"turns":1.0},{"damage":0.0,"enemies":"Cultist","floor":4.0,"turns":1.0},{"damage":0.0,"enemies":"Gremlin Nob","floor":6.0,"turns":1.0},{"damage":0.0,"enemies":"Small Slimes","floor":7.0,"turns":1.0},{"damage":0.0,"enemies":"Looter","floor":8.0,"turns":2.0},{"damage":0.0,"enemies":"3 Louse","floor":10.0,"turns":2.0},{"damage":0.0,"enemies":"2 Fungi Beasts","floor":12.0,"turns":4.0},{"damage":16.0,"enemies":"Lagavulin","floor":13.0,"turns":7.0},{"damage":4.0,"enemies":"Looter","floor":14.0,"turns":3.0},{"damage":64,"enemies":"Slime Boss","floor":16,"turns":12}],"seed_played":"-687909537694854204","potions_obtained":[{"floor":1.0,"key":"Fire Potion"},{"floor":13.0,"key":"Ancient Potion"},{"floor":14.0,"key":"Block Potion"}],"is_trial":false,"path_per_floor":["M","$","?","M","$","E","M","M","T","M","$","M","E","M","R","B"],"character_chosen":"THE_SILENT","items_purchased":["Flying Knee","Block Potion","Well Laid Plans","Dagger Spray","Slice","Footwork","Dodge and Roll"],"campfire_rested":1,"item_purchase_floors":[2,2,5,5,5,11,11],"current_hp_per_floor":[59,59,59,59,59,59,59,59,59,59,59,59,43,39,58,0],"gold":136,"neow_bonus":"THREE_ENEMY_KILL","is_prod":false,"is_daily":false,"chose_seed":false,"campfire_upgraded":0,"win_rate":0,"timestamp":1556423786,"path_taken":["M","$","?","M","$","E","M","M","T","M","$","?","E","M","R","BOSS"],"build_version":"2019-01-23","purchased_purges":1,"victory":false,"max_hp_per_floor":[66,66,66,66,66,66,66,66,66,66,66,66,66,66,66,66],"card_choices":[{"not_picked":["Slice","Catalyst"],"picked":"Finisher","floor":1.0},{"not_picked":["Eviscerate","Crippling Poison"],"picked":"Deadly Poison","floor":4.0},{"not_picked":["Dagger Throw","Setup"],"picked":"Dash","floor":6.0},{"not_picked":["Sucker Punch","Eviscerate"],"picked":"Blur","floor":7.0},{"not_picked":["Dagger Spray","Finisher"],"picked":"PiercingWail","floor":8.0},{"not_picked":["Dash","Bane"],"picked":"PiercingWail","floor":10.0},{"not_picked":["Quick Slash","Endless Agony"],"picked":"Backflip","floor":12.0},{"not_picked":["Heel Hook","Underhanded Strike"],"picked":"Bouncing Flask","floor":13.0},{"not_picked":["Flechettes","Sucker Punch"],"picked":"Malaise","floor":14.0}],"player_experience":1010968,"relics_obtained":[{"floor":6.0,"key":"Bag of Marbles"},{"floor":13.0,"key":"PreservedInsect"}],"event_choices":[{"damage_healed":0.0,"max_hp_gain":0.0,"max_hp_loss":0.0,"gold_gain":275.0,"event_name":"Golden Shrine","player_choice":"Desecrate","floor":3.0,"gold_loss":0.0,"damage_taken":0.0,"cards_obtained":["Regret"]}],"is_beta":false,"boss_relics":[],"items_purged_floors":[5],"is_endless":false,"potions_floor_spawned":[1,6,13,14],"killed_by":"Slime Boss","ascension_level":20}