{"gold_per_floor":[109,109,13,32,32,62,62,117,117,117,129,51,51,70,70,144,144,123,123,48,48,48,48,65,65,65,100,117,117],"floor_reached":29,"playtime":2349,"items_purged":[],"score":548,"play_id":"dbba83f0-5589-43a6-9414-1f3e4c55c48a","local_time":"20190512103213","is_ascension_mode":true,"campfire_choices":[{"data":"Dash","floor":7.0,"key":"SMITH"},{"data":"Poisoned Stab","floor":10.0,"key":"SMITH"},{"data":"Neutralize","floor":15.0,"key":"SMITH"},{"data":"Ghostly","floor":23,"key":"SMITH"}],"neow_cost":"NONE","seed_source_timestamp":714671874400,"circlet_count":0,"master_deck":["AscendersBane","Defend_G","Defend_G","Defend_G","Defend_G+1","Defend_G","Strike_G","Strike_G","Strike_G+1","Strike_G","Strike_G","Survivor","Neutralize+1","Poisoned Stab+1","Footwork","Dash+1","Dagger Throw","Distraction","Deadly Poison","Caltrops+1","Phantasmal Killer","Dagger Spray","Noxious Fumes+1","Ghostly","Ghostly","Ghostly+1","Malaise","Writhe","Regret","Calculated Gamble","Infinite Blades+1"],"special_seed":0,"relics":["Ring of the Snake","NeowsBlessing","Darkstone Periapt","Meat on the Bone","Tiny Chest","Frozen Egg 2","Lantern","Cursed Key","Enchiridion","Shuriken","Peace Pipe","Art of War"],"potions_floor_usage":[18,27,28],"damage_taken":[{"damage":0.0,"enemies":"2 Louse","floor":1.0,"turns":1.0},{"damage":0.0,"enemies":"Cultist","floor":4.0,"turns":1.0},{"damage":0.0,"enemies":"Lagavulin","floor":6.0,"turns":2.0},{"damage":3.0,"enemies":"Gremlin Nob","floor":8.0,"turns":3.0},{"damage":2.0,"enemies":"Jaw Worm","floor":11.0,"turns":3.0},{"damage":0.0,"enemies":"Blue Slaver","floor":14.0,"turns":4.0},{"damage":7.0,"enemies":"The Guardian","floor":16.0,"turns":10.0},{"damage":10,"enemies":"2 Thieves","floor":18,"turns":4},{"damage":8,"enemies":"Shell Parasite","floor":24,"turns":5},{"damage":28,"enemies":"Slavers","floor":27,"turns":5},{"damage":13,"enemies":"Centurion and Healer","floor":28,"turns":8},{"damage":27,"enemies":"Colosseum Slavers","floor":29,"turns":1}],"seed_played":"-6419081478320978265","potions_obtained":[{"floor":1.0,"key":"Swift Potion"},{"floor":6.0,"key":"PowerPotion"},{"floor":14.0,"key":"Dexterity Potion"},{"floor":16.0,"key":"Swift Potion"},{"floor":18,"key":"Explosive Potion"},{"floor":27,"key":"Swift Potion"},{"floor":28,"key":"Poison Potion"}],"is_trial":false,"path_per_floor":["M","?","$","M","?","E","R","E","T","R","M","$","T","M","R","B",null,"M","?","$","?","$","R","M","?","T","E","M","?"],"character_chosen":"THE_SILENT","items_purchased":["Footwork","AttackPotion","Caltrops+1","Noxious Fumes+1"],"campfire_rested":0,"item_purchase_floors":[3,3,12,20],"current_hp_per_floor":[59,59,59,59,39,39,39,36,36,36,34,34,34,34,34,39,59,49,28,28,28,28,28,20,26,32,16,15,0],"gold":117,"neow_bonus":"THREE_ENEMY_KILL","is_prod":false,"is_daily":false,"chose_seed":false,"campfire_upgraded":4,"win_rate":0,"timestamp":1557682333,"path_taken":["M","?","?","?","?","E","R","E","T","R","M","$","?","M","R","BOSS","M","?","$","?","$","R","M","?","T","E","M","?"],"build_version":"2019-01-23","purchased_purges":0,"victory":false,"max_hp_per_floor":[66,66,66,66,66,66,66,66,66,66,66,66,66,66,66,66,66,66,66,66,33,33,33,33,39,45,45,45,45],"card_choices":[{"not_picked":["Reflex","Slice"],"picked":"Poisoned Stab","floor":1.0},{"not_picked":["Masterful Stab","Well Laid Plans"],"picked":"Dash","floor":4.0},{"not_picked":["Envenom","Escape Plan"],"picked":"Dagger Throw","floor":6.0},{"not_picked":["Choke","Phantasmal Killer"],"picked":"Distraction","floor":8.0},{"not_picked":["Expertise","Setup"],"picked":"Deadly Poison","floor":11.0},{"not_picked":["Dagger Throw","Slice","Poisoned Stab"],"picked":"SKIP","floor":14.0},{"not_picked":["Unload","Grand Finale"],"picked":"Phantasmal Killer","floor":16.0},{"not_picked":["Finisher","Calculated Gamble"],"picked":"Dagger Spray","floor":18},{"not_picked":["Quick Slash","Deadly Poison"],"picked":"Malaise","floor":24},{"not_picked":["Underhanded Strike","Terror"],"picked":"Calculated Gamble","floor":27},{"not_picked":["Bane","Skewer"],"picked":"Infinite Blades+1","floor":28}],"player_experience":1276338,"relics_obtained":[{"floor":6.0,"key":"Meat on the Bone"},{"floor":8.0,"key":"Tiny Chest"},{"floor":9.0,"key":"Frozen Egg 2"},{"floor":13.0,"key":"Lantern"},{"floor":19,"key":"Enchiridion"},{"floor":26,"key":"Peace Pipe"},{"floor":27,"key":"Art of War"}],"event_choices":[{"damage_healed":0.0,"max_hp_gain":0.0,"max_hp_loss":0.0,"gold_gain":0.0,"event_name":"WeMeetAgain","player_choice":"Gave Potion","floor":2.0,"gold_loss":0.0,"damage_taken":0.0,"relics_obtained":["Darkstone Periapt"]},{"damage_healed":0.0,"max_hp_gain":0.0,"max_hp_loss":0.0,"gold_gain":0.0,"event_name":"Shining Light","player_choice":"Entered Light","floor":5.0,"gold_loss":0.0,"damage_taken":20.0,"cards_upgraded":["Strike_G","Defend_G"]},{"damage_healed":0,"gold_gain":0,"player_choice":"Obtained Book","damage_taken":21,"max_hp_gain":0,"max_hp_loss":0,"event_name":"Cursed Tome","floor":19,"gold_loss":0},{"damage_healed":0,"gold_gain":0,"player_choice":"Became a Ghost","damage_taken":0,"max_hp_gain":0,"max_hp_loss":33,"event_name":"Ghosts","floor":21,"gold_loss":0,"cards_obtained":["Ghostly","Ghostly","Ghostly"]},{"damage_healed":0,"gold_gain":0,"player_choice":"Opened","damage_taken":0,"relics_obtained":["Shuriken"],"max_hp_gain":0,"max_hp_loss":0,"event_name":"The Mausoleum","floor":25,"gold_loss":0,"cards_obtained":["Writhe"]},{"damage_healed":0,"gold_gain":0,"player_choice":"Fight","damage_taken":0,"max_hp_gain":0,"max_hp_loss":0,"event_name":"Colosseum","floor":29,"gold_loss":0}],"is_beta":false,"boss_relics":[{"not_picked":["Orrery","Eternal Feather"],"picked":"Cursed Key"}],"items_purged_floors":[],"is_endless":false,"potions_floor_spawned":[1,6,14,16,18,27,28],"killed_by":"Colosseum Slavers","ascension_level":20}