{"gold_per_floor":[116,116,126,141,158,158,186,186,236,272,232],"floor_reached":11,"playtime":817,"items_purged":[],"score":166,"play_id":"84435294-6e9a-49f6-aebc-6e6cf59c038e","local_time":"20190517225717","is_ascension_mode":true,"campfire_choices":[{"data":"Neutralize","floor":6.0,"key":"SMITH"}],"neow_cost":"NONE","seed_source_timestamp":101484387521200,"circlet_count":0,"master_deck":["AscendersBane","Defend_G","Defend_G","Defend_G","Defend_G","Defend_G","Strike_G","Strike_G","Strike_G","Strike_G","Strike_G","Survivor","Neutralize+1","Skewer+1","Dodge and Roll","Poisoned Stab","Deadly Poison","Crippling Poison","Footwork"],"special_seed":0,"relics":["Ring of the Snake","Question Card","Golden Idol","Lantern","Regal Pillow"],"potions_floor_usage":[],"damage_taken":[{"damage":4.0,"enemies":"Small Slimes","floor":1.0,"turns":7.0},{"damage":0.0,"enemies":"Cultist","floor":3.0,"turns":4.0},{"damage":0.0,"enemies":"2 Louse","floor":4.0,"turns":2.0},{"damage":5.0,"enemies":"2 Fungi Beasts","floor":5.0,"turns":4.0},{"damage":23.0,"enemies":"Gremlin Nob","floor":7.0,"turns":4.0},{"damage":32,"enemies":"3 Sentries","floor":10,"turns":11},{"damage":2,"enemies":"Looter","floor":11,"turns":2}],"seed_played":"2347949694002374277","potions_obtained":[{"floor":1.0,"key":"Weak Potion"},{"floor":3.0,"key":"Poison Potion"}],"is_trial":false,"path_per_floor":["M","?","M","M","M","R","E","?","T","E","M"],"character_chosen":"THE_SILENT","items_purchased":[],"campfire_rested":0,"item_purchase_floors":[],"current_hp_per_floor":[61,61,61,61,56,56,33,33,33,1,0],"gold":232,"neow_bonus":"TEN_PERCENT_HP_BONUS","is_prod":false,"is_daily":false,"chose_seed":false,"campfire_upgraded":1,"win_rate":0,"timestamp":1558159037,"path_taken":["M","?","M","?","M","R","E","?","T","E","M"],"build_version":"2019-01-23","purchased_purges":0,"victory":false,"max_hp_per_floor":[72,72,72,72,72,72,72,65,65,65,65],"card_choices":[{"not_picked":["Footwork","Deflect"],"picked":"Skewer","floor":1.0},{"not_picked":["Escape Plan","Flechettes"],"picked":"Dodge and Roll","floor":3.0},{"not_picked":["Heel Hook","Accuracy"],"picked":"Poisoned Stab","floor":4.0},{"not_picked":["Distraction","Quick Slash"],"picked":"Deadly Poison","floor":5.0},{"not_picked":["A Thousand Cuts","Bouncing Flask"],"picked":"Crippling Poison","floor":7.0},{"not_picked":["Flying Knee","Cloak And Dagger","Prepared"],"picked":"Footwork","floor":10}],"player_experience":1364165,"relics_obtained":[{"floor":7.0,"key":"Question Card"},{"floor":9.0,"key":"Lantern"},{"floor":10,"key":"Regal Pillow"}],"event_choices":[{"damage_healed":0.0,"max_hp_gain":0.0,"max_hp_loss":0.0,"gold_gain":0.0,"event_name":"Upgrade Shrine","player_choice":"Upgraded","floor":2.0,"gold_loss":0.0,"damage_taken":0.0,"cards_upgraded":["Skewer"]},{"damage_healed":0.0,"max_hp_gain":0.0,"max_hp_loss":7.0,"gold_gain":0.0,"event_name":"Golden Idol","player_choice":"Lose Max HP","floor":8.0,"gold_loss":0.0,"damage_taken":0.0,"relics_obtained":["Golden Idol"]}],"is_beta":false,"boss_relics":[],"items_purged_floors":[],"is_endless":false,"potions_floor_spawned":[1,3,4],"killed_by":"Looter","ascension_level":20}