{"gold_per_floor":[118,137,137,151,162,162,194,194,194,194,227,41,53,53,53,129,129,149,199,5,17,17,17],"floor_reached":23,"playtime":2669,"items_purged":[],"score":398,"play_id":"46af20ea-dd67-499b-abba-3e25ebda88d7","local_time":"20190512135652","is_ascension_mode":true,"campfire_choices":[{"data":"Noxious Fumes","floor":6.0,"key":"SMITH"},{"floor":8.0,"key":"REST"},{"floor":10.0,"key":"REST"},{"data":"Leg Sweep","floor":15.0,"key":"SMITH"}],"neow_cost":"NONE","seed_source_timestamp":10427406993600,"circlet_count":0,"master_deck":["AscendersBane","Defend_G+1","Defend_G","Defend_G+1","Defend_G","Defend_G","Strike_G","Strike_G","Strike_G","Strike_G","Strike_G","Survivor","Neutralize","Slice","Dagger Throw","Bullet Time","Noxious Fumes+1","Leg Sweep+1","Slice","Dagger Throw","Concentrate","Terror","Venomology","Prepared","Tactician"],"special_seed":0,"relics":["Ring of the Snake","Happy Flower","Incense Burner","Ginger","Tingsha","Shuriken","Busted Crown","War Paint","Nilry\u0027s Codex"],"potions_floor_usage":[23,23,23],"damage_taken":[{"damage":0.0,"enemies":"2 Louse","floor":1.0,"turns":3.0},{"damage":9.0,"enemies":"Jaw Worm","floor":2.0,"turns":5.0},{"damage":1.0,"enemies":"Cultist","floor":4.0,"turns":3.0},{"damage":3.0,"enemies":"3 Louse","floor":5.0,"turns":3.0},{"damage":30.0,"enemies":"Gremlin Nob","floor":7.0,"turns":4.0},{"damage":22.0,"enemies":"3 Sentries","floor":11.0,"turns":7.0},{"damage":0.0,"enemies":"2 Fungi Beasts","floor":13.0,"turns":2.0},{"damage":12.0,"enemies":"The Guardian","floor":16.0,"turns":12.0},{"damage":7.0,"enemies":"Shell Parasite","floor":18.0,"turns":6.0},{"damage":1.0,"enemies":"3 Byrds","floor":21.0,"turns":5.0},{"damage":34,"enemies":"Gremlin Leader","floor":23,"turns":5}],"seed_played":"5175513544833428509","potions_obtained":[{"floor":2.0,"key":"Strength Potion"},{"floor":11.0,"key":"AttackPotion"},{"floor":16.0,"key":"Fire Potion"},{"floor":18.0,"key":"Strength Potion"},{"floor":21.0,"key":"PowerPotion"}],"is_trial":false,"path_per_floor":["M","M","?","M","M","R","E","R","T","R","E","$","M","?","R","B",null,"M","?","$","M","?","E"],"character_chosen":"THE_SILENT","items_purchased":["Dagger Throw","Concentrate","SkillPotion","War Paint","Prepared"],"campfire_rested":2,"item_purchase_floors":[12,12,12,20,20],"current_hp_per_floor":[59,50,45,44,41,41,11,30,30,49,27,27,27,49,49,37,59,52,52,52,51,30,0],"gold":17,"neow_bonus":"RANDOM_COMMON_RELIC","is_prod":false,"is_daily":false,"chose_seed":false,"campfire_upgraded":2,"win_rate":0,"timestamp":1557694612,"path_taken":["M","M","?","M","M","R","E","R","T","R","E","$","M","?","R","BOSS","M","?","$","?","?","E"],"build_version":"2019-01-23","purchased_purges":0,"victory":false,"max_hp_per_floor":[66,66,66,66,66,66,66,66,66,66,66,66,66,66,66,66,66,66,66,66,66,66,66],"card_choices":[{"not_picked":["Deflect","Prepared"],"picked":"Slice","floor":1.0},{"not_picked":["Deflect","Backflip"],"picked":"Dagger Throw","floor":2.0},{"not_picked":["Outmaneuver","Dodge and Roll"],"picked":"Bullet Time","floor":4.0},{"not_picked":["Dagger Spray","Backstab"],"picked":"Noxious Fumes","floor":5.0},{"not_picked":["Well Laid Plans","Flying Knee"],"picked":"Leg Sweep","floor":7.0},{"not_picked":["Skewer","Infinite Blades"],"picked":"Slice","floor":11.0},{"not_picked":["Dagger Spray","Flying Knee"],"picked":"Terror","floor":13.0},{"not_picked":["Glass Knife","A Thousand Cuts"],"picked":"Venomology","floor":16.0},{"not_picked":["Outmaneuver"],"picked":"SKIP","floor":18.0},{"not_picked":[],"picked":"Tactician","floor":21.0}],"player_experience":1284177,"relics_obtained":[{"floor":7.0,"key":"Ginger"},{"floor":9.0,"key":"Tingsha"},{"floor":11.0,"key":"Shuriken"},{"floor":22.0,"key":"Nilry\u0027s Codex"}],"event_choices":[{"damage_healed":0.0,"max_hp_gain":0.0,"max_hp_loss":0.0,"gold_gain":0.0,"event_name":"Scrap Ooze","player_choice":"Success","floor":3.0,"gold_loss":0.0,"damage_taken":5.0,"relics_obtained":["Incense Burner"]},{"damage_healed":22.0,"max_hp_gain":0.0,"max_hp_loss":0.0,"gold_gain":0.0,"event_name":"Big Fish","player_choice":"Banana","floor":14.0,"gold_loss":0.0,"damage_taken":0.0},{"damage_healed":0.0,"max_hp_gain":0.0,"max_hp_loss":0.0,"gold_gain":100.0,"event_name":"The Joust","player_choice":"Bet on Murderer","floor":19.0,"gold_loss":50.0,"damage_taken":0.0},{"damage_healed":0.0,"max_hp_gain":0.0,"max_hp_loss":0.0,"gold_gain":0.0,"event_name":"Cursed Tome","player_choice":"Obtained Book","floor":22.0,"gold_loss":0.0,"damage_taken":21.0}],"is_beta":false,"boss_relics":[{"not_picked":["Ectoplasm","Lizard Tail"],"picked":"Busted Crown"}],"items_purged_floors":[],"is_endless":false,"potions_floor_spawned":[2,11,16,18,21],"killed_by":"Gremlin Leader","ascension_level":20}