{"gold_per_floor":[117,117,17,32,48,73,73,73,73,73,102,121,140,140,140,215,215,228,238,21,38,0,0,29,29,98,98,110,110,139,139],"floor_reached":31,"playtime":3607,"items_purged":["Strike_G"],"score":566,"play_id":"d5b4270e-0162-4d4b-9fa4-e6b8e865c759","local_time":"20190504232208","is_ascension_mode":true,"campfire_choices":[{"floor":8,"key":"REST"},{"data":"Neutralize","floor":10,"key":"SMITH"},{"floor":15,"key":"REST"},{"data":"Noxious Fumes","floor":23,"key":"SMITH"},{"data":"Expertise","floor":27,"key":"SMITH"}],"neow_cost":"NONE","seed_source_timestamp":42911198966700,"circlet_count":0,"master_deck":["AscendersBane","Defend_G","Defend_G","Defend_G","Defend_G","Defend_G","Strike_G","Strike_G","Strike_G+1","Survivor","Neutralize+1","Choke+1","Flying Knee","Blade Dance","PiercingWail","Caltrops","Distraction","Skewer","Noxious Fumes+1","Dagger Spray","Bullet Time","PiercingWail","Underhanded Strike+1","Dodge and Roll","Expertise+1","PiercingWail","Burst"],"relics":["Ring of the Snake","NeowsBlessing","StoneCalendar","Gambling Chip","Happy Flower","Snecko Eye","PreservedInsect","Juzu Bracelet","GremlinMask","Bottled Lightning","Whetstone"],"potions_floor_usage":[6,6,12,18,24,28,28],"damage_taken":[{"damage":0,"enemies":"Small Slimes","floor":1,"turns":1},{"damage":0,"enemies":"Cultist","floor":4,"turns":1},{"damage":0,"enemies":"2 Louse","floor":5,"turns":1},{"damage":37,"enemies":"Gremlin Nob","floor":6,"turns":5},{"damage":10,"enemies":"Lagavulin","floor":11,"turns":5},{"damage":2,"enemies":"Lots of Slimes","floor":12,"turns":4},{"damage":1,"enemies":"Blue Slaver","floor":13,"turns":3},{"damage":23,"enemies":"Hexaghost","floor":16,"turns":9},{"damage":0,"enemies":"Spheric Guardian","floor":18,"turns":2},{"damage":11,"enemies":"3 Byrds","floor":19,"turns":3},{"damage":0,"enemies":"Snake Plant","floor":21,"turns":3},{"damage":4,"enemies":"Gremlin Leader","floor":24,"turns":4},{"damage":18,"enemies":"Centurion and Healer","floor":28,"turns":7},{"damage":18,"enemies":"Book of Stabbing","floor":30,"turns":4},{"damage":9,"enemies":"3 Cultists","floor":31,"turns":4}],"seed_played":"-4687460664554716291","potions_obtained":[{"floor":1,"key":"Dexterity Potion"},{"floor":5,"key":"Weak Potion"},{"floor":6,"key":"Energy Potion"},{"floor":16,"key":"Fire Potion"},{"floor":18,"key":"Poison Potion"},{"floor":24,"key":"Energy Potion"}],"is_trial":false,"path_per_floor":["M","?","$","M","M","E","?","R","T","R","E","M","M","?","R","B",null,"M","M","$","M","?","R","E","?","T","R","M","?","E","M"],"character_chosen":"THE_SILENT","items_purchased":["Flying Knee","PreservedInsect","SpeedPotion"],"campfire_rested":2,"item_purchase_floors":[3,20,20],"current_hp_per_floor":[59,59,59,59,59,22,22,41,41,41,31,29,28,28,47,24,56,56,45,45,45,45,45,41,41,41,41,23,23,5,0],"gold":139,"neow_bonus":"THREE_ENEMY_KILL","is_prod":false,"is_daily":false,"chose_seed":false,"campfire_upgraded":3,"win_rate":0,"timestamp":1557037328,"path_taken":["M","?","?","M","?","E","?","R","T","R","E","?","M","?","R","BOSS","M","M","$","M","?","R","E","?","T","R","M","?","E","M"],"build_version":"2019-01-23","purchased_purges":1,"victory":false,"max_hp_per_floor":[66,66,66,66,66,66,66,66,66,66,66,66,66,66,66,66,66,66,66,66,66,66,66,66,66,66,66,66,66,66,66],"card_choices":[{"not_picked":["Bane","Deflect"],"picked":"Choke","floor":1},{"not_picked":["Blur","PiercingWail"],"picked":"Blade Dance","floor":4},{"not_picked":["Caltrops","Poisoned Stab"],"picked":"PiercingWail","floor":5},{"not_picked":["Envenom","Tactician"],"picked":"Caltrops","floor":6},{"not_picked":["Deflect","Dagger Spray"],"picked":"Skewer","floor":11},{"not_picked":["Deadly Poison","Bane"],"picked":"Noxious Fumes","floor":12},{"not_picked":["Deadly Poison","Deflect"],"picked":"Dagger Spray","floor":13},{"not_picked":["Wraith Form v2","A Thousand Cuts"],"picked":"Bullet Time","floor":16},{"not_picked":["Slice+1","Deadly Poison"],"picked":"PiercingWail","floor":18},{"not_picked":["Cloak And Dagger","Distraction"],"picked":"Underhanded Strike","floor":19},{"not_picked":["Deadly Poison","Poisoned Stab"],"picked":"Dodge and Roll","floor":21},{"not_picked":["Adrenaline","Sucker Punch"],"picked":"Expertise","floor":24},{"not_picked":["Prepared","Noxious Fumes"],"picked":"PiercingWail","floor":28},{"not_picked":["Blur","Catalyst"],"picked":"Burst","floor":30}],"player_experience":1147745,"relics_obtained":[{"floor":6,"key":"StoneCalendar"},{"floor":9,"key":"Gambling Chip"},{"floor":11,"key":"Happy Flower"},{"floor":24,"key":"Juzu Bracelet"},{"floor":26,"key":"Bottled Lightning"},{"floor":30,"key":"Whetstone"}],"event_choices":[{"damage_healed":0,"gold_gain":0,"player_choice":"Forge","damage_taken":0,"max_hp_gain":0,"max_hp_loss":0,"event_name":"Accursed Blacksmith","floor":2,"gold_loss":0,"cards_upgraded":["Choke"]},{"damage_healed":0,"gold_gain":0,"cards_transformed":["Strike_G"],"player_choice":"Transformed","damage_taken":0,"max_hp_gain":0,"max_hp_loss":0,"event_name":"Transmorgrifier","floor":7,"gold_loss":0,"cards_obtained":["Distraction"]},{"damage_healed":0,"gold_gain":0,"player_choice":"Fled","damage_taken":0,"max_hp_gain":0,"max_hp_loss":0,"event_name":"Scrap Ooze","floor":14,"gold_loss":0},{"damage_healed":0,"gold_gain":0,"player_choice":"Paid Fearfully","damage_taken":0,"max_hp_gain":0,"max_hp_loss":0,"event_name":"Masked Bandits","floor":22,"gold_loss":38},{"damage_healed":0,"gold_gain":0,"player_choice":"Trade","damage_taken":0,"relics_obtained":["GremlinMask"],"max_hp_gain":0,"max_hp_loss":0,"event_name":"FaceTrader","floor":25,"gold_loss":0},{"damage_healed":0,"gold_gain":0,"player_choice":"Ignored","damage_taken":0,"max_hp_gain":0,"max_hp_loss":0,"event_name":"Cursed Tome","floor":29,"gold_loss":0}],"is_beta":false,"boss_relics":[{"not_picked":["Runic Dome","Velvet Choker"],"picked":"Snecko Eye"}],"items_purged_floors":[3],"is_endless":false,"potions_floor_spawned":[1,5,6,16,18,24],"killed_by":"3 Cultists","ascension_level":20}