{"gold_per_floor":[113,129,139,155,174,174,201,201,201,201,229,247,117,148,148,223,223,237,237,53,73,85,85,143,154,154,189,189,189],"floor_reached":29,"playtime":1121,"items_purged":["Strike_G","Strike_G"],"score":570,"play_id":"2f3e9536-cd7c-44d1-a720-eec06df9375e","local_time":"20190430190612","is_ascension_mode":true,"campfire_choices":[{"data":"Finisher","floor":6,"key":"SMITH"},{"floor":8,"key":"REST"},{"floor":10,"key":"REST"},{"floor":15,"key":"REST"},{"data":"Noxious Fumes","floor":23,"key":"SMITH"}],"neow_cost":"NONE","seed_source_timestamp":1368251908882887,"circlet_count":0,"master_deck":["AscendersBane","Defend_G","Defend_G","Defend_G","Defend_G","Defend_G","Strike_G","Strike_G","Strike_G","Survivor","Neutralize","Finisher+1","Flying Knee","Deadly Poison","Infinite Blades","Deflect","Backflip","Cloak And Dagger","Cloak And Dagger","Blur","Flying Knee","Noxious Fumes+1","Dash","Slice+1","Cloak And Dagger"],"relics":["Ring of the Snake","Pear","Vajra","Orichalcum","Ornamental Fan","Busted Crown","Tiny Chest","Question Card","Frozen Egg 2","Smiling Mask"],"potions_floor_usage":[7,7,14,18,22,24,24,27],"damage_taken":[{"damage":14,"enemies":"Cultist","floor":1,"turns":6},{"damage":7,"enemies":"Jaw Worm","floor":2,"turns":5},{"damage":5,"enemies":"Small Slimes","floor":3,"turns":4},{"damage":1,"enemies":"Blue Slaver","floor":4,"turns":4},{"damage":0,"enemies":"Looter","floor":5,"turns":4},{"damage":25,"enemies":"Lagavulin","floor":7,"turns":6},{"damage":32,"enemies":"3 Sentries","floor":11,"turns":7},{"damage":0,"enemies":"Red Slaver","floor":12,"turns":2},{"damage":14,"enemies":"Lagavulin","floor":14,"turns":5},{"damage":25,"enemies":"The Guardian","floor":16,"turns":16},{"damage":6,"enemies":"Chosen","floor":18,"turns":5},{"damage":13,"enemies":"Shell Parasite","floor":21,"turns":6},{"damage":1,"enemies":"3 Cultists","floor":22,"turns":6},{"damage":5,"enemies":"Slavers","floor":24,"turns":5},{"damage":0,"enemies":"Centurion and Healer","floor":25,"turns":6},{"damage":20,"enemies":"Gremlin Leader","floor":27,"turns":9},{"damage":24,"enemies":"Snecko","floor":29,"turns":3}],"seed_played":"-7551394991990892897","potions_obtained":[{"floor":4,"key":"EssenceOfSteel"},{"floor":5,"key":"Energy Potion"},{"floor":7,"key":"Explosive Potion"},{"floor":16,"key":"FearPotion"},{"floor":21,"key":"Swift Potion"},{"floor":22,"key":"SkillPotion"},{"floor":25,"key":"Swift Potion"}],"is_trial":false,"path_per_floor":["M","M","M","M","M","R","E","R","T","R","E","M","$","E","R","B",null,"M","?","$","M","M","R","E","M","T","E","T","M"],"character_chosen":"THE_SILENT","items_purchased":["Strength Potion","Dash"],"campfire_rested":3,"item_purchase_floors":[13,20],"current_hp_per_floor":[45,38,33,32,32,32,17,39,39,61,29,29,29,15,37,12,60,54,54,54,41,40,40,35,35,35,15,15,0],"gold":189,"neow_bonus":"THREE_CARDS","is_prod":false,"is_daily":false,"chose_seed":false,"campfire_upgraded":2,"win_rate":0,"timestamp":1556661972,"path_taken":["M","?","M","M","M","R","E","R","T","R","E","M","$","E","R","BOSS","M","?","$","M","M","R","E","?","T","E","?","M"],"build_version":"2019-01-23","purchased_purges":2,"victory":false,"max_hp_per_floor":[66,66,66,66,66,66,76,76,76,76,76,76,76,76,76,76,76,76,76,76,76,76,76,76,76,76,76,76,76],"card_choices":[{"not_picked":["Dodge and Roll","Heel Hook"],"picked":"Finisher","floor":0},{"not_picked":["Backflip","Outmaneuver"],"picked":"Flying Knee","floor":1},{"not_picked":["Sucker Punch","Prepared","Outmaneuver"],"picked":"SKIP","floor":2},{"not_picked":["Calculated Gamble","Underhanded Strike"],"picked":"Deadly Poison","floor":3},{"not_picked":["Calculated Gamble","Underhanded Strike"],"picked":"Infinite Blades","floor":4},{"not_picked":["Quick Slash","Flying Knee"],"picked":"Deflect","floor":5},{"not_picked":["Riddle With Holes","Flechettes"],"picked":"Backflip","floor":7},{"not_picked":["Prepared","Burst"],"picked":"Cloak And Dagger","floor":11},{"not_picked":["Quick Slash","Underhanded Strike"],"picked":"Cloak And Dagger","floor":12},{"not_picked":["Bane","Unload"],"picked":"Blur","floor":14},{"not_picked":["Dagger Throw"],"picked":"SKIP","floor":18},{"not_picked":["Concentrate"],"picked":"SKIP","floor":21},{"not_picked":[],"picked":"Slice+1","floor":22},{"not_picked":[],"picked":"Cloak And Dagger","floor":24},{"not_picked":["Distraction"],"picked":"SKIP","floor":25},{"not_picked":["Riddle With Holes","Underhanded Strike"],"picked":"SKIP","floor":27}],"player_experience":2237489,"relics_obtained":[{"floor":7,"key":"Pear"},{"floor":9,"key":"Vajra"},{"floor":11,"key":"Orichalcum"},{"floor":14,"key":"Ornamental Fan"},{"floor":24,"key":"Tiny Chest"},{"floor":26,"key":"Question Card"},{"floor":27,"key":"Frozen Egg 2"},{"floor":28,"key":"Smiling Mask"}],"event_choices":[{"damage_healed":0,"gold_gain":0,"player_choice":"2 cards matched","damage_taken":0,"max_hp_gain":0,"max_hp_loss":0,"event_name":"Match and Keep!","floor":19,"gold_loss":0,"cards_obtained":["Flying Knee","Noxious Fumes"]}],"is_beta":false,"boss_relics":[{"not_picked":["Ring of the Serpent","Black Star"],"picked":"Busted Crown"}],"items_purged_floors":[13,20],"is_endless":false,"potions_floor_spawned":[4,5,7,16,21,22,25],"killed_by":"Snecko","ascension_level":20}