{"gold_per_floor":[118,129,146,31,49,49,75,75,75,110,110,110,127,127,127,206,206,217,492,503,65,65,65,82,82,108,108,108],"floor_reached":28,"playtime":746,"items_purged":["Pain","Strike_R"],"score":452,"play_id":"ca022a63-7dc5-4729-81b3-34fc8ab7b3d6","local_time":"20190405180012","is_ascension_mode":true,"campfire_choices":[{"data":"Limit Break","floor":6.0,"key":"SMITH"},{"data":"True Grit","floor":8.0,"key":"SMITH"},{"data":"Inflame","floor":12.0,"key":"SMITH"},{"data":"Bash","floor":15.0,"key":"SMITH"},{"data":"Armaments","floor":23.0,"key":"SMITH"},{"floor":27.0,"key":"REST"}],"neow_cost":"CURSE","seed_source_timestamp":1031686854205638,"circlet_count":0,"master_deck":["AscendersBane","Strike_R","Strike_R","Strike_R","Strike_R","Defend_R","Defend_R","Defend_R","Defend_R","Bash+1","Limit Break+1","Anger","True Grit+1","Flame Barrier","Inflame+1","Shrug It Off","Feel No Pain+1","Barricade+1","Combust+1","Reaper","Armaments+1","Rupture+1","Shrug It Off","Corruption+1","Decay"],"special_seed":0,"relics":["Burning Blood","Frozen Egg 2","Mummified Hand","Omamori","Bottled Tornado","Ornamental Fan","Sozu","Kunai","Vajra"],"potions_floor_usage":[],"damage_taken":[{"damage":9.0,"enemies":"Cultist","floor":1.0,"turns":4.0},{"damage":14.0,"enemies":"Jaw Worm","floor":2.0,"turns":3.0},{"damage":16.0,"enemies":"2 Louse","floor":3.0,"turns":3.0},{"damage":14.0,"enemies":"Blue Slaver","floor":5.0,"turns":4.0},{"damage":20.0,"enemies":"Lagavulin","floor":7.0,"turns":7.0},{"damage":4.0,"enemies":"3 Sentries","floor":10.0,"turns":10.0},{"damage":11.0,"enemies":"Exordium Wildlife","floor":13.0,"turns":4.0},{"damage":32.0,"enemies":"Slime Boss","floor":16.0,"turns":6.0},{"damage":20.0,"enemies":"Spheric Guardian","floor":18.0,"turns":5.0},{"damage":31.0,"enemies":"3 Byrds","floor":20.0,"turns":4.0},{"damage":20.0,"enemies":"Cultist and Chosen","floor":24.0,"turns":8.0},{"damage":74,"enemies":"Gremlin Leader","floor":28,"turns":5}],"seed_played":"402080320026092204","potions_obtained":[{"floor":2.0,"key":"Regen Potion"},{"floor":10.0,"key":"Block Potion"},{"floor":13.0,"key":"Fire Potion"}],"is_trial":false,"path_per_floor":["M","M","M","$","M","R","E","R","T","E","T","R","M","?","R","B",null,"M","?","M","$","?","R","M","?","T","R","E"],"character_chosen":"IRONCLAD","items_purchased":["Inflame","Kunai","Shrug It Off"],"campfire_rested":1,"item_purchase_floors":[4,21,21],"current_hp_per_floor":[65,57,47,47,39,39,40,40,40,42,42,42,37,37,37,11,59,55,55,30,30,30,30,26,26,26,48,0],"gold":108,"neow_bonus":"THREE_RARE_CARDS","is_prod":false,"is_daily":false,"chose_seed":false,"campfire_upgraded":5,"win_rate":0,"timestamp":1554498012,"path_taken":["M","?","M","$","?","R","E","R","T","E","?","R","M","?","R","BOSS","M","?","?","$","?","R","M","?","T","R","E"],"build_version":"2019-01-23","purchased_purges":2,"victory":false,"max_hp_per_floor":[75,75,75,75,75,75,75,75,75,75,75,75,75,75,75,75,75,75,75,75,75,75,75,75,75,75,75,75],"card_choices":[{"not_picked":["Brutality","Barricade"],"picked":"Limit Break","floor":0.0},{"not_picked":["Perfected Strike","Bloodletting"],"picked":"Anger","floor":1.0},{"not_picked":["Rupture","Searing Blow"],"picked":"True Grit","floor":2.0},{"not_picked":["Sword Boomerang","Body Slam"],"picked":"Flame Barrier","floor":3.0},{"not_picked":["Heavy Blade","Dual Wield"],"picked":"Shrug It Off","floor":5.0},{"not_picked":["Pommel Strike","Exhume"],"picked":"Feel No Pain","floor":7.0},{"not_picked":["Armaments","Anger"],"picked":"Barricade+1","floor":10.0},{"not_picked":["Rage","Flex"],"picked":"Combust+1","floor":13.0},{"not_picked":["Offering","Bludgeon"],"picked":"Reaper","floor":16.0},{"not_picked":["Fire Breathing+1","Reckless Charge"],"picked":"Armaments","floor":18.0},{"not_picked":["Infernal Blade+1","Clothesline"],"picked":"Rupture+1","floor":20.0},{"not_picked":["Headbutt","Body Slam"],"picked":"Corruption+1","floor":24.0}],"player_experience":2011588,"relics_obtained":[{"floor":7.0,"key":"Frozen Egg 2"},{"floor":9.0,"key":"Mummified Hand"},{"floor":10.0,"key":"Omamori"},{"floor":11.0,"key":"Bottled Tornado"},{"floor":26.0,"key":"Vajra"}],"event_choices":[{"damage_healed":0.0,"max_hp_gain":0.0,"max_hp_loss":0.0,"gold_gain":0.0,"event_name":"Big Fish","player_choice":"Box","floor":14.0,"gold_loss":0.0,"damage_taken":0.0,"relics_obtained":["Ornamental Fan"],"cards_obtained":["Regret"]},{"damage_healed":0.0,"max_hp_gain":0.0,"max_hp_loss":0.0,"gold_gain":275.0,"event_name":"Golden Shrine","player_choice":"Desecrate","floor":19.0,"gold_loss":0.0,"damage_taken":0.0,"cards_obtained":["Regret"]},{"damage_healed":0.0,"max_hp_gain":0.0,"max_hp_loss":0.0,"gold_gain":0.0,"event_name":"Ghosts","player_choice":"Ignored","floor":22.0,"gold_loss":0.0,"damage_taken":0.0},{"damage_healed":0.0,"max_hp_gain":0.0,"max_hp_loss":0.0,"gold_gain":0.0,"event_name":"Forgotten Altar","player_choice":"Smashed Altar","floor":25.0,"gold_loss":0.0,"damage_taken":0.0,"cards_obtained":["Decay"]}],"is_beta":false,"boss_relics":[{"not_picked":["Runic Cube","Calling Bell"],"picked":"Sozu"}],"items_purged_floors":[4,21],"is_endless":false,"potions_floor_spawned":[2,10,13,24],"killed_by":"Gremlin Leader","ascension_level":20}