{"gold_per_floor":[210,175,187,187,187,187,219,230,253,70,70,89,119,43,43,117,117,132,132,132,108,13,13],"floor_reached":23,"playtime":11110,"items_purged":["Strike_G"],"score":394,"play_id":"9feed2da-f072-492e-b717-9ae23804c292","local_time":"20190517211854","is_ascension_mode":true,"campfire_choices":[{"data":"Neutralize","floor":6,"key":"SMITH"},{"floor":11,"key":"REST"},{"floor":15,"key":"REST"}],"neow_cost":"NONE","seed_source_timestamp":85330992490500,"circlet_count":0,"master_deck":["AscendersBane","Defend_G","Defend_G+1","Defend_G","Defend_G","Defend_G","Strike_G","Strike_G","Strike_G","Survivor+1","Neutralize+1","Bouncing Flask","Well Laid Plans","Dash","Dagger Spray","Flying Knee","Setup","Footwork","Bullet Time","Dodge and Roll","Decay","Tactician","Prepared","Skewer"],"relics":["Ring of the Snake","Regal Pillow","War Paint","Pen Nib","Runic Pyramid"],"potions_floor_usage":[3,7,13,13,23],"damage_taken":[{"damage":6,"enemies":"Jaw Worm","floor":1,"turns":8},{"damage":3,"enemies":"Small Slimes","floor":3,"turns":5},{"damage":33,"enemies":"3 Sentries","floor":7,"turns":15},{"damage":0,"enemies":"Cultist","floor":8,"turns":3},{"damage":8,"enemies":"Blue Slaver","floor":12,"turns":4},{"damage":14,"enemies":"Gremlin Nob","floor":13,"turns":3},{"damage":38,"enemies":"The Guardian","floor":16,"turns":12},{"damage":3,"enemies":"Spheric Guardian","floor":18,"turns":7},{"damage":18,"enemies":"2 Thieves","floor":21,"turns":4},{"damage":48,"enemies":"Gremlin Leader","floor":23,"turns":8}],"seed_played":"3045158881127144361","potions_obtained":[{"floor":1,"key":"EssenceOfSteel"},{"floor":3,"key":"Fire Potion"},{"floor":12,"key":"PowerPotion"},{"floor":21,"key":"AttackPotion"}],"is_trial":false,"path_per_floor":["M","?","M","?","?","R","E","M","T","$","R","M","E","$","R","B",null,"M","?","?","M","$","E"],"character_chosen":"THE_SILENT","items_purchased":["AttackPotion","Dagger Spray","Footwork","Prepared","Skewer"],"campfire_rested":2,"item_purchase_floors":[10,10,14,22,22],"current_hp_per_floor":[53,66,63,45,45,45,12,12,12,12,46,38,24,24,58,20,55,52,52,52,34,34,0],"gold":13,"neow_bonus":"HUNDRED_GOLD","is_prod":false,"is_daily":false,"chose_seed":false,"campfire_upgraded":1,"win_rate":0,"timestamp":1558153134,"path_taken":["M","?","M","?","?","R","E","M","T","$","R","M","E","?","R","BOSS","M","?","?","?","$","E"],"build_version":"2019-01-23","purchased_purges":1,"victory":false,"max_hp_per_floor":[66,66,66,66,66,66,66,66,66,66,66,66,66,66,66,66,66,66,66,66,66,66,66],"card_choices":[{"not_picked":["Calculated Gamble","Reflex"],"picked":"Bouncing Flask","floor":1},{"not_picked":["Poisoned Stab","Quick Slash"],"picked":"Well Laid Plans","floor":3},{"not_picked":["Well Laid Plans","Finisher"],"picked":"Dash","floor":7},{"not_picked":["Concentrate","Sucker Punch","Reflex"],"picked":"SKIP","floor":8},{"not_picked":["Outmaneuver","Acrobatics"],"picked":"Flying Knee","floor":12},{"not_picked":["Blade Dance","Bane"],"picked":"Setup","floor":13},{"not_picked":["Corpse Explosion","Adrenaline"],"picked":"Bullet Time","floor":16},{"not_picked":["Blade Dance","Reflex"],"picked":"Dodge and Roll","floor":18},{"not_picked":["All Out Attack","Flying Knee"],"picked":"Tactician","floor":21}],"player_experience":1348743,"relics_obtained":[{"floor":7,"key":"Regal Pillow"},{"floor":9,"key":"War Paint"},{"floor":13,"key":"Pen Nib"}],"event_choices":[{"damage_healed":16,"gold_gain":0,"player_choice":"Healed","damage_taken":0,"max_hp_gain":0,"max_hp_loss":0,"event_name":"The Cleric","floor":2,"gold_loss":35},{"damage_healed":0,"gold_gain":0,"player_choice":"Fled","damage_taken":18,"max_hp_gain":0,"max_hp_loss":0,"event_name":"Scrap Ooze","floor":4,"gold_loss":0},{"damage_healed":0,"gold_gain":0,"player_choice":"Ignored","damage_taken":0,"max_hp_gain":0,"max_hp_loss":0,"event_name":"Golden Wing","floor":5,"gold_loss":0},{"damage_healed":0,"gold_gain":0,"player_choice":"Smashed Altar","damage_taken":0,"max_hp_gain":0,"max_hp_loss":0,"event_name":"Forgotten Altar","floor":19,"gold_loss":0,"cards_obtained":["Decay"]},{"cards_removed":["Strike_G"],"damage_healed":0,"gold_gain":0,"player_choice":"Card Removal","damage_taken":0,"max_hp_gain":0,"max_hp_loss":0,"event_name":"Wheel of Change","floor":20,"gold_loss":0}],"is_beta":false,"boss_relics":[{"not_picked":["Fusion Hammer","Ectoplasm"],"picked":"Runic Pyramid"}],"items_purged_floors":[10],"is_endless":false,"potions_floor_spawned":[1,3,12,21],"killed_by":"Gremlin Leader","ascension_level":20}