{"gold_per_floor":[117,129,0,0,14,14,25,35,61,91,103,142,77,107,107,178,178,188,199,199,249,249,274,274,308,308,308,308,21,38,38,38,114,114,129,148,248,248,267,300,300,320,344,344],"floor_reached":44,"playtime":2344,"items_purged":["Strike_G"],"score":1063,"play_id":"af1e6471-4709-447b-bc4c-9342603e9152","local_time":"20190418221107","is_ascension_mode":true,"campfire_choices":[{"data":"Dagger Spray","floor":6.0,"key":"SMITH"},{"data":"Poisoned Stab","floor":11.0,"key":"SMITH"},{"floor":15.0,"key":"REST"},{"data":"Catalyst","floor":24.0,"key":"SMITH"},{"floor":32.0,"key":"REST"},{"data":"After Image","floor":41,"key":"SMITH"}],"neow_cost":"NONE","seed_source_timestamp":341315516862794,"circlet_count":0,"master_deck":["AscendersBane","Defend_G","Defend_G","Defend_G","Defend_G","Defend_G","Strike_G","Strike_G","Survivor","Neutralize","Dagger Spray+1","Skewer+1","Endless Agony","Backflip","Dodge and Roll","Poisoned Stab+1","Adrenaline","Noxious Fumes","Envenom","Catalyst+1","Ghostly","Ghostly","Ghostly","Backflip+1","Leg Sweep+1","Bouncing Flask","Bouncing Flask","Crippling Poison+1","After Image+1","Backflip+1","PiercingWail+1","After Image","Deadly Poison+1","Dodge and Roll+1","Regret"],"special_seed":0,"relics":["Ring of the Snake","MawBank","Regal Pillow","Pocketwatch","Cursed Key","Ancient Tea Set","Question Card","Toxic Egg 2","Eternal Feather","Unceasing Top","Du-Vu Doll","Omamori"],"potions_floor_usage":[44,44],"damage_taken":[{"damage":4.0,"enemies":"Small Slimes","floor":1.0,"turns":4.0},{"damage":0.0,"enemies":"Cultist","floor":2.0,"turns":4.0},{"damage":2.0,"enemies":"Jaw Worm","floor":5.0,"turns":4.0},{"damage":4.0,"enemies":"Blue Slaver","floor":7.0,"turns":4.0},{"damage":0.0,"enemies":"3 Louse","floor":8.0,"turns":2.0},{"damage":9.0,"enemies":"3 Sentries","floor":10.0,"turns":7.0},{"damage":18.0,"enemies":"Lagavulin","floor":12.0,"turns":4.0},{"damage":12.0,"enemies":"3 Sentries","floor":14.0,"turns":5.0},{"damage":21.0,"enemies":"Slime Boss","floor":16.0,"turns":9.0},{"damage":18.0,"enemies":"2 Thieves","floor":18.0,"turns":4.0},{"damage":15.0,"enemies":"Spheric Guardian","floor":19.0,"turns":5.0},{"damage":9.0,"enemies":"Slavers","floor":23.0,"turns":6.0},{"damage":3.0,"enemies":"Gremlin Leader","floor":25.0,"turns":7.0},{"damage":0.0,"enemies":"Snecko","floor":30.0,"turns":5.0},{"damage":14.0,"enemies":"Champ","floor":33.0,"turns":7.0},{"damage":0,"enemies":"3 Shapes","floor":35,"turns":5},{"damage":5,"enemies":"3 Darklings","floor":36,"turns":6},{"damage":13,"enemies":"Mind Bloom Boss Battle","floor":37,"turns":9},{"damage":0,"enemies":"4 Shapes","floor":39,"turns":7},{"damage":8,"enemies":"Nemesis","floor":40,"turns":7},{"damage":0,"enemies":"Maw","floor":42,"turns":7},{"damage":34,"enemies":"Giant Head","floor":44,"turns":10}],"seed_played":"7356248879461620276","potions_obtained":[{"floor":1.0,"key":"PowerPotion"},{"floor":2.0,"key":"EssenceOfSteel"},{"floor":14.0,"key":"EssenceOfSteel"},{"floor":19.0,"key":"AttackPotion"},{"floor":23.0,"key":"GhostInAJar"},{"floor":25.0,"key":"Fruit Juice"},{"floor":35,"key":"GhostInAJar"}],"is_trial":false,"path_per_floor":["M","M","$","?","M","R","M","M","T","E","R","E","$","E","R","B",null,"M","M","?","?","T","E","R","E","T","?","?","$","M","$","R","B",null,"M","M","?","?","M","E","R","M","T","E"],"character_chosen":"THE_SILENT","items_purchased":["Fire Potion","Noxious Fumes","Toxic Egg 2"],"campfire_rested":2,"item_purchase_floors":[3,13,29],"current_hp_per_floor":[61,61,61,61,59,59,55,55,55,46,46,28,28,16,52,31,62,44,29,29,29,29,20,20,17,17,17,9,9,14,14,42,28,42,42,37,24,24,24,16,34,34,34,0],"gold":344,"neow_bonus":"TEN_PERCENT_HP_BONUS","is_prod":false,"is_daily":false,"chose_seed":false,"campfire_upgraded":4,"win_rate":0,"timestamp":1555636267,"path_taken":["M","M","$","?","M","R","?","M","T","E","R","E","?","E","R","BOSS","M","M","?","?","?","E","R","E","T","?","?","?","M","$","R","BOSS","BOSS","M","M","?","?","M","E","R","M","T","E"],"build_version":"2019-01-23","purchased_purges":1,"victory":false,"max_hp_per_floor":[72,72,72,72,72,72,72,72,72,72,72,72,72,72,72,72,72,72,72,36,36,36,36,36,36,36,36,41,41,46,46,46,46,46,46,46,46,46,46,46,46,46,46,46],"card_choices":[{"not_picked":["Escape Plan","Calculated Gamble"],"picked":"Dagger Spray","floor":1.0},{"not_picked":["Quick Slash","Deflect"],"picked":"Skewer","floor":2.0},{"not_picked":["Underhanded Strike","Prepared"],"picked":"Endless Agony","floor":5.0},{"not_picked":["Underhanded Strike","Cloak And Dagger"],"picked":"Backflip","floor":7.0},{"not_picked":["Flechettes","Riddle With Holes","Dodge and Roll"],"picked":"SKIP","floor":8.0},{"not_picked":["Flechettes","Riddle With Holes"],"picked":"Dodge and Roll","floor":8.0},{"not_picked":["Tactician","Blur"],"picked":"Poisoned Stab","floor":10.0},{"not_picked":["Reflex","Deflect"],"picked":"Adrenaline","floor":12.0},{"not_picked":["Acrobatics","Quick Slash","Underhanded Strike"],"picked":"SKIP","floor":14.0},{"not_picked":["A Thousand Cuts","Bullet Time"],"picked":"Envenom","floor":16.0},{"not_picked":["Distraction","Backflip"],"picked":"Catalyst","floor":18.0},{"not_picked":["Underhanded Strike+1","Deadly Poison","Acrobatics"],"picked":"SKIP","floor":19.0},{"not_picked":["Dodge and Roll","Flying Knee"],"picked":"Backflip+1","floor":23.0},{"not_picked":["Wraith Form v2","Grand Finale"],"picked":"Leg Sweep+1","floor":25.0},{"not_picked":["Choke","Deadly Poison+1","Acrobatics+1"],"picked":"Crippling Poison+1","floor":30.0},{"not_picked":["Phantasmal Killer+1","Unload","Corpse Explosion+1"],"picked":"After Image","floor":33},{"not_picked":["Accuracy+1","Slice+1","Poisoned Stab","Flechettes"],"picked":"SKIP","floor":35},{"not_picked":["Slice","Dagger Throw","Flying Knee+1"],"picked":"Backflip+1","floor":36},{"not_picked":["Outmaneuver+1","Dagger Spray+1","Dodge and Roll+1"],"picked":"PiercingWail+1","floor":37},{"not_picked":["Dagger Throw","Poisoned Stab+1","Bane"],"picked":"After Image","floor":39},{"not_picked":["Choke","Flying Knee","Bane+1"],"picked":"Deadly Poison+1","floor":40},{"not_picked":["Tactician+1","Flying Knee","Outmaneuver+1"],"picked":"Dodge and Roll+1","floor":42}],"player_experience":2148306,"relics_obtained":[{"floor":10.0,"key":"MawBank"},{"floor":12.0,"key":"Regal Pillow"},{"floor":14.0,"key":"Pocketwatch"},{"floor":23.0,"key":"Ancient Tea Set"},{"floor":25.0,"key":"Question Card"},{"floor":37,"key":"Unceasing Top"},{"floor":40,"key":"Du-Vu Doll"},{"floor":43,"key":"Omamori"}],"event_choices":[{"damage_healed":0.0,"max_hp_gain":0.0,"max_hp_loss":0.0,"gold_gain":0.0,"event_name":"Upgrade Shrine","player_choice":"Upgraded","floor":4.0,"gold_loss":0.0,"damage_taken":0.0,"cards_upgraded":["Skewer"]},{"damage_healed":0.0,"max_hp_gain":0.0,"max_hp_loss":36.0,"gold_gain":0.0,"event_name":"Ghosts","player_choice":"Became a Ghost","floor":20.0,"gold_loss":0.0,"damage_taken":0.0,"cards_obtained":["Ghostly","Ghostly","Ghostly"]},{"damage_healed":0.0,"max_hp_gain":0.0,"max_hp_loss":0.0,"gold_gain":50.0,"event_name":"Nest","player_choice":"Stole From Cult","floor":21.0,"gold_loss":0.0,"damage_taken":0.0},{"damage_healed":0.0,"max_hp_gain":0.0,"max_hp_loss":0.0,"gold_gain":0.0,"cards_transformed":["Strike_G","Strike_G"],"event_name":"Drug Dealer","player_choice":"Became Test Subject","floor":27.0,"gold_loss":0.0,"damage_taken":0.0,"cards_obtained":["Bouncing Flask","Bouncing Flask"]},{"damage_healed":0.0,"max_hp_gain":5.0,"max_hp_loss":0.0,"gold_gain":0.0,"event_name":"Forgotten Altar","player_choice":"Shed Blood","floor":28.0,"gold_loss":0.0,"damage_taken":13.0},{"damage_healed":0,"gold_gain":0,"player_choice":"Fight","damage_taken":0,"max_hp_gain":0,"max_hp_loss":0,"event_name":"MindBloom","floor":37,"gold_loss":0},{"damage_healed":0,"gold_gain":0,"player_choice":"Leave","damage_taken":0,"max_hp_gain":0,"max_hp_loss":0,"event_name":"FaceTrader","floor":38,"gold_loss":0}],"is_beta":false,"boss_relics":[{"not_picked":["Ectoplasm","WristBlade"],"picked":"Cursed Key"},{"not_picked":["Philosopher\u0027s Stone","HoveringKite"],"picked":"Eternal Feather"}],"items_purged_floors":[3],"is_endless":false,"potions_floor_spawned":[1,2,8,14,19,23,25,35,40],"killed_by":"Giant Head","ascension_level":20}