{"gold_per_floor":[111,111,111,131,146,146,182,182,182,182,182,114,128,128],"floor_reached":14,"playtime":623,"items_purged":[],"score":176,"play_id":"29bc3efc-c1f0-4a87-89ac-9525c54c197f","local_time":"20190517115441","is_ascension_mode":true,"campfire_choices":[{"data":"Flying Knee","floor":6,"key":"SMITH"},{"floor":8,"key":"REST"},{"floor":11,"key":"REST"}],"neow_cost":"NONE","seed_source_timestamp":62050856783800,"circlet_count":0,"master_deck":["AscendersBane","Defend_G","Defend_G","Defend_G","Defend_G","Defend_G+1","Strike_G","Strike_G+1","Strike_G","Strike_G","Strike_G","Survivor","Neutralize+1","Well Laid Plans","Caltrops","Flying Knee+1","Venomology","Choke"],"special_seed":0,"relics":["Ring of the Snake","Golden Idol","Matryoshka","Bag of Preparation","Smiling Mask"],"potions_floor_usage":[7,14,14],"damage_taken":[{"damage":4.0,"enemies":"2 Louse","floor":1.0,"turns":5.0},{"damage":8,"enemies":"Small Slimes","floor":4,"turns":5},{"damage":0,"enemies":"Jaw Worm","floor":5,"turns":6},{"damage":39,"enemies":"Gremlin Nob","floor":7,"turns":5},{"damage":0,"enemies":"3 Louse","floor":13,"turns":3},{"damage":40,"enemies":"Lagavulin","floor":14,"turns":6}],"seed_played":"-1489632372058998364","potions_obtained":[{"floor":5,"key":"SteroidPotion"},{"floor":13,"key":"SneckoOil"}],"is_trial":false,"path_per_floor":["M","?","?","M","M","R","E","R","T","?","R","?","M","E"],"character_chosen":"THE_SILENT","items_purchased":[],"campfire_rested":2,"item_purchase_floors":[],"current_hp_per_floor":[61,61,61,53,53,53,14,33,33,13,32,32,32,0],"gold":128,"neow_bonus":"TEN_PERCENT_HP_BONUS","is_prod":false,"is_daily":false,"chose_seed":false,"campfire_upgraded":1,"win_rate":0,"timestamp":1558119281,"path_taken":["M","?","?","M","M","R","E","R","T","?","R","?","M","E"],"build_version":"2019-01-23","purchased_purges":0,"victory":false,"max_hp_per_floor":[72,72,65,65,65,65,65,65,65,65,65,65,65,65],"card_choices":[{"not_picked":["Dagger Throw","All Out Attack"],"picked":"Well Laid Plans","floor":1.0},{"not_picked":["Slice","Deflect"],"picked":"Caltrops","floor":4},{"not_picked":["Setup","Catalyst"],"picked":"Flying Knee","floor":5},{"not_picked":["Caltrops","Deflect"],"picked":"Venomology","floor":7},{"not_picked":["Choke","Bane","Sucker Punch"],"picked":"SKIP","floor":13},{"not_picked":["Bane","Sucker Punch"],"picked":"Choke","floor":13}],"player_experience":1337284,"relics_obtained":[{"floor":7,"key":"Matryoshka"},{"floor":9,"key":"Bag of Preparation"},{"floor":9,"key":"Smiling Mask"}],"event_choices":[{"damage_healed":0.0,"max_hp_gain":0.0,"max_hp_loss":0.0,"gold_gain":0.0,"event_name":"Living Wall","player_choice":"Grow","floor":2.0,"gold_loss":0.0,"damage_taken":0.0,"cards_upgraded":["Neutralize"]},{"damage_healed":0.0,"max_hp_gain":0.0,"max_hp_loss":7.0,"gold_gain":0.0,"event_name":"Golden Idol","player_choice":"Lose Max HP","floor":3.0,"gold_loss":0.0,"damage_taken":0.0,"relics_obtained":["Golden Idol"]},{"damage_healed":0,"gold_gain":0,"player_choice":"Entered Light","damage_taken":20,"max_hp_gain":0,"max_hp_loss":0,"event_name":"Shining Light","floor":10,"gold_loss":0,"cards_upgraded":["Strike_G","Defend_G"]},{"damage_healed":0,"gold_gain":0,"player_choice":"Left Gold","damage_taken":0,"max_hp_gain":0,"max_hp_loss":0,"event_name":"World of Goop","floor":12,"gold_loss":68}],"is_beta":false,"boss_relics":[],"items_purged_floors":[],"is_endless":false,"potions_floor_spawned":[5,13],"killed_by":"Lagavulin","ascension_level":20}