{"gold_per_floor":[110,121,140,150,20,20,53,68,68,93,111,58,58,69,69,69],"floor_reached":16,"playtime":1456,"items_purged":["Strike_G"],"score":211,"play_id":"b94459a9-c320-4511-907b-942a034beb59","local_time":"20190416203216","is_ascension_mode":true,"campfire_choices":[{"data":"Masterful Stab","floor":6,"key":"SMITH"},{"floor":13,"key":"REST"},{"data":"Neutralize","floor":15,"key":"SMITH"}],"neow_cost":"NONE","seed_source_timestamp":12473599586900,"circlet_count":0,"master_deck":["AscendersBane","Defend_G","Defend_G","Defend_G","Defend_G","Defend_G","Strike_G","Strike_G","Strike_G","Strike_G","Survivor","Neutralize+1","Tools of the Trade","Backstab","Masterful Stab+1","Quick Slash","Well Laid Plans","Glass Knife","Cloak And Dagger","Bouncing Flask","Deflect","Cloak And Dagger"],"special_seed":0,"relics":["Ring of the Snake","Ninja Scroll","Frozen Egg 2","Matryoshka"],"potions_floor_usage":[4,7,10,16,16],"damage_taken":[{"damage":0,"enemies":"Cultist","floor":1,"turns":4},{"damage":4,"enemies":"Small Slimes","floor":2,"turns":4},{"damage":6,"enemies":"Jaw Worm","floor":3,"turns":4},{"damage":10,"enemies":"Exordium Wildlife","floor":4,"turns":4},{"damage":17,"enemies":"Gremlin Nob","floor":7,"turns":4},{"damage":0,"enemies":"Looter","floor":8,"turns":2},{"damage":11,"enemies":"Lagavulin","floor":10,"turns":5},{"damage":1,"enemies":"Large Slime","floor":11,"turns":4},{"damage":0,"enemies":"Exordium Thugs","floor":14,"turns":3},{"damage":29,"enemies":"Hexaghost","floor":16,"turns":11}],"seed_played":"7476458624412334531","potions_obtained":[{"floor":1,"key":"LiquidBronze"},{"floor":7,"key":"AttackPotion"},{"floor":8,"key":"Ancient Potion"},{"floor":11,"key":"Explosive Potion"}],"is_trial":false,"path_per_floor":["M","M","M","M","$","R","E","M","T","E","M","?","R","M","R","B"],"character_chosen":"THE_SILENT","items_purchased":["PowerPotion"],"campfire_rested":1,"item_purchase_floors":[5],"current_hp_per_floor":[59,55,49,39,39,39,22,22,22,11,10,10,29,29,29,0],"gold":69,"neow_bonus":"ONE_RANDOM_RARE_CARD","is_prod":false,"is_daily":false,"chose_seed":false,"campfire_upgraded":2,"win_rate":0,"timestamp":1555471936,"path_taken":["M","M","?","M","?","R","E","M","T","E","?","?","R","M","R","BOSS"],"build_version":"2019-01-23","purchased_purges":1,"victory":false,"max_hp_per_floor":[66,66,66,66,66,66,66,66,66,66,66,66,66,66,66,66],"card_choices":[{"not_picked":["Dash","Poisoned Stab"],"picked":"Backstab","floor":1},{"not_picked":["Leg Sweep","Dagger Throw"],"picked":"Masterful Stab","floor":2},{"not_picked":["Blur","Bane"],"picked":"Quick Slash","floor":3},{"not_picked":["Backstab","Bane"],"picked":"Well Laid Plans","floor":4},{"not_picked":["Cloak And Dagger","Deflect"],"picked":"Glass Knife","floor":7},{"not_picked":["Endless Agony","Quick Slash"],"picked":"Cloak And Dagger","floor":8},{"not_picked":["Terror","Flechettes"],"picked":"Bouncing Flask","floor":10},{"not_picked":["Prepared","Sucker Punch"],"picked":"Deflect","floor":11},{"not_picked":["Prepared","Calculated Gamble"],"picked":"Cloak And Dagger","floor":14}],"player_experience":881047,"relics_obtained":[{"floor":7,"key":"Ninja Scroll"},{"floor":9,"key":"Frozen Egg 2"},{"floor":10,"key":"Matryoshka"}],"event_choices":[{"damage_healed":0,"gold_gain":0,"player_choice":"Left Gold","damage_taken":0,"max_hp_gain":0,"max_hp_loss":0,"event_name":"World of Goop","floor":12,"gold_loss":53}],"is_beta":false,"boss_relics":[],"items_purged_floors":[5],"is_endless":false,"potions_floor_spawned":[1,7,8,11,14],"killed_by":"Hexaghost","ascension_level":17}