{"gold_per_floor":[117,132,132,143,158,187,32,32,32,32,49,59,90,15,15,111,111,126,145,145,164,13,29,29],"floor_reached":24,"playtime":1583,"items_purged":["Strike_B","Decay"],"score":235,"play_id":"45aa9857-2fb4-4165-b71d-e620600d7763","local_time":"20190518003619","is_ascension_mode":false,"campfire_choices":[{"floor":8,"key":"REST"},{"data":"Loop","floor":15,"key":"SMITH"}],"neow_cost":"NONE","seed_source_timestamp":3831012644113,"circlet_count":0,"master_deck":["Defend_B","Defend_B","Defend_B","Defend_B","Zap","Dualcast","Dramatic Entrance","Ball Lightning","Rip and Tear","Coolheaded","Loop+1","Hologram","Decay","Beam Cell","Ball Lightning","Coolheaded","Thunder Strike","Consume","Tempest","Undo"],"relics":["Cracked Core","Bronze Scales","DataDisk","Cables","StoneCalendar","Empty Cage"],"potions_floor_usage":[13,13,16,19,23,24],"damage_taken":[{"damage":6,"enemies":"Jaw Worm","floor":1,"turns":3},{"damage":1,"enemies":"Cultist","floor":2,"turns":3},{"damage":0,"enemies":"Small Slimes","floor":4,"turns":1},{"damage":0,"enemies":"Exordium Thugs","floor":5,"turns":3},{"damage":29,"enemies":"Lagavulin","floor":6,"turns":5},{"damage":2,"enemies":"3 Louse","floor":11,"turns":2},{"damage":0,"enemies":"Gremlin Gang","floor":12,"turns":2},{"damage":0,"enemies":"Gremlin Nob","floor":13,"turns":2},{"damage":26,"enemies":"Hexaghost","floor":16,"turns":7},{"damage":7,"enemies":"Shell Parasite","floor":18,"turns":4},{"damage":22,"enemies":"3 Byrds","floor":19,"turns":3},{"damage":30,"enemies":"Shelled Parasite and Fungi","floor":21,"turns":7},{"damage":13,"enemies":"Centurion and Healer","floor":23,"turns":7},{"damage":7,"enemies":"Snecko","floor":24,"turns":2}],"seed_played":"3926885622413974630","potions_obtained":[{"floor":5,"key":"SteroidPotion"},{"floor":11,"key":"FearPotion"},{"floor":12,"key":"SpeedPotion"},{"floor":16,"key":"Energy Potion"},{"floor":23,"key":"Explosive Potion"}],"is_trial":false,"path_per_floor":["M","M","?","M","M","E","$","R","T","?","M","M","E","$","R","B",null,"M","M","?","M","$","M","M"],"character_chosen":"DEFECT","items_purchased":["DataDisk","Poison Potion"],"campfire_rested":1,"item_purchase_floors":[7,22],"current_hp_per_floor":[69,68,68,68,68,39,39,61,61,61,59,59,59,59,59,33,75,68,46,46,16,16,3,0],"gold":29,"neow_bonus":"RANDOM_COLORLESS","is_prod":false,"is_daily":false,"chose_seed":false,"campfire_upgraded":1,"win_rate":0,"timestamp":1558157779,"path_taken":["M","M","?","?","M","E","$","R","T","?","M","M","E","?","R","BOSS","M","M","?","?","$","M","M"],"build_version":"2019-01-23","purchased_purges":2,"victory":false,"max_hp_per_floor":[75,75,75,75,75,75,75,75,75,75,75,75,75,75,75,75,75,75,75,75,75,75,75,75],"card_choices":[{"not_picked":["Coolheaded","Leap"],"picked":"Ball Lightning","floor":1},{"not_picked":["Rebound","Beam Cell"],"picked":"Rip and Tear","floor":2},{"not_picked":["Redo","Leap"],"picked":"Coolheaded","floor":4},{"not_picked":["Double Energy","Amplify"],"picked":"Loop","floor":5},{"not_picked":["Rebound","Compile Driver"],"picked":"Hologram","floor":6},{"not_picked":["Genetic Algorithm","Steam"],"picked":"Beam Cell","floor":11},{"not_picked":["Redo","Stack"],"picked":"Ball Lightning","floor":12},{"not_picked":["Buffer","Blizzard"],"picked":"Coolheaded","floor":13},{"not_picked":["Fission","Meteor Strike"],"picked":"Thunder Strike","floor":16},{"not_picked":["Rebound","Beam Cell","Barrage"],"picked":"SKIP","floor":18},{"not_picked":["Rebound+1","Redo"],"picked":"Consume","floor":19},{"not_picked":["Lockon","Sweeping Beam"],"picked":"Tempest","floor":21},{"not_picked":["Lockon","White Noise"],"picked":"Undo","floor":23}],"player_experience":260817,"relics_obtained":[{"floor":6,"key":"Bronze Scales"},{"floor":9,"key":"Cables"},{"floor":13,"key":"StoneCalendar"}],"event_choices":[{"cards_removed":["Strike_B"],"damage_healed":0,"gold_gain":0,"player_choice":"Purged","damage_taken":0,"max_hp_gain":0,"max_hp_loss":0,"event_name":"Purifier","floor":3,"gold_loss":0},{"damage_healed":0,"gold_gain":0,"player_choice":"Cursed","damage_taken":0,"max_hp_gain":0,"max_hp_loss":0,"event_name":"Wheel of Change","floor":10,"gold_loss":0,"cards_obtained":["Decay"]},{"damage_healed":0,"gold_gain":0,"player_choice":"Cursed","damage_taken":0,"max_hp_gain":0,"max_hp_loss":0,"event_name":"Wheel of Change","floor":20,"gold_loss":0,"cards_obtained":["Decay"]}],"is_beta":false,"boss_relics":[{"not_picked":["Fusion Hammer","Coffee Dripper"],"picked":"Empty Cage"}],"items_purged_floors":[14,22],"is_endless":false,"potions_floor_spawned":[5,11,12,16,23],"killed_by":"Snecko","ascension_level":0}