{"gold_per_floor":[110,129,144,144,4,39,39,65,65,65,140,174,9,21,21,97,97,97,17,17,17,17,17,17,17,17,17,17,17,17],"floor_reached":30,"playtime":2532,"items_purged":["Strike_G"],"score":505,"play_id":"f5ce23fa-3988-418b-9de4-3d43357daab9","local_time":"20190419214753","is_ascension_mode":true,"campfire_choices":[{"floor":7,"key":"REST"},{"floor":10,"key":"REST"},{"data":"Bullet Time","floor":15,"key":"SMITH"},{"data":"Noxious Fumes","floor":23,"key":"SMITH"},{"data":"Crippling Poison","floor":25,"key":"SMITH"}],"neow_cost":"NONE","seed_source_timestamp":0,"circlet_count":0,"master_deck":["AscendersBane","Defend_G","Defend_G","Defend_G","Defend_G","Defend_G","Strike_G","Strike_G","Strike_G","Strike_G","Survivor","Neutralize","Predator","Flying Knee","Dagger Spray+1","Dash","Dagger Spray","Leg Sweep","Bullet Time+1","Doppelganger","Bouncing Flask","Noxious Fumes+1","Crippling Poison+1","Decay","Caltrops","Backflip"],"special_seed":0,"relics":["Ring of the Snake","Regal Pillow","Question Card","Pantograph","Mercury Hourglass","Vajra","Ectoplasm","MawBank","Incense Burner","PreservedInsect"],"potions_floor_usage":[6,6,8,18,20,24,24,27],"damage_taken":[{"damage":4,"enemies":"2 Louse","floor":1,"turns":4},{"damage":7,"enemies":"Small Slimes","floor":2,"turns":3},{"damage":4,"enemies":"Jaw Worm","floor":3,"turns":5},{"damage":6,"enemies":"3 Sentries","floor":6,"turns":5},{"damage":42,"enemies":"Lagavulin","floor":8,"turns":8},{"damage":16,"enemies":"Gremlin Nob","floor":12,"turns":4},{"damage":0,"enemies":"3 Louse","floor":14,"turns":1},{"damage":15,"enemies":"The Guardian","floor":16,"turns":13},{"damage":2,"enemies":"Chosen","floor":18,"turns":4},{"damage":0,"enemies":"Shell Parasite","floor":20,"turns":4},{"damage":5,"enemies":"Chosen and Byrds","floor":24,"turns":5},{"damage":27,"enemies":"Book of Stabbing","floor":27,"turns":5},{"damage":20,"enemies":"Centurion and Healer","floor":28,"turns":6},{"damage":7,"enemies":"Slavers","floor":30,"turns":2}],"seed_played":"2480081871540643270","potions_obtained":[{"floor":2,"key":"PowerPotion"},{"floor":6,"key":"AttackPotion"},{"floor":12,"key":"Energy Potion"},{"floor":14,"key":"SkillPotion"},{"floor":18,"key":"EssenceOfSteel"},{"floor":20,"key":"Block Potion"},{"floor":24,"key":"AttackPotion"}],"is_trial":false,"path_per_floor":["M","M","M","?","$","E","R","E","T","R","?","E","$","M","R","B",null,"M","$","M","?","$","R","M","R","T","E","M","T","E"],"character_chosen":"THE_SILENT","items_purchased":["Dash","AttackPotion","Leg Sweep","Noxious Fumes"],"campfire_rested":2,"item_purchase_floors":[5,5,13,19],"current_hp_per_floor":[55,48,44,44,44,38,66,24,24,58,47,31,31,31,31,41,60,58,58,58,58,58,58,53,53,53,26,6,6,0],"gold":17,"neow_bonus":"RANDOM_COMMON_RELIC","is_prod":false,"is_daily":false,"chose_seed":false,"campfire_upgraded":3,"win_rate":0,"timestamp":1555735673,"path_taken":["M","M","M","?","$","E","R","E","T","R","?","E","$","M","R","BOSS","M","$","M","?","$","R","M","R","T","E","M","?","E"],"build_version":"2019-01-23","purchased_purges":1,"victory":false,"max_hp_per_floor":[66,66,66,66,66,66,66,66,66,66,66,66,66,66,66,66,66,66,66,66,66,66,66,66,66,66,66,66,66,66],"card_choices":[{"not_picked":["Poisoned Stab","Deadly Poison"],"picked":"Predator","floor":1},{"not_picked":["Dagger Throw","Grand Finale"],"picked":"Flying Knee","floor":2},{"not_picked":["Slice","Skewer"],"picked":"Dagger Spray","floor":3},{"not_picked":["Concentrate","Bane","Slice"],"picked":"SKIP","floor":6},{"not_picked":["Infinite Blades","Reflex","Cloak And Dagger","Distraction"],"picked":"SKIP","floor":8},{"not_picked":["Skewer","Deflect","Quick Slash"],"picked":"Dagger Spray","floor":12},{"not_picked":["Underhanded Strike","Predator","Finisher"],"picked":"Bullet Time","floor":14},{"not_picked":["Night Terror","Grand Finale","Storm of Steel"],"picked":"Doppelganger","floor":16},{"not_picked":["Riddle With Holes","Deadly Poison","Outmaneuver"],"picked":"Bouncing Flask","floor":18},{"not_picked":["Catalyst","Skewer","Flying Knee"],"picked":"Crippling Poison","floor":20},{"not_picked":["Infinite Blades","Slice","Setup"],"picked":"Caltrops","floor":24},{"not_picked":["Poisoned Stab","Dagger Spray","Bane"],"picked":"Backflip","floor":27},{"not_picked":["All Out Attack","Flying Knee","Sucker Punch+1","Blade Dance"],"picked":"SKIP","floor":28}],"player_experience":893616,"relics_obtained":[{"floor":6,"key":"Question Card"},{"floor":8,"key":"Pantograph"},{"floor":9,"key":"Mercury Hourglass"},{"floor":12,"key":"Vajra"},{"floor":26,"key":"MawBank"},{"floor":27,"key":"Incense Burner"},{"floor":29,"key":"PreservedInsect"}],"event_choices":[{"damage_healed":0,"gold_gain":0,"player_choice":"Grow","damage_taken":0,"max_hp_gain":0,"max_hp_loss":0,"event_name":"Living Wall","floor":4,"gold_loss":0,"cards_upgraded":["Dagger Spray"]},{"damage_healed":0,"gold_gain":75,"player_choice":"Gather Gold","damage_taken":11,"max_hp_gain":0,"max_hp_loss":0,"event_name":"World of Goop","floor":11,"gold_loss":0},{"damage_healed":0,"gold_gain":0,"player_choice":"Smashed Altar","damage_taken":0,"max_hp_gain":0,"max_hp_loss":0,"event_name":"Forgotten Altar","floor":21,"gold_loss":0,"cards_obtained":["Decay"]}],"is_beta":false,"boss_relics":[{"not_picked":["HoveringKite","WristBlade"],"picked":"Ectoplasm"}],"items_purged_floors":[13],"is_endless":false,"potions_floor_spawned":[2,6,12,14,18,20,24],"killed_by":"Slavers","ascension_level":18}