{"gold_per_floor":[117,132,132,147,160,160,189,189,234,262,262,262,276,301,301,378,378,392,47,59,75,94,128,73,73,373,373,373],"floor_reached":28,"playtime":901,"items_purged":["Strike_R"],"score":616,"play_id":"37f635bd-a633-42cb-9080-30196af78f51","local_time":"20190415204323","is_ascension_mode":true,"campfire_choices":[{"data":"Combust","floor":6,"key":"SMITH"},{"floor":8,"key":"REST"},{"data":"Clothesline","floor":12,"key":"SMITH"},{"floor":15,"key":"REST"},{"floor":25,"key":"REST"},{"data":"Feed","floor":27,"key":"SMITH"}],"neow_cost":"NONE","seed_source_timestamp":78352256160130,"circlet_count":0,"master_deck":["AscendersBane","Defend_R","Defend_R","Defend_R","Defend_R","Bash+1","Thunderclap","Iron Wave","Clothesline+1","Combust+1","Flame Barrier","Juggernaut","Feed+1","True Grit+1","Rupture+1","Reaper+1","Shrug It Off","Rupture","Reaper","Exhume"],"relics":["Burning Blood","Bottled Tornado","Vajra","Strawberry","Self Forming Clay","Astrolabe","Oddly Smooth Stone","Turnip","Old Coin"],"potions_floor_usage":[7,10,16,23,28],"damage_taken":[{"damage":2,"enemies":"Cultist","floor":1,"turns":4},{"damage":10,"enemies":"Small Slimes","floor":2,"turns":3},{"damage":7,"enemies":"Jaw Worm","floor":4,"turns":5},{"damage":12,"enemies":"Looter","floor":5,"turns":3},{"damage":29,"enemies":"Lagavulin","floor":7,"turns":6},{"damage":16,"enemies":"3 Sentries","floor":10,"turns":5},{"damage":6,"enemies":"2 Fungi Beasts","floor":13,"turns":3},{"damage":17,"enemies":"Lagavulin","floor":14,"turns":5},{"damage":4,"enemies":"Slime Boss","floor":16,"turns":5},{"damage":6,"enemies":"3 Byrds","floor":18,"turns":4},{"damage":24,"enemies":"Shell Parasite","floor":20,"turns":6},{"damage":44,"enemies":"Centurion and Healer","floor":21,"turns":8},{"damage":15,"enemies":"Snecko","floor":22,"turns":5},{"damage":52,"enemies":"Slavers","floor":23,"turns":6},{"damage":17,"enemies":"Colosseum Slavers","floor":28,"turns":5},{"damage":38,"enemies":"Colosseum Nobs","floor":28,"turns":3}],"seed_played":"6573668483959050982","potions_obtained":[{"floor":2,"key":"SkillPotion"},{"floor":7,"key":"EssenceOfSteel"},{"floor":10,"key":"PowerPotion"},{"floor":13,"key":"Strength Potion"}],"is_trial":false,"path_per_floor":["M","M","?","M","M","R","E","R","T","E","?","R","M","E","R","B",null,"M","$","M","M","M","E","$","R","T","R","?"],"character_chosen":"IRONCLAD","items_purchased":["Oddly Smooth Stone","Rupture","Strength Potion","Block Potion"],"campfire_rested":3,"item_purchase_floors":[19,19,19,24],"current_hp_per_floor":[72,68,61,60,54,54,31,53,53,50,50,50,50,39,63,65,78,78,78,63,58,58,15,15,43,43,43,0],"gold":373,"neow_bonus":"UPGRADE_CARD","is_prod":false,"is_daily":false,"chose_seed":false,"campfire_upgraded":3,"win_rate":0,"timestamp":1555371803,"path_taken":["M","?","?","M","M","R","E","R","T","E","?","R","M","E","R","BOSS","M","$","M","M","M","E","$","R","T","R","?"],"build_version":"2019-01-23","purchased_purges":1,"victory":false,"max_hp_per_floor":[75,75,75,75,75,75,75,75,75,82,82,82,82,82,82,82,82,82,82,85,88,91,94,94,94,94,94,94],"card_choices":[{"not_picked":["Dual Wield","Headbutt"],"picked":"Thunderclap","floor":1},{"not_picked":["Shockwave","Fire Breathing"],"picked":"Iron Wave","floor":2},{"not_picked":["Warcry","Reckless Charge"],"picked":"Clothesline","floor":4},{"not_picked":["Iron Wave","Combust","Perfected Strike"],"picked":"SKIP","floor":5},{"not_picked":["Iron Wave","Perfected Strike"],"picked":"Combust","floor":5},{"not_picked":["Pummel","Combust"],"picked":"Flame Barrier","floor":7},{"not_picked":["Havoc","Intimidate","Wild Strike"],"picked":"SKIP","floor":10},{"not_picked":["Havoc","Intimidate","Wild Strike"],"picked":"SKIP","floor":10},{"not_picked":["Whirlwind","Thunderclap","Heavy Blade"],"picked":"SKIP","floor":13},{"not_picked":["Evolve","Wild Strike"],"picked":"Juggernaut","floor":14},{"not_picked":["Reaper","Barricade"],"picked":"Feed","floor":16},{"not_picked":["True Grit","Pummel"],"picked":"Shrug It Off","floor":18},{"not_picked":["Warcry","Clash","Havoc"],"picked":"SKIP","floor":20},{"not_picked":["True Grit","Body Slam"],"picked":"Reaper","floor":21},{"not_picked":["Warcry","Thunderclap","Intimidate"],"picked":"SKIP","floor":22},{"not_picked":["Warcry","Thunderclap","Intimidate"],"picked":"SKIP","floor":22},{"not_picked":["Rage","Clothesline+1"],"picked":"Exhume","floor":23}],"player_experience":2128122,"relics_obtained":[{"floor":7,"key":"Bottled Tornado"},{"floor":9,"key":"Vajra"},{"floor":10,"key":"Strawberry"},{"floor":14,"key":"Self Forming Clay"},{"floor":23,"key":"Turnip"},{"floor":26,"key":"Old Coin"}],"event_choices":[{"cards_removed":["Strike_R"],"damage_healed":0,"gold_gain":0,"player_choice":"Card Removal","damage_taken":7,"max_hp_gain":0,"max_hp_loss":0,"event_name":"Golden Wing","floor":3,"gold_loss":0},{"damage_healed":0,"gold_gain":0,"player_choice":"Fled","damage_taken":0,"max_hp_gain":0,"max_hp_loss":0,"event_name":"Scrap Ooze","floor":11,"gold_loss":0},{"damage_healed":0,"gold_gain":0,"player_choice":"Fight","damage_taken":0,"max_hp_gain":0,"max_hp_loss":0,"event_name":"Colosseum","floor":28,"gold_loss":0},{"damage_healed":0,"gold_gain":0,"player_choice":"Fought Nobs","damage_taken":0,"max_hp_gain":0,"max_hp_loss":0,"event_name":"Colosseum","floor":28,"gold_loss":0}],"is_beta":false,"boss_relics":[{"not_picked":["Calling Bell","Orrery"],"picked":"Astrolabe"}],"items_purged_floors":[19],"is_endless":false,"potions_floor_spawned":[2,7,10,13,28],"killed_by":"Colosseum Nobs","ascension_level":20}