{"gold_per_floor":[214,214,21,34,49,49,78,88,133,133],"floor_reached":10,"playtime":243,"items_purged":[],"score":136,"play_id":"ec5b6d03-acf3-4310-bcf0-256082b55ad2","local_time":"20190415172513","is_ascension_mode":true,"campfire_choices":[{"data":"Armaments","floor":6.0,"key":"SMITH"}],"neow_cost":"NONE","seed_source_timestamp":67098558452159,"circlet_count":0,"master_deck":["AscendersBane","Strike_R","Strike_R","Strike_R","Strike_R","Defend_R","Defend_R","Defend_R","Defend_R","Bash","Shrug It Off","Hemokinesis","Spot Weakness","Armaments+1","Feel No Pain","Cleave","Thunderclap","Iron Wave"],"special_seed":0,"relics":["Burning Blood","Darkstone Periapt","Lantern"],"potions_floor_usage":[8,10],"damage_taken":[{"damage":3.0,"enemies":"2 Louse","floor":1.0,"turns":3.0},{"damage":3.0,"enemies":"Cultist","floor":4.0,"turns":3.0},{"damage":12.0,"enemies":"Small Slimes","floor":5.0,"turns":5.0},{"damage":64.0,"enemies":"Gremlin Nob","floor":7.0,"turns":5.0},{"damage":0,"enemies":"3 Louse","floor":8,"turns":1},{"damage":28,"enemies":"Lagavulin","floor":10,"turns":6}],"seed_played":"-6384641086502608947","potions_obtained":[{"floor":1.0,"key":"Explosive Potion"},{"floor":4.0,"key":"BloodPotion"},{"floor":7.0,"key":"PowerPotion"}],"is_trial":false,"path_per_floor":["M","?","$","M","M","R","E","M","T","E"],"character_chosen":"IRONCLAD","items_purchased":["Spot Weakness","Armaments","Feel No Pain"],"campfire_rested":0,"item_purchase_floors":[3,3,3],"current_hp_per_floor":[71,71,71,74,68,68,17,23,23,0],"gold":133,"neow_bonus":"HUNDRED_GOLD","is_prod":false,"is_daily":false,"chose_seed":false,"campfire_upgraded":1,"win_rate":0,"timestamp":1555359913,"path_taken":["M","?","$","M","M","R","E","M","T","E"],"build_version":"2019-01-23","purchased_purges":0,"victory":false,"max_hp_per_floor":[75,75,75,75,75,75,75,75,75,75],"card_choices":[{"not_picked":["Bloodletting","Heavy Blade"],"picked":"Shrug It Off","floor":1.0},{"not_picked":["Body Slam","Evolve"],"picked":"Cleave","floor":4.0},{"not_picked":["Fire Breathing","Heavy Blade"],"picked":"Thunderclap","floor":5.0},{"not_picked":["Infernal Blade","Warcry","Body Slam"],"picked":"SKIP","floor":7.0},{"not_picked":["Spot Weakness","Thunderclap"],"picked":"Iron Wave","floor":8}],"player_experience":2117857,"relics_obtained":[{"floor":7.0,"key":"Darkstone Periapt"},{"floor":9,"key":"Lantern"}],"event_choices":[{"damage_healed":0.0,"max_hp_gain":0.0,"max_hp_loss":0.0,"gold_gain":0.0,"cards_transformed":["Strike_R"],"event_name":"Transmorgrifier","player_choice":"Transformed","floor":2.0,"gold_loss":0.0,"damage_taken":0.0,"cards_obtained":["Hemokinesis"]}],"is_beta":false,"boss_relics":[],"items_purged_floors":[],"is_endless":false,"potions_floor_spawned":[1,4,7],"killed_by":"Lagavulin","ascension_level":20}