{"gold_per_floor":[119,44,44,60,70,97,110,110,110,110,110,110,138,149,149,226,226,242,242,167,167,184,184,216,216,243,259,259,270,270,281,281,281],"floor_reached":33,"playtime":655,"items_purged":[],"score":600,"play_id":"ae74af96-ef09-489f-aa1a-7bae2e537470","local_time":"20190415173629","is_ascension_mode":true,"campfire_choices":[{"data":"Inflame","floor":8,"key":"SMITH"},{"data":"Bash","floor":10,"key":"SMITH"},{"data":"Cleave","floor":12,"key":"SMITH"},{"data":"Twin Strike","floor":15,"key":"SMITH"},{"data":"Shrug It Off","floor":23,"key":"SMITH"},{"data":"Flame Barrier","floor":25,"key":"SMITH"},{"data":"Defend_R","floor":28,"key":"SMITH"},{"data":"Disarm","floor":32,"key":"SMITH"}],"neow_cost":"NONE","seed_source_timestamp":67383117770748,"circlet_count":0,"master_deck":["AscendersBane","Strike_R","Defend_R","Defend_R","Defend_R","Defend_R+1","Bash+1","Inflame+1","Twin Strike+1","Shrug It Off+1","Cleave+1","Thunderclap+1","Iron Wave+1","Fiend Fire+1","Iron Wave+1","Thunderclap+1","Flame Barrier+1","Pommel Strike+1","Shrug It Off","Disarm+1"],"relics":["Burning Blood","NeowsBlessing","Orichalcum","Blood Vial","Molten Egg 2","Coffee Dripper","Dream Catcher"],"potions_floor_usage":[6,16,33,33],"damage_taken":[{"damage":0,"enemies":"Small Slimes","floor":1,"turns":1},{"damage":0,"enemies":"2 Louse","floor":4,"turns":1},{"damage":0,"enemies":"Cultist","floor":5,"turns":1},{"damage":17,"enemies":"Lagavulin","floor":6,"turns":6},{"damage":0,"enemies":"2 Fungi Beasts","floor":7,"turns":3},{"damage":2,"enemies":"Gremlin Nob","floor":13,"turns":3},{"damage":17,"enemies":"Exordium Wildlife","floor":14,"turns":4},{"damage":30,"enemies":"Hexaghost","floor":16,"turns":9},{"damage":5,"enemies":"2 Thieves","floor":18,"turns":2},{"damage":20,"enemies":"Spheric Guardian","floor":22,"turns":4},{"damage":0,"enemies":"Gremlin Leader","floor":24,"turns":4},{"damage":6,"enemies":"Centurion and Healer","floor":27,"turns":5},{"damage":14,"enemies":"Snake Plant","floor":29,"turns":3},{"damage":7,"enemies":"3 Cultists","floor":31,"turns":3},{"damage":79,"enemies":"Collector","floor":33,"turns":9}],"seed_played":"1861078861653924739","potions_obtained":[{"floor":1,"key":"Strength Potion"},{"floor":5,"key":"Dexterity Potion"},{"floor":7,"key":"Block Potion"},{"floor":24,"key":"Block Potion"}],"is_trial":false,"path_per_floor":["M","?","?","M","M","E","M","R","T","R","?","R","E","M","R","B",null,"M","$","?","?","M","R","E","R","T","M","R","M","?","M","R","B"],"character_chosen":"IRONCLAD","items_purchased":[],"campfire_rested":0,"item_purchase_floors":[],"current_hp_per_floor":[74,74,74,75,75,64,70,70,70,70,75,75,80,69,69,47,72,75,75,75,75,63,63,71,71,71,73,73,67,67,68,68,0],"gold":281,"neow_bonus":"THREE_ENEMY_KILL","is_prod":false,"is_daily":false,"chose_seed":false,"campfire_upgraded":8,"win_rate":0,"timestamp":1555360589,"path_taken":["M","?","?","?","M","E","M","R","T","R","?","R","E","M","R","BOSS","M","$","?","?","M","R","E","R","T","?","R","M","?","?","R","BOSS"],"build_version":"2019-01-23","purchased_purges":0,"victory":false,"max_hp_per_floor":[75,75,75,75,75,75,75,75,75,75,80,80,80,80,80,80,80,80,80,80,80,80,80,80,80,80,80,80,80,80,80,80,80],"card_choices":[{"not_picked":["Corruption","Anger"],"picked":"Inflame","floor":1},{"not_picked":["Wild Strike","Hemokinesis"],"picked":"Twin Strike","floor":4},{"not_picked":["Sword Boomerang","Havoc"],"picked":"Shrug It Off","floor":5},{"not_picked":["Blood for Blood","Dark Embrace","Body Slam"],"picked":"SKIP","floor":6},{"not_picked":["Perfected Strike","Iron Wave"],"picked":"Cleave","floor":7},{"not_picked":["Dark Embrace","Bloodletting"],"picked":"Thunderclap","floor":13},{"not_picked":["True Grit","Flex"],"picked":"Iron Wave+1","floor":14},{"not_picked":["Offering","Barricade"],"picked":"Fiend Fire+1","floor":16},{"not_picked":["Power Through","Thunderclap+1"],"picked":"Iron Wave+1","floor":18},{"not_picked":["Clothesline+1","Cleave+1"],"picked":"Thunderclap+1","floor":22},{"not_picked":["Pommel Strike+1","Sword Boomerang+1"],"picked":"Flame Barrier","floor":24},{"not_picked":["Heavy Blade+1","Anger+1"],"picked":"Pommel Strike+1","floor":27},{"not_picked":["Twin Strike+1","Clash+1"],"picked":"Shrug It Off","floor":29},{"not_picked":["Reckless Charge+1","Ghostly Armor"],"picked":"Disarm","floor":31}],"player_experience":2118100,"relics_obtained":[{"floor":6,"key":"Orichalcum"},{"floor":9,"key":"Blood Vial"},{"floor":13,"key":"Molten Egg 2"},{"floor":24,"key":"Dream Catcher"}],"event_choices":[{"cards_removed":["Strike_R"],"damage_healed":0,"gold_gain":0,"player_choice":"Card Removal","damage_taken":0,"max_hp_gain":0,"max_hp_loss":0,"event_name":"The Cleric","floor":2,"gold_loss":75},{"damage_healed":0,"gold_gain":0,"cards_transformed":["Strike_R"],"player_choice":"Transformed","damage_taken":0,"max_hp_gain":0,"max_hp_loss":0,"event_name":"Transmorgrifier","floor":3,"gold_loss":0,"cards_obtained":["Clash"]},{"damage_healed":0,"gold_gain":0,"player_choice":"Donut","damage_taken":0,"max_hp_gain":5,"max_hp_loss":0,"event_name":"Big Fish","floor":11,"gold_loss":0},{"cards_removed":["Strike_R"],"damage_healed":0,"gold_gain":0,"player_choice":"Gave Gold","damage_taken":0,"max_hp_gain":0,"max_hp_loss":0,"event_name":"Beggar","floor":20,"gold_loss":75},{"cards_removed":["Strike_R"],"damage_healed":0,"gold_gain":0,"player_choice":"Purged","damage_taken":0,"max_hp_gain":0,"max_hp_loss":0,"event_name":"Purifier","floor":21,"gold_loss":0},{"cards_removed":["Clash"],"damage_healed":0,"gold_gain":0,"player_choice":"Card Removal","damage_taken":0,"max_hp_gain":0,"max_hp_loss":0,"event_name":"Wheel of Change","floor":30,"gold_loss":0}],"is_beta":false,"boss_relics":[{"not_picked":["Ectoplasm","Pandora\u0027s Box"],"picked":"Coffee Dripper"}],"items_purged_floors":[],"is_endless":false,"potions_floor_spawned":[1,5,7,14,24,29],"killed_by":"Collector","ascension_level":20}