{"gold_per_floor":[117,117,292,40,56,90,165,165,165,196,196,209,209,5,5,124,124,143,143,68,30,44,44,44,87,87,105,105,105,105,141,141,265,265,281,345,359,372,705,736,736,249,249,259,109,123,141,141,141,141,141,141,41,41],"floor_reached":54,"playtime":8287,"items_purged":["Doubt","Defend_B","Writhe","Strike_B"],"score":812,"play_id":"86ff57f4-da2b-422f-87f8-89fa4f870dca","local_time":"20190126000339","is_ascension_mode":true,"campfire_choices":[{"floor":8.0,"key":"REST"},{"data":"Apotheosis","floor":11.0,"key":"SMITH"},{"data":"Buffer","floor":13.0,"key":"SMITH"},{"floor":15.0,"key":"RECALL"},{"data":"Chill","floor":23.0,"key":"SMITH"},{"data":"Hologram","floor":28,"key":"SMITH"},{"data":"Echo Form","floor":30,"key":"SMITH"},{"floor":32,"key":"REST"},{"floor":49,"key":"REST"},{"data":"Buffer","floor":52,"key":"SMITH"}],"neow_cost":"PERCENT_DAMAGE","seed_source_timestamp":0,"circlet_count":0,"master_deck":["Strike_B","Defend_B","Defend_B","Zap","Dualcast","Discovery","Bandage Up","Hologram+1","Apotheosis+1","Auto Shields","Conserve Battery","Buffer+1","Cold Snap","Hello World","Melter","Echo Form+1","Chill+1","RitualDagger","Sunder","Conserve Battery","Streamline+1","Doom and Gloom","Buffer+1","Buffer","Rebound+1","White Noise","Streamline","Enlightenment+1","Machine Learning","Parasite","Glacier"],"special_seed":0,"relics":["Cracked Core","DataDisk","Shuriken","Vajra","Empty Cage","Cables","Ice Cream","Gremlin Horn","Torii","Velvet Choker","Ginger","Sundial","Lee\u0027s Waffle"],"potions_floor_usage":[36,37,44,50,54],"damage_taken":[{"damage":4.0,"enemies":"2 Louse","floor":1.0,"turns":2.0},{"damage":2.0,"enemies":"Small Slimes","floor":5.0,"turns":3.0},{"damage":6.0,"enemies":"Lagavulin","floor":6.0,"turns":5.0},{"damage":3.0,"enemies":"Gremlin Nob","floor":10.0,"turns":3.0},{"damage":0.0,"enemies":"Jaw Worm","floor":12.0,"turns":3.0},{"damage":4.0,"enemies":"Hexaghost","floor":16.0,"turns":9.0},{"damage":12.0,"enemies":"3 Byrds","floor":18.0,"turns":6.0},{"damage":12.0,"enemies":"Chosen","floor":22.0,"turns":5.0},{"damage":15.0,"enemies":"Book of Stabbing","floor":25.0,"turns":7.0},{"damage":0.0,"enemies":"Snecko","floor":27.0,"turns":6.0},{"damage":19,"enemies":"Slavers","floor":31,"turns":6},{"damage":8,"enemies":"Collector","floor":33,"turns":10},{"damage":1,"enemies":"Orb Walker","floor":35,"turns":5},{"damage":32,"enemies":"2 Orb Walkers","floor":36,"turns":6},{"damage":0,"enemies":"3 Shapes","floor":37,"turns":6},{"damage":8,"enemies":"Spire Growth","floor":38,"turns":5},{"damage":6,"enemies":"Nemesis","floor":40,"turns":9},{"damage":26,"enemies":"Jaw Worm Horde","floor":44,"turns":5},{"damage":7,"enemies":"Writhing Mass","floor":46,"turns":5},{"damage":0,"enemies":"4 Shapes","floor":47,"turns":7},{"damage":55,"enemies":"Time Eater","floor":50,"turns":14},{"damage":91,"enemies":"Shield and Spear","floor":54,"turns":5}],"seed_played":"3375791325728116395","potions_obtained":[{"floor":1.0,"key":"Fire Potion"},{"floor":10.0,"key":"SteroidPotion"},{"floor":12.0,"key":"SmokeBomb"},{"floor":18.0,"key":"AttackPotion"},{"floor":22.0,"key":"SpeedPotion"},{"floor":31,"key":"PowerPotion"},{"floor":35,"key":"FocusPotion"},{"floor":44,"key":"Dexterity Potion"},{"floor":46,"key":"Weak Potion"}],"is_trial":false,"path_per_floor":["M","?","?","$","M","E","?","R","T","E","R","M","R","$","R","B",null,"M","?","?","$","M","R","?","E","T","M","R","$","R","E","R","B",null,"M","?","M","M","?","E","?","$","T","M","$","M","M","?","R","B",null,"R","$","E"],"character_chosen":"DEFECT","items_purchased":["Apotheosis","Hello World","Melter","Sunder","Lee\u0027s Waffle","Machine Learning","Block Potion","SpeedPotion"],"campfire_rested":3,"item_purchase_floors":[4,14,14,21,42,42,53,53],"current_hp_per_floor":[54,36,36,36,38,36,25,47,47,48,48,54,54,54,54,56,75,72,66,66,66,60,60,60,51,51,55,55,55,55,42,64,62,75,74,42,54,50,50,48,48,82,82,56,56,53,61,61,82,39,82,82,82,0],"gold":41,"neow_bonus":"RANDOM_COLORLESS_2","is_prod":false,"is_daily":false,"chose_seed":false,"campfire_upgraded":6,"win_rate":0,"timestamp":1548479019,"path_taken":["M","?","?","?","M","E","?","R","T","E","R","?","R","$","R","BOSS","M","?","?","$","M","R","?","E","T","M","R","?","R","E","R","BOSS","M","?","M","M","?","E","?","$","T","?","$","M","M","?","R","BOSS","R","$","E"],"build_version":"2019-01-23","purchased_purges":4,"victory":false,"max_hp_per_floor":[75,75,75,75,75,75,75,75,75,75,75,75,75,75,75,75,75,75,75,75,75,75,75,75,75,75,75,75,75,75,75,75,75,75,75,75,75,75,75,75,75,82,82,82,82,82,82,82,82,82,82,82,82,82],"card_choices":[{"not_picked":["Capacitor","Barrage"],"picked":"Hologram","floor":1.0},{"not_picked":["Rebound","Leap"],"picked":"Auto Shields","floor":5.0},{"not_picked":["Heatsinks","Steam"],"picked":"Conserve Battery","floor":6.0},{"not_picked":["Go for the Eyes","Stack"],"picked":"Buffer","floor":10.0},{"not_picked":["Compile Driver","Leap"],"picked":"Cold Snap","floor":12.0},{"not_picked":["Hyperbeam","Fission"],"picked":"Echo Form","floor":16.0},{"not_picked":["Stack","Conserve Battery"],"picked":"Chill","floor":18.0},{"not_picked":["Cold Snap","Storm"],"picked":"Conserve Battery","floor":22.0},{"not_picked":["Redo","Gash"],"picked":"Streamline+1","floor":25.0},{"not_picked":["Beam Cell","Sweeping Beam","Darkness"],"picked":"SKIP","floor":27},{"not_picked":["Ball Lightning","Reboot"],"picked":"Doom and Gloom","floor":31},{"not_picked":["Electrodynamics","Meteor Strike"],"picked":"Buffer","floor":33},{"not_picked":["Go for the Eyes","Beam Cell+1","Conserve Battery+1"],"picked":"SKIP","floor":35},{"not_picked":["Rebound","Darkness"],"picked":"Buffer","floor":36},{"not_picked":["Turbo","Fusion"],"picked":"Rebound+1","floor":37},{"not_picked":["Redo+1","Leap+1"],"picked":"White Noise","floor":38},{"not_picked":["Ball Lightning","Darkness+1"],"picked":"Streamline","floor":40},{"not_picked":["Deep Breath","Forethought"],"picked":"Enlightenment","floor":41},{"not_picked":["Coolheaded","Compile Driver+1","Ball Lightning+1"],"picked":"SKIP","floor":44},{"not_picked":["Biased Cognition","Barrage"],"picked":"Glacier","floor":46},{"not_picked":["Beam Cell+1","Self Repair","Turbo+1"],"picked":"SKIP","floor":47}],"player_experience":153119,"relics_obtained":[{"floor":6.0,"key":"DataDisk"},{"floor":9.0,"key":"Shuriken"},{"floor":10.0,"key":"Vajra"},{"floor":25.0,"key":"Ice Cream"},{"floor":26.0,"key":"Gremlin Horn"},{"floor":31,"key":"Torii"},{"floor":36,"key":"Ginger"},{"floor":40,"key":"Sundial"}],"event_choices":[{"damage_healed":0.0,"max_hp_gain":0.0,"max_hp_loss":0.0,"gold_gain":0.0,"event_name":"Golden Idol","player_choice":"Take Damage","floor":2.0,"gold_loss":0.0,"damage_taken":18.0,"relics_obtained":["Golden Idol"]},{"damage_healed":0.0,"max_hp_gain":0.0,"max_hp_loss":0.0,"gold_gain":175.0,"event_name":"Liars Game","player_choice":"AGREE","floor":3.0,"gold_loss":0.0,"damage_taken":0.0,"cards_obtained":["Doubt"]},{"damage_healed":0.0,"max_hp_gain":0.0,"max_hp_loss":0.0,"gold_gain":75.0,"event_name":"World of Goop","player_choice":"Gather Gold","floor":7.0,"gold_loss":0.0,"damage_taken":11.0},{"damage_healed":0.0,"max_hp_gain":0.0,"max_hp_loss":0.0,"gold_gain":0.0,"event_name":"Nest","player_choice":"Joined the Cult","floor":19.0,"gold_loss":0.0,"damage_taken":6.0,"cards_obtained":["RitualDagger"]},{"cards_removed":["Strike_B"],"damage_healed":0.0,"max_hp_gain":0.0,"max_hp_loss":0.0,"gold_gain":0.0,"event_name":"Beggar","player_choice":"Gave Gold","floor":20.0,"gold_loss":75.0,"damage_taken":0.0},{"damage_healed":0.0,"max_hp_gain":0.0,"max_hp_loss":0.0,"gold_gain":0.0,"event_name":"The Mausoleum","player_choice":"Opened","floor":24.0,"gold_loss":0.0,"damage_taken":0.0,"relics_obtained":["Cables"],"cards_obtained":["Writhe"]},{"damage_healed":0,"gold_gain":0,"player_choice":"Fight","damage_taken":0,"max_hp_gain":0,"max_hp_loss":0,"event_name":"Mysterious Sphere","floor":36,"gold_loss":0},{"damage_healed":0,"gold_gain":333,"player_choice":"Gave Idol","damage_taken":0,"max_hp_gain":0,"max_hp_loss":0,"event_name":"The Moai Head","floor":39,"relics_lost":["Golden Idol"],"gold_loss":0},{"damage_healed":0,"gold_gain":0,"player_choice":"Memory 1","damage_taken":0,"max_hp_gain":0,"max_hp_loss":0,"event_name":"SensoryStone","floor":41,"gold_loss":0},{"damage_healed":0,"gold_gain":0,"player_choice":"Upgraded","damage_taken":0,"max_hp_gain":0,"max_hp_loss":0,"event_name":"Upgrade Shrine","floor":48,"gold_loss":0,"cards_upgraded":["Enlightenment"]}],"is_beta":false,"boss_relics":[{"not_picked":["Ectoplasm","Calling Bell"],"picked":"Empty Cage"},{"not_picked":["Lizard Tail","Orrery"],"picked":"Velvet Choker"}],"items_purged_floors":[4,14,42,45],"is_endless":false,"potions_floor_spawned":[1,10,12,18,22,31,35,44,46],"killed_by":"Shield and Spear","ascension_level":3}