{"gold_per_floor":[109,119,119,135,7,7,7,41,41,41,41],"floor_reached":11,"playtime":493,"items_purged":["Strike_G"],"score":142,"play_id":"b9e652b9-c6f9-40cb-9fb8-b11a6333ed00","local_time":"20190517230548","is_ascension_mode":true,"campfire_choices":[{"data":"Predator","floor":7,"key":"SMITH"},{"data":"Envenom","floor":10,"key":"SMITH"}],"neow_cost":"NONE","seed_source_timestamp":102485791730500,"circlet_count":0,"master_deck":["AscendersBane","Defend_G","Defend_G","Defend_G","Defend_G","Defend_G","Strike_G","Strike_G","Strike_G","Survivor","Neutralize+1","Cloak And Dagger","Predator+1","Bouncing Flask","Envenom+1"],"relics":["Ring of the Snake","The Specimen","Bottled Tornado"],"potions_floor_usage":[8,8],"damage_taken":[{"damage":1,"enemies":"2 Louse","floor":1,"turns":4},{"damage":3,"enemies":"Cultist","floor":2,"turns":5},{"damage":2,"enemies":"Jaw Worm","floor":4,"turns":4},{"damage":29,"enemies":"Gremlin Nob","floor":8,"turns":4},{"damage":34,"enemies":"Gremlin Gang","floor":11,"turns":3}],"seed_played":"8577728602692829658","potions_obtained":[{"floor":2,"key":"SteroidPotion"}],"is_trial":false,"path_per_floor":["M","M","?","M","$","?","R","E","T","R","M"],"character_chosen":"THE_SILENT","items_purchased":["Block Potion"],"campfire_rested":0,"item_purchase_floors":[5],"current_hp_per_floor":[64,61,61,59,59,59,59,30,30,30,0],"gold":41,"neow_bonus":"TEN_PERCENT_HP_BONUS","is_prod":false,"is_daily":false,"chose_seed":false,"campfire_upgraded":2,"win_rate":0,"timestamp":1558159548,"path_taken":["M","M","?","?","$","?","R","E","T","R","?"],"build_version":"2019-01-23","purchased_purges":1,"victory":false,"max_hp_per_floor":[72,72,72,72,72,72,72,72,72,72,72],"card_choices":[{"not_picked":["Reflex","Accuracy"],"picked":"Cloak And Dagger","floor":1},{"not_picked":["Deflect","Sucker Punch"],"picked":"Predator","floor":2},{"not_picked":["Choke","Blur"],"picked":"Bouncing Flask","floor":4},{"not_picked":["Underhanded Strike","Calculated Gamble"],"picked":"Envenom","floor":8}],"player_experience":1364982,"relics_obtained":[{"floor":8,"key":"The Specimen"},{"floor":9,"key":"Bottled Tornado"}],"event_choices":[{"damage_healed":0,"gold_gain":0,"player_choice":"Upgraded","damage_taken":0,"max_hp_gain":0,"max_hp_loss":0,"event_name":"Upgrade Shrine","floor":3,"gold_loss":0,"cards_upgraded":["Neutralize"]},{"cards_removed":["Strike_G"],"damage_healed":0,"gold_gain":0,"player_choice":"Offered Basic","damage_taken":0,"max_hp_gain":0,"max_hp_loss":0,"event_name":"Bonfire Elementals","floor":6,"gold_loss":0}],"is_beta":false,"boss_relics":[],"items_purged_floors":[5],"is_endless":false,"potions_floor_spawned":[2],"killed_by":"Gremlin Gang","ascension_level":20}