{"gold_per_floor":[112,112,37,48,48,48,74,74,74,90,90,121,139,157,157,231,231,243,243,253,270,80,80,112,57,136,170,170,185,235,246,246,320,320,339,339,356,409,419,444,28,48,48,77,77,104,104,21,21,21,21,21,21,21,47,47],"floor_reached":56,"playtime":2557,"items_purged":["Pain"],"score":2041,"play_id":"90c247f9-d4be-4565-9ebc-da10cfcb6190","local_time":"20190429000417","is_ascension_mode":true,"campfire_choices":[{"data":"Neutralize","floor":6.0,"key":"SMITH"},{"data":"Dash","floor":8.0,"key":"SMITH"},{"data":"Cloak And Dagger","floor":11.0,"key":"SMITH"},{"data":"Footwork","floor":15.0,"key":"SMITH"},{"data":"Tactician","floor":23.0,"key":"SMITH"},{"data":"Panache","floor":28.0,"key":"SMITH"},{"data":"Catalyst","floor":32.0,"key":"SMITH"},{"floor":47.0,"key":"RECALL"},{"data":"Footwork","floor":49.0,"key":"SMITH"},{"data":"Well Laid Plans","floor":53.0,"key":"SMITH"}],"neow_cost":"NONE","seed_source_timestamp":1211701085741702,"circlet_count":0,"master_deck":["AscendersBane","Survivor","Neutralize+1","Cloak And Dagger+1","Dagger Spray+1","Dash+1","Backstab","PiercingWail","Footwork+1","Malaise+1","Dodge and Roll","Die Die Die","Tactician+1","Acrobatics","Poisoned Stab","Quick Slash","Catalyst+1","Malaise","Endless Agony","Deflect","Backflip","Cloak And Dagger+1","Panache+1","Malaise","Backflip","Glass Knife+1","Acrobatics","Bouncing Flask","Adrenaline","Terror","Tactician+1","Calculated Gamble+1","Flechettes+1","Footwork+1","Well Laid Plans+1","Deflect+1"],"special_seed":0,"relics":["Ring of the Snake","NeowsBlessing","WarpedTongs","Anchor","Whetstone","Omamori","Pandora\u0027s Box","Blood Vial","Molten Egg 2","Happy Flower","Philosopher\u0027s Stone","Bird Faced Urn","Bag of Preparation","Tough Bandages","Bronze Scales","Ice Cream","StoneCalendar"],"potions_floor_usage":[56,56],"damage_taken":[{"damage":0.0,"enemies":"2 Louse","floor":1.0,"turns":1.0},{"damage":0.0,"enemies":"Cultist","floor":4.0,"turns":1.0},{"damage":0.0,"enemies":"Lagavulin","floor":7.0,"turns":1.0},{"damage":0.0,"enemies":"Jaw Worm","floor":10.0,"turns":2.0},{"damage":17.0,"enemies":"Gremlin Nob","floor":12.0,"turns":4.0},{"damage":0.0,"enemies":"Blue Slaver","floor":13.0,"turns":2.0},{"damage":1.0,"enemies":"Red Slaver","floor":14.0,"turns":4.0},{"damage":7.0,"enemies":"Slime Boss","floor":16.0,"turns":11.0},{"damage":0.0,"enemies":"3 Byrds","floor":18.0,"turns":5.0},{"damage":2.0,"enemies":"Shell Parasite","floor":20.0,"turns":8.0},{"damage":12.0,"enemies":"Snecko","floor":21.0,"turns":8.0},{"damage":6.0,"enemies":"Book of Stabbing","floor":24.0,"turns":8.0},{"damage":2.0,"enemies":"Gremlin Leader","floor":27.0,"turns":6.0},{"damage":0.0,"enemies":"3 Cultists","floor":29.0,"turns":4.0},{"damage":7.0,"enemies":"Shelled Parasite and Fungi","floor":31.0,"turns":5.0},{"damage":13.0,"enemies":"Champ","floor":33.0,"turns":12.0},{"damage":0.0,"enemies":"3 Darklings","floor":35.0,"turns":2.0},{"damage":0.0,"enemies":"Orb Walker","floor":37.0,"turns":2.0},{"damage":16.0,"enemies":"2 Orb Walkers","floor":38.0,"turns":3.0},{"damage":6.0,"enemies":"3 Darklings","floor":39.0,"turns":4.0},{"damage":27.0,"enemies":"Giant Head","floor":40.0,"turns":7.0},{"damage":0.0,"enemies":"Jaw Worm Horde","floor":42.0,"turns":2.0},{"damage":0.0,"enemies":"Nemesis","floor":44.0,"turns":7.0},{"damage":1.0,"enemies":"Reptomancer","floor":46.0,"turns":6.0},{"damage":4.0,"enemies":"Time Eater","floor":50.0,"turns":16.0},{"damage":37.0,"enemies":"Donu and Deca","floor":51.0,"turns":10.0},{"damage":53.0,"enemies":"Shield and Spear","floor":55.0,"turns":7.0},{"damage":30,"enemies":"The Heart","floor":56,"turns":5}],"seed_played":"-1728948548497337429","potions_obtained":[{"floor":4.0,"key":"Explosive Potion"},{"floor":13.0,"key":"SteroidPotion"},{"floor":16.0,"key":"SteroidPotion"},{"floor":24.0,"key":"Swift Potion"},{"floor":38.0,"key":"FearPotion"},{"floor":40.0,"key":"SneckoOil"},{"floor":46.0,"key":"Dexterity Potion"}],"is_trial":false,"path_per_floor":["M","?","$","M","?","R","E","R","T","M","R","E","M","M","R","B",null,"M","?","M","M","$","R","E","$","T","E","R","M","?","M","R","B",null,"M","?","M","?","M","E","$","M","T","E","?","E","R","$","R","B","B",null,"R","$","E","B"],"character_chosen":"THE_SILENT","items_purchased":["Panache","Backflip","Tough Bandages","Flechettes+1","Well Laid Plans"],"campfire_rested":0,"item_purchase_floors":[22,25,41,41,48],"current_hp_per_floor":[59,59,59,59,59,59,59,59,59,59,59,42,42,41,41,34,58,58,58,56,44,44,44,38,38,38,38,38,40,40,35,35,24,56,58,76,76,60,60,39,39,43,43,49,49,54,54,54,54,60,33,65,65,65,22,0],"gold":47,"neow_bonus":"THREE_ENEMY_KILL","is_prod":false,"is_daily":false,"chose_seed":false,"campfire_upgraded":9,"win_rate":0,"timestamp":1556507057,"path_taken":["M","?","$","?","?","R","E","R","T","M","R","E","M","M","R","BOSS","M","?","M","M","$","R","E","$","T","E","R","?","?","M","R","BOSS","M","?","?","?","M","E","$","M","T","E","?","E","R","?","R","BOSS","BOSS","R","$","E","BOSS"],"build_version":"2019-01-23","purchased_purges":1,"victory":false,"max_hp_per_floor":[66,66,66,66,66,66,66,66,66,66,66,66,66,66,66,66,66,66,66,66,66,66,66,66,66,66,66,66,66,66,66,66,66,66,66,76,76,76,76,76,76,76,76,76,76,76,76,76,76,76,76,76,76,76,76,76],"card_choices":[{"not_picked":["Blade Dance","Reflex"],"picked":"Cloak And Dagger","floor":1.0},{"not_picked":["Outmaneuver","Cloak And Dagger"],"picked":"Dagger Spray","floor":4.0},{"not_picked":["Slice","Bane"],"picked":"Dash","floor":7.0},{"not_picked":["Flechettes","Setup","Expertise"],"picked":"SKIP","floor":10.0},{"not_picked":["PiercingWail","Poisoned Stab"],"picked":"Backstab","floor":12.0},{"not_picked":["Acrobatics","Sucker Punch"],"picked":"PiercingWail","floor":13.0},{"not_picked":["Prepared","Dagger Throw"],"picked":"Footwork","floor":14.0},{"not_picked":["Die Die Die","Phantasmal Killer"],"picked":"Malaise","floor":16.0},{"not_picked":["Acrobatics","Dagger Throw"],"picked":"Deflect","floor":18.0},{"not_picked":["Caltrops","Deflect"],"picked":"Backflip","floor":20.0},{"not_picked":["Underhanded Strike","Outmaneuver"],"picked":"Cloak And Dagger+1","floor":21.0},{"not_picked":["Finisher","Endless Agony"],"picked":"Malaise","floor":24.0},{"not_picked":["Slice+1","Dagger Throw+1"],"picked":"Glass Knife+1","floor":27.0},{"not_picked":["PiercingWail","Catalyst"],"picked":"Acrobatics","floor":29.0},{"not_picked":["Blade Dance","Bane+1"],"picked":"Bouncing Flask","floor":31.0},{"not_picked":["Die Die Die+1","Grand Finale+1"],"picked":"Adrenaline","floor":33.0},{"not_picked":["Quick Slash+1","Terror","Underhanded Strike+1"],"picked":"SKIP","floor":35.0},{"not_picked":["Quick Slash+1","Underhanded Strike+1"],"picked":"Terror","floor":35.0},{"not_picked":["Deadly Poison","Setup","Terror"],"picked":"SKIP","floor":37.0},{"not_picked":["Deadly Poison","Setup","Terror"],"picked":"SKIP","floor":37.0},{"not_picked":["Deflect","Masterful Stab+1"],"picked":"Tactician+1","floor":38.0},{"not_picked":["Dagger Spray+1","Masterful Stab+1","Slice+1"],"picked":"SKIP","floor":39.0},{"not_picked":["Poisoned Stab+1","Deadly Poison+1"],"picked":"Calculated Gamble+1","floor":40.0},{"not_picked":["Blade Dance+1","Dagger Spray+1","Flying Knee+1"],"picked":"SKIP","floor":42.0},{"not_picked":["Blade Dance+1","Dagger Spray+1","Flying Knee+1"],"picked":"SKIP","floor":42.0},{"not_picked":["Sucker Punch+1","Backstab+1","Blade Dance"],"picked":"SKIP","floor":44.0},{"not_picked":["Tactician","Grand Finale+1"],"picked":"Footwork","floor":46.0},{"not_picked":["Dodge and Roll+1","Reflex+1"],"picked":"Deflect+1","floor":55.0}],"player_experience":2225592,"relics_obtained":[{"floor":7.0,"key":"Anchor"},{"floor":9.0,"key":"Whetstone"},{"floor":12.0,"key":"Omamori"},{"floor":24.0,"key":"Blood Vial"},{"floor":26.0,"key":"Molten Egg 2"},{"floor":27.0,"key":"Happy Flower"},{"floor":38.0,"key":"Bird Faced Urn"},{"floor":40.0,"key":"Bag of Preparation"},{"floor":44.0,"key":"Bronze Scales"},{"floor":46.0,"key":"Ice Cream"},{"floor":55.0,"key":"StoneCalendar"}],"event_choices":[{"damage_healed":0.0,"max_hp_gain":0.0,"max_hp_loss":0.0,"gold_gain":0.0,"event_name":"Accursed Blacksmith","player_choice":"Rummage","floor":2.0,"gold_loss":0.0,"damage_taken":0.0,"relics_obtained":["WarpedTongs"],"cards_obtained":["Pain"]},{"damage_healed":0.0,"max_hp_gain":0.0,"max_hp_loss":0.0,"gold_gain":0.0,"event_name":"Living Wall","player_choice":"Grow","floor":5.0,"gold_loss":0.0,"damage_taken":0.0,"cards_upgraded":["Dagger Spray"]},{"damage_healed":0.0,"max_hp_gain":0.0,"max_hp_loss":0.0,"gold_gain":0.0,"event_name":"Upgrade Shrine","player_choice":"Upgraded","floor":19.0,"gold_loss":0.0,"damage_taken":0.0,"cards_upgraded":["Malaise"]},{"damage_healed":0.0,"max_hp_gain":0.0,"max_hp_loss":0.0,"gold_gain":50.0,"event_name":"Nest","player_choice":"Stole From Cult","floor":30.0,"gold_loss":0.0,"damage_taken":0.0},{"cards_removed":["Grand Finale"],"damage_healed":8.0,"max_hp_gain":10.0,"max_hp_loss":0.0,"gold_gain":0.0,"event_name":"Bonfire Elementals","player_choice":"Offered Rare","floor":36.0,"gold_loss":0.0,"damage_taken":0.0},{"damage_healed":0.0,"max_hp_gain":0.0,"max_hp_loss":0.0,"gold_gain":0.0,"event_name":"Mysterious Sphere","player_choice":"Fight","floor":38.0,"gold_loss":0.0,"damage_taken":0.0},{"damage_healed":0.0,"max_hp_gain":0.0,"max_hp_loss":0.0,"gold_gain":0.0,"event_name":"SensoryStone","player_choice":"Memory 1","floor":45.0,"gold_loss":0.0,"damage_taken":0.0}],"is_beta":false,"boss_relics":[{"not_picked":["White Beast Statue","Ring of the Serpent"],"picked":"Pandora\u0027s Box"},{"not_picked":["WristBlade","Runic Pyramid"],"picked":"Philosopher\u0027s Stone"}],"items_purged_floors":[3],"is_endless":false,"potions_floor_spawned":[4,13,16,24,31,38,40,42,46],"killed_by":"The Heart","ascension_level":20}