{"gold_per_floor":[116,116,135,148,92,118,118],"floor_reached":7,"playtime":429,"items_purged":[],"score":99,"play_id":"b2517953-4b22-4e7a-811e-3a4ec90a39a7","local_time":"20190421091253","is_ascension_mode":true,"campfire_choices":[],"neow_cost":"NONE","seed_source_timestamp":406968030600,"circlet_count":0,"master_deck":["AscendersBane","Defend_G","Defend_G","Defend_G","Defend_G","Defend_G","Strike_G","Strike_G","Strike_G","Strike_G","Survivor","Neutralize","Leg Sweep","Slice","Choke","Deadly Poison"],"special_seed":0,"relics":["Ring of the Snake","NeowsBlessing","Letter Opener"],"potions_floor_usage":[],"damage_taken":[{"damage":0.0,"enemies":"Small Slimes","floor":1.0,"turns":1.0},{"damage":0.0,"enemies":"Cultist","floor":3.0,"turns":1.0},{"damage":0.0,"enemies":"2 Louse","floor":4.0,"turns":1.0},{"damage":54.0,"enemies":"Gremlin Nob","floor":6.0,"turns":7.0},{"damage":8,"enemies":"Exordium Wildlife","floor":7,"turns":5}],"seed_played":"-1452796686707039327","potions_obtained":[{"floor":3.0,"key":"SkillPotion"}],"is_trial":false,"path_per_floor":["M","?","M","M","?","E","M"],"character_chosen":"THE_SILENT","items_purchased":[],"campfire_rested":0,"item_purchase_floors":[],"current_hp_per_floor":[59,59,59,59,59,5,0],"gold":118,"neow_bonus":"THREE_ENEMY_KILL","is_prod":false,"is_daily":false,"chose_seed":false,"campfire_upgraded":0,"win_rate":0,"timestamp":1555863173,"path_taken":["M","?","?","?","?","E","M"],"build_version":"2019-01-23","purchased_purges":0,"victory":false,"max_hp_per_floor":[66,66,66,66,66,66,66],"card_choices":[{"not_picked":["Acrobatics","Blur"],"picked":"Leg Sweep","floor":1.0},{"not_picked":["Dodge and Roll","Accuracy"],"picked":"Slice","floor":3.0},{"not_picked":["Concentrate","Deadly Poison"],"picked":"Choke","floor":4.0},{"not_picked":["Slice","Escape Plan"],"picked":"Deadly Poison","floor":6.0}],"player_experience":936847,"relics_obtained":[{"floor":6.0,"key":"Letter Opener"}],"event_choices":[{"cards_removed":["Strike_G"],"damage_healed":0.0,"max_hp_gain":0.0,"max_hp_loss":0.0,"gold_gain":0.0,"event_name":"Wheel of Change","player_choice":"Card Removal","floor":2.0,"gold_loss":0.0,"damage_taken":0.0},{"damage_healed":0.0,"max_hp_gain":0.0,"max_hp_loss":0.0,"gold_gain":0.0,"event_name":"World of Goop","player_choice":"Left Gold","floor":5.0,"gold_loss":56.0,"damage_taken":0.0}],"is_beta":false,"boss_relics":[],"items_purged_floors":[],"is_endless":false,"potions_floor_spawned":[3],"killed_by":"Exordium Wildlife","ascension_level":19}