{"gold_per_floor":[115,126,126,23,35,65,65,90,90,104,104,134,134,150,150,224,224,238,238,138,152,152,152,59,86,86,86,97,22,22,54,54,129,129,139,139,155,170,184,213,213,239,290,309,324,337,352,382,382,382,382,382,382,29,55,55],"floor_reached":57,"playtime":2104,"items_purged":["Strike_R","Strike_R"],"score":2908,"play_id":"035d3af7-e50a-4364-8fc7-4aac8c85bf35","local_time":"20190411193357","is_ascension_mode":true,"campfire_choices":[{"data":"Bash","floor":7.0,"key":"SMITH"},{"data":"Inflame","floor":11.0,"key":"SMITH"},{"data":"Battle Trance","floor":15.0,"key":"SMITH"},{"data":"Limit Break","floor":23.0,"key":"SMITH"},{"data":"Heavy Blade","floor":27.0,"key":"SMITH"},{"data":"Feed","floor":32.0,"key":"SMITH"},{"data":"Limit Break","floor":41,"key":"SMITH"},{"floor":49,"key":"RECALL"},{"data":"Feel No Pain","floor":53,"key":"SMITH"}],"neow_cost":"NONE","seed_source_timestamp":1554362163554251,"circlet_count":0,"master_deck":["AscendersBane","Defend_R","Defend_R","Defend_R","Defend_R","Bash+1","Inflame+1","Anger","Pommel Strike","Pummel","Battle Trance+1","Headbutt","Reaper","Shrug It Off","Limit Break+1","Shrug It Off","Heavy Blade+1","Feed+1","Combust+1","Limit Break+1","Shockwave+1","Headbutt","Feel No Pain+1","Corruption","Sword Boomerang","Reaper","Shrug It Off+1","Inflame+1"],"special_seed":0,"relics":["Burning Blood","Happy Flower","Matryoshka","Pen Nib","Torii","Paper Frog","Shuriken","Anchor","Coffee Dripper","Lantern","Blue Candle","Bronze Scales","Red Skull","Champion Belt","Runic Pyramid","PreservedInsect","Toxic Egg 2","Mercury Hourglass","DollysMirror","Art of War"],"potions_floor_usage":[40,44,56,56],"damage_taken":[{"damage":3.0,"enemies":"2 Louse","floor":1.0,"turns":3.0},{"damage":1.0,"enemies":"Cultist","floor":2.0,"turns":3.0},{"damage":7.0,"enemies":"Jaw Worm","floor":5.0,"turns":3.0},{"damage":8.0,"enemies":"Gremlin Nob","floor":6.0,"turns":3.0},{"damage":18.0,"enemies":"Lagavulin","floor":8.0,"turns":4.0},{"damage":0.0,"enemies":"Lots of Slimes","floor":10.0,"turns":2.0},{"damage":22.0,"enemies":"3 Sentries","floor":12.0,"turns":6.0},{"damage":17.0,"enemies":"Exordium Thugs","floor":14.0,"turns":5.0},{"damage":10.0,"enemies":"The Guardian","floor":16.0,"turns":10.0},{"damage":1.0,"enemies":"Chosen","floor":18.0,"turns":3.0},{"damage":12.0,"enemies":"3 Byrds","floor":21.0,"turns":4.0},{"damage":0.0,"enemies":"Shelled Parasite and Fungi","floor":22.0,"turns":1.0},{"damage":22.0,"enemies":"Book of Stabbing","floor":25.0,"turns":4.0},{"damage":1.0,"enemies":"Snake Plant","floor":28.0,"turns":2.0},{"damage":32.0,"enemies":"Gremlin Leader","floor":31.0,"turns":5.0},{"damage":58.0,"enemies":"Automaton","floor":33.0,"turns":8.0},{"damage":28,"enemies":"3 Shapes","floor":35,"turns":7},{"damage":0,"enemies":"Orb Walker","floor":37,"turns":3},{"damage":46,"enemies":"Jaw Worm Horde","floor":38,"turns":5},{"damage":9,"enemies":"Maw","floor":39,"turns":5},{"damage":0,"enemies":"Giant Head","floor":40,"turns":3},{"damage":65,"enemies":"Nemesis","floor":42,"turns":5},{"damage":26,"enemies":"Transient","floor":44,"turns":6},{"damage":12,"enemies":"Jaw Worm Horde","floor":45,"turns":4},{"damage":39,"enemies":"Sphere and 2 Shapes","floor":46,"turns":5},{"damage":0,"enemies":"Transient","floor":47,"turns":6},{"damage":2,"enemies":"Giant Head","floor":48,"turns":5},{"damage":73,"enemies":"Donu and Deca","floor":50,"turns":7},{"damage":80,"enemies":"Time Eater","floor":51,"turns":5},{"damage":86,"enemies":"Shield and Spear","floor":55,"turns":7},{"damage":94,"enemies":"The Heart","floor":56,"turns":6}],"seed_played":"-9207903088163085851","potions_obtained":[{"floor":1.0,"key":"Block Potion"},{"floor":5.0,"key":"Explosive Potion"},{"floor":8.0,"key":"Energy Potion"},{"floor":14.0,"key":"SmokeBomb"},{"floor":16.0,"key":"LiquidBronze"},{"floor":25.0,"key":"Fire Potion"},{"floor":37,"key":"Regen Potion"},{"floor":39,"key":"Fruit Juice"},{"floor":44,"key":"Explosive Potion"},{"floor":45,"key":"Strength Potion"}],"is_trial":false,"path_per_floor":["M","M","?","$","M","E","R","E","T","M","R","E","?","M","R","B",null,"M","?","$","M","M","R","?","E","T","R","M","?","?","E","R","B",null,"M","?","M","M","M","E","R","E","T","M","M","M","M","E","R","B","B",null,"R","$","E","B",null],"character_chosen":"IRONCLAD","items_purchased":["Pommel Strike","DollysMirror","Shrug It Off+1","LiquidBronze"],"campfire_rested":0,"item_purchase_floors":[4,54,54,54],"current_hp_per_floor":[71,75,49,49,48,46,46,34,34,40,40,24,24,29,29,25,63,75,75,75,75,75,75,75,59,59,59,64,64,64,73,73,55,70,79,75,75,79,80,92,92,91,91,96,94,93,103,111,111,96,120,120,120,120,80,44],"gold":55,"neow_bonus":"RANDOM_COMMON_RELIC","is_prod":false,"is_daily":false,"chose_seed":false,"campfire_upgraded":8,"win_rate":0,"timestamp":1555022037,"path_taken":["M","M","?","$","M","E","R","E","T","M","R","E","?","?","R","BOSS","M","?","$","?","M","R","?","E","T","R","?","?","?","E","R","BOSS","M","?","M","M","M","E","R","E","T","M","M","M","M","E","R","BOSS","BOSS","R","$","E","BOSS"],"build_version":"2019-01-23","purchased_purges":2,"victory":true,"max_hp_per_floor":[75,75,75,75,75,75,75,75,75,75,75,75,75,75,75,75,75,75,75,75,75,75,75,75,75,75,75,75,75,75,75,75,75,75,79,75,75,79,83,92,92,96,96,96,100,104,108,112,112,116,120,120,120,120,120,120],"card_choices":[{"not_picked":["Blood for Blood","Shrug It Off"],"picked":"Inflame","floor":1.0},{"not_picked":["Carnage","Thunderclap"],"picked":"Anger","floor":2.0},{"not_picked":["Havoc","Reckless Charge","Blood for Blood"],"picked":"SKIP","floor":5.0},{"not_picked":["True Grit","Pommel Strike"],"picked":"Pummel","floor":6.0},{"not_picked":["Disarm","Twin Strike"],"picked":"Battle Trance","floor":8.0},{"not_picked":["Uppercut","Body Slam"],"picked":"Headbutt","floor":10.0},{"not_picked":["Havoc","True Grit"],"picked":"Reaper","floor":12.0},{"not_picked":["Pommel Strike","Sentinel"],"picked":"Shrug It Off","floor":14.0},{"not_picked":["Exhume","Double Tap"],"picked":"Limit Break","floor":16.0},{"not_picked":["Clothesline","Power Through"],"picked":"Shrug It Off","floor":18.0},{"not_picked":["Flex","Wild Strike"],"picked":"Heavy Blade","floor":21.0},{"not_picked":["Spot Weakness","Heavy Blade+1"],"picked":"Feed","floor":25.0},{"not_picked":["Evolve","Thunderclap"],"picked":"Combust+1","floor":28.0},{"not_picked":["Clothesline","Wild Strike","Blood for Blood"],"picked":"SKIP","floor":31.0},{"not_picked":["Juggernaut","Barricade"],"picked":"Limit Break","floor":33.0},{"not_picked":["Pummel","Cleave"],"picked":"Shockwave+1","floor":35},{"not_picked":["Headbutt","Rage","Clothesline"],"picked":"SKIP","floor":37},{"not_picked":["Headbutt","Rage","Clothesline"],"picked":"SKIP","floor":37},{"not_picked":["Rage","Clothesline"],"picked":"Headbutt","floor":37},{"not_picked":["Pummel","Perfected Strike+1","Headbutt"],"picked":"SKIP","floor":38},{"not_picked":["Pommel Strike","Heavy Blade","Flex"],"picked":"SKIP","floor":39},{"not_picked":["Carnage","Juggernaut"],"picked":"Feel No Pain","floor":40},{"not_picked":["Ghostly Armor","Intimidate","Pommel Strike"],"picked":"SKIP","floor":42},{"not_picked":["Rampage+1","Flex+1"],"picked":"Corruption","floor":44},{"not_picked":["Clash","Wild Strike","Metallicize"],"picked":"SKIP","floor":45},{"not_picked":["Clash","Wild Strike","Metallicize"],"picked":"SKIP","floor":45},{"not_picked":["Feel No Pain","Sever Soul+1"],"picked":"Sword Boomerang","floor":46},{"not_picked":["Cleave","Twin Strike+1","Sever Soul+1"],"picked":"SKIP","floor":47},{"not_picked":["Cleave","Twin Strike+1","Sever Soul+1"],"picked":"SKIP","floor":47},{"not_picked":["Demon Form","Wild Strike","Heavy Blade"],"picked":"SKIP","floor":48},{"not_picked":["Thunderclap","Perfected Strike"],"picked":"Inflame+1","floor":55}],"player_experience":2078646,"relics_obtained":[{"floor":6.0,"key":"Pen Nib"},{"floor":8.0,"key":"Torii"},{"floor":9.0,"key":"Paper Frog"},{"floor":9.0,"key":"Shuriken"},{"floor":12.0,"key":"Anchor"},{"floor":25.0,"key":"Blue Candle"},{"floor":26.0,"key":"Bronze Scales"},{"floor":26.0,"key":"Red Skull"},{"floor":31.0,"key":"Champion Belt"},{"floor":40,"key":"PreservedInsect"},{"floor":42,"key":"Toxic Egg 2"},{"floor":48,"key":"Mercury Hourglass"},{"floor":55,"key":"Art of War"}],"event_choices":[{"damage_healed":0.0,"max_hp_gain":0.0,"max_hp_loss":0.0,"gold_gain":0.0,"event_name":"Scrap Ooze","player_choice":"Success","floor":3.0,"gold_loss":0.0,"damage_taken":26.0,"relics_obtained":["Matryoshka"]},{"cards_removed":["Strike_R"],"damage_healed":0.0,"max_hp_gain":0.0,"max_hp_loss":0.0,"gold_gain":0.0,"event_name":"Purifier","player_choice":"Purged","floor":13.0,"gold_loss":0.0,"damage_taken":0.0},{"cards_removed":["Strike_R"],"damage_healed":0.0,"max_hp_gain":0.0,"max_hp_loss":0.0,"gold_gain":0.0,"event_name":"Bonfire Elementals","player_choice":"Offered Basic","floor":19.0,"gold_loss":0.0,"damage_taken":0.0},{"damage_healed":0.0,"max_hp_gain":0.0,"max_hp_loss":0.0,"gold_gain":0.0,"event_name":"WeMeetAgain","player_choice":"Paid Gold","floor":24.0,"gold_loss":93.0,"damage_taken":0.0,"relics_obtained":["Lantern"]},{"cards_removed":["Strike_R"],"damage_healed":0.0,"max_hp_gain":0.0,"max_hp_loss":0.0,"gold_gain":0.0,"event_name":"Beggar","player_choice":"Gave Gold","floor":29.0,"gold_loss":75.0,"damage_taken":0.0},{"damage_healed":0.0,"max_hp_gain":0.0,"max_hp_loss":0.0,"gold_gain":0.0,"event_name":"Ghosts","player_choice":"Ignored","floor":30.0,"gold_loss":0.0,"damage_taken":0.0},{"damage_healed":0,"gold_gain":0,"player_choice":"Max HP","damage_taken":0,"max_hp_gain":0,"max_hp_loss":4,"event_name":"Winding Halls","floor":36,"gold_loss":0}],"is_beta":false,"boss_relics":[{"not_picked":["Runic Dome","Velvet Choker"],"picked":"Coffee Dripper"},{"not_picked":["Astrolabe","Cursed Key"],"picked":"Runic Pyramid"}],"items_purged_floors":[4,20],"is_endless":false,"potions_floor_spawned":[1,5,8,14,16,21,25,37,38,39,44,45],"ascension_level":20}