{"gold_per_floor":[16,29,39,49,67,99,99,124,124,124,104,117,151,161,161,232,232,245,264,264,0,50,76,93,118,118,129,129,53,66,98,98,98],"floor_reached":33,"playtime":1343,"items_purged":[],"score":683,"play_id":"9c4c66af-f7ac-4fbb-a835-fa97a619abc4","local_time":"20190401220703","is_ascension_mode":true,"campfire_choices":[{"data":"Immolate","floor":7.0,"key":"SMITH"},{"data":"Bash","floor":10.0,"key":"SMITH"},{"data":"Armaments","floor":15.0,"key":"SMITH"},{"data":"Battle Trance","floor":28,"key":"SMITH"},{"data":"Heavy Blade","floor":32,"key":"SMITH"}],"neow_cost":"NO_GOLD","seed_source_timestamp":700231989363881,"circlet_count":0,"master_deck":["AscendersBane","Strike_R","Strike_R","Strike_R","Strike_R","Strike_R","Defend_R","Defend_R","Defend_R","Defend_R","Bash+1","Twin Strike","Feel No Pain","True Grit","Battle Trance+1","Immolate+1","Armaments+1","Shrug It Off","Disarm","Evolve","Demon Form","Feel No Pain","Reckless Charge","Power Through+1","Heavy Blade+1","Havoc+1","Feed","Disarm+1","Clothesline+1","Combust+1"],"special_seed":0,"relics":["Burning Blood","Bird Faced Urn","Gambling Chip","Orichalcum","Pen Nib","Velvet Choker","Toxic Egg 2","Bottled Lightning","Frozen Egg 2","Omamori"],"potions_floor_usage":[33],"damage_taken":[{"damage":7.0,"enemies":"Cultist","floor":1.0,"turns":4.0},{"damage":0.0,"enemies":"Small Slimes","floor":2.0,"turns":3.0},{"damage":8.0,"enemies":"2 Louse","floor":3.0,"turns":4.0},{"damage":39.0,"enemies":"Large Slime","floor":4.0,"turns":12.0},{"damage":0.0,"enemies":"Blue Slaver","floor":5.0,"turns":8.0},{"damage":24.0,"enemies":"Gremlin Nob","floor":6.0,"turns":4.0},{"damage":22.0,"enemies":"Lagavulin","floor":8.0,"turns":7.0},{"damage":0.0,"enemies":"3 Louse","floor":12.0,"turns":1.0},{"damage":4.0,"enemies":"3 Sentries","floor":13.0,"turns":4.0},{"damage":0.0,"enemies":"Lots of Slimes","floor":14.0,"turns":2.0},{"damage":35.0,"enemies":"Hexaghost","floor":16.0,"turns":11.0},{"damage":1.0,"enemies":"Chosen","floor":18.0,"turns":4.0},{"damage":16.0,"enemies":"Spheric Guardian","floor":19.0,"turns":5.0},{"damage":15.0,"enemies":"Slavers","floor":23.0,"turns":6.0},{"damage":19,"enemies":"Snake Plant","floor":24,"turns":5},{"damage":21,"enemies":"Gremlin Leader","floor":25,"turns":5},{"damage":28,"enemies":"Snecko","floor":27,"turns":6},{"damage":0,"enemies":"Cultist and Chosen","floor":30,"turns":8},{"damage":7,"enemies":"Book of Stabbing","floor":31,"turns":7},{"damage":77,"enemies":"Automaton","floor":33,"turns":10}],"seed_played":"-3171179434699793845","potions_obtained":[{"floor":1.0,"key":"Ancient Potion"},{"floor":3.0,"key":"Block Potion"},{"floor":6.0,"key":"Regen Potion"},{"floor":11.0,"key":"AttackPotion"},{"floor":13.0,"key":"SkillPotion"},{"floor":18.0,"key":"Block Potion"},{"floor":20.0,"key":"LiquidBronze"},{"floor":20.0,"key":"AttackPotion"}],"is_trial":false,"path_per_floor":["M","M","M","M","M","E","R","E","T","R","?","M","E","M","R","B",null,"M","M","?","$","?","E","M","E","T","M","R","$","M","E","R","B"],"character_chosen":"IRONCLAD","items_purchased":["Toxic Egg 2","Disarm+1"],"campfire_rested":0,"item_purchase_floors":[21,29],"current_hp_per_floor":[81,87,85,52,58,40,40,41,41,41,41,47,51,57,57,32,75,86,81,81,81,73,68,63,56,56,42,42,42,59,67,67,0],"gold":98,"neow_bonus":"TWENTY_PERCENT_HP_BONUS","is_prod":false,"is_daily":false,"chose_seed":false,"campfire_upgraded":5,"win_rate":0,"timestamp":1554167223,"path_taken":["M","M","M","M","?","E","R","E","T","R","?","?","E","M","R","BOSS","M","M","?","?","?","E","?","E","T","M","R","$","?","E","R","BOSS"],"build_version":"2019-01-23","purchased_purges":0,"victory":false,"max_hp_per_floor":[89,89,89,89,89,89,89,89,89,89,89,89,89,89,89,89,89,89,89,89,89,89,89,89,89,89,89,89,89,92,95,95,95],"card_choices":[{"not_picked":["Rupture","Fire Breathing"],"picked":"Twin Strike","floor":1.0},{"not_picked":["Twin Strike","Headbutt"],"picked":"Feel No Pain","floor":2.0},{"not_picked":["Heavy Blade","Hemokinesis"],"picked":"True Grit","floor":3.0},{"not_picked":["Twin Strike","Cleave"],"picked":"Battle Trance","floor":4.0},{"not_picked":["Reckless Charge","Iron Wave"],"picked":"Immolate","floor":5.0},{"not_picked":["Clothesline","Cleave","Sentinel"],"picked":"SKIP","floor":6.0},{"not_picked":["Sever Soul","Iron Wave"],"picked":"Armaments","floor":8.0},{"not_picked":["Fire Breathing","Cleave"],"picked":"Shrug It Off","floor":12.0},{"not_picked":["Shrug It Off","Feel No Pain"],"picked":"Disarm","floor":13.0},{"not_picked":["Headbutt","Ghostly Armor"],"picked":"Evolve","floor":14.0},{"not_picked":["Barricade","Impervious"],"picked":"Demon Form","floor":16.0},{"not_picked":["Rage","Heavy Blade"],"picked":"Feel No Pain","floor":18.0},{"not_picked":["Pommel Strike","Clash"],"picked":"Reckless Charge","floor":19.0},{"not_picked":["Body Slam","Twin Strike"],"picked":"Power Through+1","floor":23.0},{"not_picked":["Heavy Blade","Flex+1","Seeing Red+1"],"picked":"SKIP","floor":24},{"not_picked":["Flex+1","Seeing Red+1"],"picked":"Heavy Blade","floor":24},{"not_picked":["Clash","Ghostly Armor+1"],"picked":"Havoc+1","floor":25},{"not_picked":["Spot Weakness+1","Havoc+1"],"picked":"Feed","floor":27},{"not_picked":["Anger","Infernal Blade+1"],"picked":"Clothesline+1","floor":30},{"not_picked":["Pummel","Rage+1"],"picked":"Combust+1","floor":31}],"player_experience":1965776,"relics_obtained":[{"floor":6.0,"key":"Bird Faced Urn"},{"floor":8.0,"key":"Gambling Chip"},{"floor":9.0,"key":"Orichalcum"},{"floor":13.0,"key":"Pen Nib"},{"floor":23.0,"key":"Bottled Lightning"},{"floor":25,"key":"Frozen Egg 2"},{"floor":31,"key":"Omamori"}],"event_choices":[{"damage_healed":0.0,"max_hp_gain":0.0,"max_hp_loss":0.0,"gold_gain":0.0,"event_name":"The Woman in Blue","player_choice":"Bought 1 Potion","floor":11.0,"gold_loss":0.0,"damage_taken":0.0},{"damage_healed":0.0,"max_hp_gain":0.0,"max_hp_loss":0.0,"gold_gain":0.0,"event_name":"Lab","player_choice":"Got Potions","floor":20.0,"gold_loss":0.0,"damage_taken":0.0},{"damage_healed":0.0,"max_hp_gain":0.0,"max_hp_loss":0.0,"gold_gain":50.0,"event_name":"FaceTrader","player_choice":"Touch","floor":22.0,"gold_loss":0.0,"damage_taken":8.0}],"is_beta":false,"boss_relics":[{"not_picked":["Busted Crown","Eternal Feather"],"picked":"Velvet Choker"}],"items_purged_floors":[],"is_endless":false,"potions_floor_spawned":[1,3,4,6,13,14,18,24,25],"killed_by":"Automaton","ascension_level":20}