{"gold_per_floor":[116,3,21,32,32,32,61,61,61,61,61,78,107,125,125,225,255,267,279,279,293,311,311,328,77,127,2,2,15,32,43,43,43],"floor_reached":33,"playtime":4517,"items_purged":["Strike_B","Strike_B","Defend_B"],"score":261,"play_id":"a701cb67-7407-4671-a536-1be9d0ce77d2","local_time":"20180708234521","is_ascension_mode":false,"campfire_choices":[{"data":"Tempest","floor":6,"key":"SMITH"},{"data":"Zap","floor":8,"key":"SMITH"},{"data":"Dualcast","floor":11,"key":"SMITH"},{"floor":15,"key":"REST"},{"floor":23,"key":"REST"},{"floor":28,"key":"REST"},{"floor":32,"key":"REST"}],"neow_cost":"","seed_source_timestamp":40486380276514,"circlet_count":0,"master_deck":["Defend_B","Defend_B","Defend_B","Zap+1","Dualcast+1","Hologram","Tempest+1","Barrage","Ball Lightning","Ball Lightning+1","Consume+1","Coolheaded+1","Fission+1","Conserve Battery+1","Ball Lightning+1","Redo+1","Chill+1","Coolheaded+1","Glacier+1","Barrage+1","Conserve Battery+1"],"relics":["Cracked Core","Oddly Smooth Stone","Toxic Egg 2","Juzu Bracelet","Tiny House","Boot","Orichalcum"],"potions_floor_usage":[13,16,16,30,31,33],"damage_taken":[{"damage":1,"enemies":"Jaw Worm","floor":1,"turns":4},{"damage":19,"enemies":"Small Slimes","floor":3,"turns":3},{"damage":0,"enemies":"2 Louse","floor":4,"turns":3},{"damage":14,"enemies":"3 Sentries","floor":7,"turns":5},{"damage":5,"enemies":"Exordium Wildlife","floor":12,"turns":3},{"damage":8,"enemies":"Lagavulin","floor":13,"turns":4},{"damage":0,"enemies":"Gremlin Gang","floor":14,"turns":3},{"damage":15,"enemies":"Hexaghost","floor":16,"turns":6},{"damage":19,"enemies":"3 Byrds","floor":18,"turns":5},{"damage":5,"enemies":"Chosen","floor":19,"turns":4},{"damage":8,"enemies":"Snecko","floor":21,"turns":4},{"damage":12,"enemies":"Snake Plant","floor":22,"turns":4},{"damage":33,"enemies":"Cultist and Chosen","floor":24,"turns":5},{"damage":9,"enemies":"Sentry and Sphere","floor":29,"turns":4},{"damage":18,"enemies":"Centurion and Healer","floor":30,"turns":7},{"damage":8,"enemies":"Slaver and Parasite","floor":31,"turns":5},{"damage":28,"enemies":"Automaton","floor":33,"turns":8}],"seed_played":"6593263080929373091","potions_obtained":[{"floor":1,"key":"Swift Potion"},{"floor":3,"key":"SkillPotion"},{"floor":13,"key":"Fire Potion"},{"floor":14,"key":"LiquidBronze"},{"floor":18,"key":"Explosive Potion"},{"floor":24,"key":"LiquidBronze"},{"floor":29,"key":"Energy Potion"}],"is_trial":false,"path_per_floor":["M","$","M","M","?","R","E","R","T","?","R","M","E","M","R","B",null,"M","M","?","M","M","R","M","$","T","$","R","M","M","M","R"],"character_chosen":"DEFECT","items_purchased":["Tempest","Boot"],"campfire_rested":4,"item_purchase_floors":[2,25],"current_hp_per_floor":[74,74,55,55,48,48,34,34,34,34,34,29,21,21,43,28,80,61,56,41,33,21,46,13,13,13,13,38,29,11,3,28,0],"gold":43,"neow_bonus":"","is_prod":false,"is_daily":false,"chose_seed":false,"campfire_upgraded":3,"win_rate":0.0,"timestamp":1531111521,"path_taken":["M","$","M","M","?","R","E","R","T","?","R","M","E","M","R","BOSS","M","M","?","M","M","R","M","$","T","$","R","M","M","M","R","BOSS"],"build_version":"2018-07-05","purchased_purges":3,"victory":false,"max_hp_per_floor":[75,75,75,75,75,75,75,75,75,75,75,75,75,75,75,75,80,80,80,85,85,85,85,85,85,85,85,85,85,85,85,85,85],"card_choices":[{"not_picked":["Go for the Eyes","Leap"],"picked":"Hologram","floor":1},{"not_picked":["Go for the Eyes","Doom and Gloom"],"picked":"Barrage","floor":3},{"not_picked":["Static Discharge","Beam Cell"],"picked":"Ball Lightning","floor":4},{"not_picked":["Heatsinks","Static Discharge"],"picked":"Ball Lightning","floor":7},{"not_picked":["Streamline","Hello World","Gash"],"picked":"SKIP","floor":12},{"not_picked":["Beam Cell","Go for the Eyes"],"picked":"Consume+1","floor":13},{"not_picked":["Ball Lightning","Gash"],"picked":"Coolheaded+1","floor":14},{"not_picked":["Creative AI","Seek+1"],"picked":"Fission+1","floor":16},{"not_picked":["Aggregate+1","Gash"],"picked":"Conserve Battery+1","floor":17},{"not_picked":["Darkness+1","Sweeping Beam+1"],"picked":"Ball Lightning+1","floor":18},{"not_picked":["Stack+1","Cold Snap"],"picked":"Redo+1","floor":19},{"not_picked":["BootSequence+1","Lockon"],"picked":"Chill+1","floor":21},{"not_picked":["BootSequence+1","Buffer","Gash"],"picked":"SKIP","floor":22},{"not_picked":["Steam+1","Defragment"],"picked":"Coolheaded+1","floor":24},{"not_picked":["White Noise+1","Coolheaded+1"],"picked":"Glacier+1","floor":29},{"not_picked":["Steam+1","Rip and Tear"],"picked":"Barrage+1","floor":30},{"not_picked":["Heatsinks","Leap+1"],"picked":"Conserve Battery+1","floor":31}],"player_experience":14411,"relics_obtained":[{"floor":7,"key":"Oddly Smooth Stone"},{"floor":9,"key":"Toxic Egg 2"},{"floor":13,"key":"Juzu Bracelet"},{"floor":26,"key":"Orichalcum"}],"event_choices":[{"event_name":"Golden Wing","player_choice":"Card Removal","floor":5,"damage_taken":0},{"event_name":"Bonfire Elementals","player_choice":"BASIC","floor":10,"damage_taken":0},{"event_name":"Forgotten Altar","player_choice":"Shed Blood","floor":20,"damage_taken":0}],"boss_relics":[{"not_picked":["Ectoplasm","Busted Crown"],"picked":"Tiny House"}],"items_purged_floors":[2,25,27],"is_endless":false,"potions_floor_spawned":[1,3,13,14,18,24,29],"killed_by":"Automaton","ascension_level":0}