{"gold_per_floor":[119,41,41,41,64,93,111,146,172,218,230,259,271,302,314,326],"floor_reached":16,"playtime":929,"items_purged":[],"score":279,"play_id":"bddb0f35-7bd0-45c8-a6e6-b914f7ee250e","local_time":"20190421204445","is_ascension_mode":true,"campfire_choices":[{"floor":11.0,"key":"REST"},{"data":"Bane","floor":13.0,"key":"SMITH"},{"data":"Neutralize","floor":15.0,"key":"SMITH"}],"neow_cost":"NONE","seed_source_timestamp":5184790063900,"circlet_count":0,"master_deck":["AscendersBane","Defend_G","Defend_G","Defend_G","Defend_G","Defend_G","Strike_G","Strike_G","Strike_G","Strike_G","Strike_G","Survivor","Neutralize+1","Bane+1","Masterful Stab","Finisher","Glass Knife","Poisoned Stab","Cloak And Dagger"],"special_seed":0,"relics":["Ring of the Snake","NeowsBlessing","Omamori","Strawberry","Ginger","MawBank","Centennial Puzzle"],"potions_floor_usage":[],"damage_taken":[{"damage":0.0,"enemies":"Jaw Worm","floor":1.0,"turns":1.0},{"damage":0.0,"enemies":"3 Sentries","floor":6.0,"turns":1.0},{"damage":0.0,"enemies":"Cultist","floor":7.0,"turns":1.0},{"damage":26.0,"enemies":"Gremlin Nob","floor":8.0,"turns":4.0},{"damage":16.0,"enemies":"3 Sentries","floor":10.0,"turns":8.0},{"damage":0.0,"enemies":"2 Louse","floor":12.0,"turns":3.0},{"damage":4.0,"enemies":"Large Slime","floor":14.0,"turns":4.0},{"damage":48,"enemies":"The Guardian","floor":16,"turns":11}],"seed_played":"-7493065528791073162","potions_obtained":[{"floor":6.0,"key":"Explosive Potion"},{"floor":8.0,"key":"SkillPotion"}],"is_trial":false,"path_per_floor":["M","$","?","?","T","E","M","E","T","E","R","M","R","M","R","B"],"character_chosen":"THE_SILENT","items_purchased":["Masterful Stab"],"campfire_rested":1,"item_purchase_floors":[2],"current_hp_per_floor":[59,59,64,64,64,71,71,45,45,29,52,52,52,48,48,0],"gold":326,"neow_bonus":"THREE_ENEMY_KILL","is_prod":false,"is_daily":false,"chose_seed":false,"campfire_upgraded":2,"win_rate":0,"timestamp":1555904685,"path_taken":["M","$","?","?","?","E","M","E","T","E","R","?","R","M","R","BOSS"],"build_version":"2019-01-23","purchased_purges":0,"victory":false,"max_hp_per_floor":[66,66,71,71,71,78,78,78,78,78,78,78,78,78,78,78],"card_choices":[{"not_picked":["Reflex","Dodge and Roll"],"picked":"Bane","floor":1.0},{"not_picked":["Cloak And Dagger","Outmaneuver"],"picked":"Finisher","floor":6.0},{"not_picked":["Tactician","Expertise","Cloak And Dagger"],"picked":"SKIP","floor":7.0},{"not_picked":["Expertise","Dodge and Roll"],"picked":"Glass Knife","floor":8.0},{"not_picked":["Sucker Punch","Dagger Throw","Outmaneuver"],"picked":"SKIP","floor":10.0},{"not_picked":["Masterful Stab","Sucker Punch"],"picked":"Poisoned Stab","floor":12.0},{"not_picked":["Unload","Skewer"],"picked":"Cloak And Dagger","floor":14.0}],"player_experience":959878,"relics_obtained":[{"floor":5.0,"key":"Omamori"},{"floor":6.0,"key":"Strawberry"},{"floor":8.0,"key":"Ginger"},{"floor":9.0,"key":"MawBank"},{"floor":10.0,"key":"Centennial Puzzle"}],"event_choices":[{"damage_healed":0.0,"max_hp_gain":5.0,"max_hp_loss":0.0,"gold_gain":0.0,"event_name":"Big Fish","player_choice":"Donut","floor":3.0,"gold_loss":0.0,"damage_taken":0.0},{"damage_healed":0.0,"max_hp_gain":0.0,"max_hp_loss":0.0,"gold_gain":0.0,"event_name":"Liars Game","player_choice":"Ignored","floor":4.0,"gold_loss":0.0,"damage_taken":0.0}],"is_beta":false,"boss_relics":[],"items_purged_floors":[],"is_endless":false,"potions_floor_spawned":[6,8],"killed_by":"The Guardian","ascension_level":19}