{"gold_per_floor":[209,223,373,389,7,7,22,54,78,95,95,123,123,140,140,212,212,231,264,264,281,10,10,44,44,116,144,164,193,243,31,31,103,103,120,342,342,356,77,110,122,134,173,516,528,575,606,632,644,656,668,680,692,181,211,211],"floor_reached":57,"playtime":2609,"items_purged":["Doubt","Shame"],"score":2937,"play_id":"9f6b6a1e-9a54-49e3-8c79-a751d12b2b90","local_time":"20190404025723","is_ascension_mode":true,"campfire_choices":[{"data":"Fiend Fire","floor":6.0,"key":"SMITH"},{"data":"Inflame","floor":11.0,"key":"SMITH"},{"data":"Bash","floor":13.0,"key":"SMITH"},{"data":"Battle Trance","floor":15.0,"key":"SMITH"},{"data":"Barricade","floor":23,"key":"SMITH"},{"data":"Battle Trance","floor":25,"key":"SMITH"},{"data":"Feel No Pain","floor":32,"key":"SMITH"},{"data":"Limit Break","floor":45,"key":"SMITH"},{"floor":49,"key":"RECALL"},{"data":"Evolve","floor":53,"key":"SMITH"}],"neow_cost":"NONE","seed_source_timestamp":889279696571613,"circlet_count":0,"master_deck":["AscendersBane","Defend_R+1","Defend_R","Defend_R","Defend_R+1","Bash+1","Battle Trance+1","Thunderclap","Headbutt","Fiend Fire+1","Feel No Pain+1","Inflame+1","Battle Trance+1","Reaper+1","Havoc+1","Bite","Bite","Bite","Bite","Bite","Barricade+1","Shrug It Off","Inflame+1","Shrug It Off","Evolve+1","Flame Barrier","Pummel","Feed+1","Feel No Pain+1","Cleave+1","Havoc+1","Limit Break+1","Shrug It Off","Uppercut+1","Parasite","Offering","Flame Barrier"],"special_seed":0,"relics":["Burning Blood","Membership Card","Strawberry","Orichalcum","Boot","Coffee Dripper","Red Mask","Oddly Smooth Stone","Anchor","Bronze Scales","Pantograph","Singing Bowl","Dead Branch","Medical Kit","Cursed Key","Bag of Preparation","Red Skull","DollysMirror","MawBank","Old Coin","Whetstone","Nunchaku","Pen Nib","TheAbacus","War Paint"],"potions_floor_usage":[19,44,56,56],"damage_taken":[{"damage":9.0,"enemies":"Jaw Worm","floor":1.0,"turns":4.0},{"damage":3.0,"enemies":"2 Louse","floor":2.0,"turns":3.0},{"damage":9.0,"enemies":"Small Slimes","floor":4.0,"turns":4.0},{"damage":8.0,"enemies":"Blue Slaver","floor":7.0,"turns":2.0},{"damage":12.0,"enemies":"Lagavulin","floor":8.0,"turns":6.0},{"damage":16.0,"enemies":"Large Slime","floor":10.0,"turns":3.0},{"damage":2.0,"enemies":"Gremlin Nob","floor":12.0,"turns":3.0},{"damage":4.0,"enemies":"2 Fungi Beasts","floor":14.0,"turns":3.0},{"damage":28.0,"enemies":"Slime Boss","floor":16.0,"turns":6.0},{"damage":22.0,"enemies":"Spheric Guardian","floor":18.0,"turns":4.0},{"damage":12,"enemies":"Masked Bandits","floor":19,"turns":4},{"damage":19,"enemies":"Shell Parasite","floor":21,"turns":4},{"damage":21,"enemies":"Gremlin Leader","floor":24,"turns":5},{"damage":12,"enemies":"Book of Stabbing","floor":27,"turns":4},{"damage":0,"enemies":"Sentry and Sphere","floor":28,"turns":4},{"damage":16,"enemies":"Slavers","floor":29,"turns":5},{"damage":68,"enemies":"Automaton","floor":33,"turns":13},{"damage":0,"enemies":"3 Shapes","floor":35,"turns":6},{"damage":38,"enemies":"3 Darklings","floor":38,"turns":4},{"damage":19,"enemies":"Nemesis","floor":40,"turns":8},{"damage":67,"enemies":"Giant Head","floor":44,"turns":7},{"damage":36,"enemies":"Nemesis","floor":46,"turns":5},{"damage":32,"enemies":"Transient","floor":47,"turns":6},{"damage":12,"enemies":"Writhing Mass","floor":48,"turns":4},{"damage":54,"enemies":"Awakened One","floor":50,"turns":13},{"damage":47,"enemies":"Donu and Deca","floor":51,"turns":8},{"damage":22,"enemies":"Shield and Spear","floor":55,"turns":5},{"damage":39,"enemies":"The Heart","floor":56,"turns":8}],"seed_played":"-1694765353288264661","potions_obtained":[{"floor":2.0,"key":"Swift Potion"},{"floor":4.0,"key":"AttackPotion"},{"floor":12.0,"key":"Strength Potion"},{"floor":21,"key":"Swift Potion"},{"floor":27,"key":"FearPotion"}],"is_trial":false,"path_per_floor":["M","M","?","M","$","R","M","E","T","M","R","E","R","M","R","B",null,"M","?","?","M","$","R","E","R","T","E","M","E","?","$","R","B",null,"M","?","?","M","$","E","T","?","T","E","R","E","M","M","R","B","B",null,"R","$","E","B",null],"character_chosen":"IRONCLAD","items_purchased":["Membership Card","Fiend Fire","Oddly Smooth Stone","Barricade","Anchor","Shrug It Off","Evolve","Flame Barrier","Pummel","Medical Kit","Bag of Preparation","Red Skull","DollysMirror","Offering","Nunchaku","Pen Nib","TheAbacus","LiquidBronze"],"campfire_rested":0,"item_purchase_floors":[5,5,22,22,22,22,31,31,31,31,39,39,39,54,54,54,54,54],"current_hp_per_floor":[65,68,68,65,65,65,63,64,64,54,54,58,58,60,60,38,71,55,55,55,56,56,56,57,57,57,57,59,60,60,60,60,25,52,64,64,61,36,36,27,27,29,29,52,52,36,36,42,42,40,38,65,65,65,74,74],"gold":211,"neow_bonus":"HUNDRED_GOLD","is_prod":false,"is_daily":false,"chose_seed":false,"campfire_upgraded":9,"win_rate":0,"timestamp":1554357443,"path_taken":["M","M","?","M","$","R","M","E","T","M","R","E","R","M","R","BOSS","M","?","?","M","?","R","E","R","T","E","M","E","?","$","R","BOSS","M","?","?","M","?","E","?","?","T","E","R","E","M","M","R","BOSS","BOSS","R","$","E","BOSS"],"build_version":"2019-01-23","purchased_purges":2,"victory":true,"max_hp_per_floor":[75,75,75,75,75,75,75,82,82,82,82,82,82,82,82,82,82,82,82,57,57,57,57,57,57,57,57,59,61,61,61,61,61,61,64,64,61,64,64,64,64,66,66,66,66,68,68,70,70,74,74,74,74,74,74,74],"card_choices":[{"not_picked":["Iron Wave","Shrug It Off"],"picked":"Battle Trance","floor":1.0},{"not_picked":["Warcry","Second Wind"],"picked":"Thunderclap","floor":2.0},{"not_picked":["Clash","Power Through"],"picked":"Headbutt","floor":4.0},{"not_picked":["Body Slam","Infernal Blade"],"picked":"Feel No Pain","floor":7.0},{"not_picked":["Flex","Barricade","Iron Wave"],"picked":"SKIP","floor":8.0},{"not_picked":["Flex","Barricade","Iron Wave"],"picked":"SKIP","floor":8.0},{"not_picked":["Havoc","Second Wind"],"picked":"Inflame","floor":10.0},{"not_picked":["Warcry","Carnage","Exhume"],"picked":"SKIP","floor":12.0},{"not_picked":["Bloodletting","Pummel"],"picked":"Battle Trance","floor":14.0},{"not_picked":["Barricade","Demon Form"],"picked":"Reaper","floor":16.0},{"not_picked":["Fire Breathing","Cleave"],"picked":"Havoc+1","floor":18.0},{"not_picked":["Twin Strike","Infernal Blade","Iron Wave"],"picked":"SKIP","floor":21},{"not_picked":["Sentinel+1","Warcry"],"picked":"Inflame+1","floor":24},{"not_picked":["Anger","Flex"],"picked":"Shrug It Off","floor":27},{"not_picked":["Clothesline","Power Through","Twin Strike"],"picked":"Singing Bowl","floor":28},{"not_picked":["Fire Breathing","Twin Strike","Perfected Strike"],"picked":"Singing Bowl","floor":29},{"not_picked":["Demon Form","Immolate"],"picked":"Feed","floor":33},{"not_picked":["Wild Strike+1","Clothesline"],"picked":"Feel No Pain+1","floor":35},{"not_picked":["Headbutt","Flex"],"picked":"Cleave+1","floor":38},{"not_picked":["Armaments+1","Clash+1"],"picked":"Limit Break","floor":40},{"not_picked":["Madness","Impatience","Panacea"],"picked":"Singing Bowl","floor":42},{"not_picked":["Inflame","Pummel+1"],"picked":"Shrug It Off","floor":44},{"not_picked":["Sword Boomerang+1","Pummel","Perfected Strike+1"],"picked":"Singing Bowl","floor":46},{"not_picked":["Flex+1","Thunderclap"],"picked":"Uppercut+1","floor":47},{"not_picked":["Iron Wave","Body Slam","Warcry"],"picked":"Singing Bowl","floor":48},{"not_picked":["Clothesline","Perfected Strike"],"picked":"Flame Barrier","floor":55}],"player_experience":1995624,"relics_obtained":[{"floor":8.0,"key":"Strawberry"},{"floor":9.0,"key":"Orichalcum"},{"floor":12.0,"key":"Boot"},{"floor":19,"key":"Red Mask"},{"floor":24,"key":"Bronze Scales"},{"floor":26,"key":"Pantograph"},{"floor":27,"key":"Singing Bowl"},{"floor":29,"key":"Dead Branch"},{"floor":40,"key":"MawBank"},{"floor":44,"key":"Old Coin"},{"floor":46,"key":"Whetstone"},{"floor":55,"key":"War Paint"}],"event_choices":[{"damage_healed":0.0,"max_hp_gain":0.0,"max_hp_loss":0.0,"gold_gain":150.0,"event_name":"Liars Game","player_choice":"AGREE","floor":3.0,"gold_loss":0.0,"damage_taken":0.0,"cards_obtained":["Doubt"]},{"damage_healed":0,"gold_gain":0,"player_choice":"Fought Bandits","damage_taken":0,"max_hp_gain":0,"max_hp_loss":0,"event_name":"Masked Bandits","floor":19,"gold_loss":0},{"damage_healed":0,"gold_gain":0,"player_choice":"Became a vampire","damage_taken":0,"max_hp_gain":0,"max_hp_loss":25,"event_name":"Vampires","floor":20,"gold_loss":0,"cards_obtained":["Bite","Bite","Bite","Bite","Bite"]},{"damage_healed":0,"gold_gain":50,"player_choice":"Stole From Cult","damage_taken":0,"max_hp_gain":0,"max_hp_loss":0,"event_name":"Nest","floor":30,"gold_loss":0},{"damage_healed":0,"gold_gain":222,"player_choice":"Wore Mask","damage_taken":0,"max_hp_gain":0,"max_hp_loss":0,"event_name":"Tomb of Lord Red Mask","floor":36,"gold_loss":0},{"damage_healed":0,"gold_gain":0,"player_choice":"Max HP","damage_taken":0,"max_hp_gain":0,"max_hp_loss":3,"event_name":"Winding Halls","floor":37,"gold_loss":0},{"damage_healed":0,"gold_gain":0,"player_choice":"Memory 1","damage_taken":0,"max_hp_gain":0,"max_hp_loss":0,"event_name":"SensoryStone","floor":42,"gold_loss":0}],"is_beta":false,"boss_relics":[{"not_picked":["Tiny House","Philosopher\u0027s Stone"],"picked":"Coffee Dripper"},{"not_picked":["Eternal Feather","Runic Cube"],"picked":"Cursed Key"}],"items_purged_floors":[5,54],"is_endless":false,"potions_floor_spawned":[2,4,8,12,16,18,21,27,28,29,35,40],"ascension_level":20}