{"gold_per_floor":[111,131,131,131,148,148,175,175,175,190,63,78,78,93,93,171,171,184,201,201,29,29,62,112,112,112,112,124,49,80,96,96,96],"floor_reached":33,"playtime":1641,"items_purged":[],"score":574,"play_id":"6844abbe-b3f8-4f4a-b651-5120cf3479b9","local_time":"20190424223341","is_ascension_mode":true,"campfire_choices":[{"data":"Riddle With Holes","floor":6.0,"key":"SMITH"},{"floor":8.0,"key":"REST"},{"floor":13.0,"key":"REST"},{"data":"Envenom","floor":15.0,"key":"SMITH"},{"floor":25.0,"key":"REST"},{"floor":27.0,"key":"REST"},{"data":"Catalyst","floor":32,"key":"SMITH"}],"neow_cost":"NONE","seed_source_timestamp":861759327945818,"circlet_count":0,"master_deck":["AscendersBane","Defend_G","Defend_G","Defend_G","Defend_G","Defend_G","Strike_G+1","Strike_G+1","Survivor","Neutralize","Bane","Riddle With Holes+1","Well Laid Plans","Flying Knee","Well Laid Plans","PiercingWail","Envenom+1","After Image","Bane+1","PiercingWail","Footwork","Backflip","Dagger Spray","Catalyst+1"],"special_seed":0,"relics":["Ring of the Snake","NeowsBlessing","Happy Flower","Mercury Hourglass","Velvet Choker","Sundial","Pantograph"],"potions_floor_usage":[],"damage_taken":[{"damage":0.0,"enemies":"Cultist","floor":1.0,"turns":1.0},{"damage":0.0,"enemies":"2 Louse","floor":2.0,"turns":1.0},{"damage":0.0,"enemies":"Jaw Worm","floor":5.0,"turns":1.0},{"damage":30.0,"enemies":"Lagavulin","floor":7.0,"turns":5.0},{"damage":15.0,"enemies":"Exordium Wildlife","floor":10.0,"turns":5.0},{"damage":5.0,"enemies":"Red Slaver","floor":12.0,"turns":3.0},{"damage":1.0,"enemies":"Exordium Thugs","floor":14.0,"turns":4.0},{"damage":11.0,"enemies":"Hexaghost","floor":16.0,"turns":9.0},{"damage":0.0,"enemies":"Chosen","floor":18.0,"turns":4.0},{"damage":6.0,"enemies":"2 Thieves","floor":19.0,"turns":4.0},{"damage":0.0,"enemies":"Chosen and Byrds","floor":22.0,"turns":1.0},{"damage":36.0,"enemies":"Slavers","floor":23.0,"turns":5.0},{"damage":0.0,"enemies":"Centurion and Healer","floor":28.0,"turns":6.0},{"damage":7.0,"enemies":"Gremlin Leader","floor":30.0,"turns":7.0},{"damage":21.0,"enemies":"Sentry and Sphere","floor":31.0,"turns":9.0},{"damage":59,"enemies":"Automaton","floor":33,"turns":10}],"seed_played":"-2147894194130200542","potions_obtained":[{"floor":1.0,"key":"SkillPotion"},{"floor":2.0,"key":"Dexterity Potion"},{"floor":10.0,"key":"SkillPotion"},{"floor":19.0,"key":"SmokeBomb"},{"floor":23.0,"key":"Ancient Potion"},{"floor":30.0,"key":"Strength Potion"}],"is_trial":false,"path_per_floor":["M","M","?","?","M","R","E","R","T","M","$","M","R","M","R","B",null,"M","M","?","$","M","E","?","R","T","R","M","?","E","M","R","B"],"character_chosen":"THE_SILENT","items_purchased":["Flying Knee","Well Laid Plans","Footwork","Backflip","Dagger Spray"],"campfire_rested":4,"item_purchase_floors":[11,11,21,21,21],"current_hp_per_floor":[59,59,39,32,32,32,2,21,21,6,6,1,20,19,19,8,52,52,46,46,46,46,10,10,29,29,48,48,48,41,20,20,0],"gold":96,"neow_bonus":"THREE_ENEMY_KILL","is_prod":false,"is_daily":false,"chose_seed":false,"campfire_upgraded":3,"win_rate":0,"timestamp":1556156021,"path_taken":["M","?","?","?","M","R","E","R","T","M","?","M","R","M","R","BOSS","M","M","?","$","?","E","?","R","T","R","?","?","E","M","R","BOSS"],"build_version":"2019-01-23","purchased_purges":0,"victory":false,"max_hp_per_floor":[66,66,66,66,66,66,66,66,66,66,66,66,66,66,66,66,66,66,66,66,66,66,66,66,66,66,66,66,66,66,66,66,66],"card_choices":[{"not_picked":["Catalyst","Sucker Punch"],"picked":"Bane","floor":1.0},{"not_picked":["Deflect","Setup"],"picked":"Riddle With Holes","floor":2.0},{"not_picked":["Slice","Underhanded Strike","Blade Dance"],"picked":"SKIP","floor":5.0},{"not_picked":["Acrobatics","Sucker Punch"],"picked":"Well Laid Plans","floor":7.0},{"not_picked":["Bane","Calculated Gamble","Slice"],"picked":"SKIP","floor":10.0},{"not_picked":["Concentrate","Heel Hook"],"picked":"PiercingWail","floor":12.0},{"not_picked":["Deflect","Distraction"],"picked":"Envenom","floor":14.0},{"not_picked":["Wraith Form v2","Venomology"],"picked":"After Image","floor":16.0},{"not_picked":["Escape Plan","Calculated Gamble"],"picked":"Bane+1","floor":18.0},{"not_picked":["Dash","Accuracy"],"picked":"PiercingWail","floor":19.0},{"not_picked":["Cloak And Dagger","Setup","Expertise"],"picked":"SKIP","floor":23.0},{"not_picked":["Outmaneuver","Underhanded Strike","Blade Dance"],"picked":"SKIP","floor":28.0},{"not_picked":["Dagger Spray","Deflect","Skewer"],"picked":"SKIP","floor":30.0},{"not_picked":["Masterful Stab+1","PiercingWail"],"picked":"Catalyst","floor":31.0}],"player_experience":2174262,"relics_obtained":[{"floor":7.0,"key":"Happy Flower"},{"floor":9.0,"key":"Mercury Hourglass"},{"floor":23.0,"key":"Sundial"},{"floor":30.0,"key":"Pantograph"}],"event_choices":[{"damage_healed":0.0,"max_hp_gain":0.0,"max_hp_loss":0.0,"gold_gain":0.0,"event_name":"Shining Light","player_choice":"Entered Light","floor":3.0,"gold_loss":0.0,"damage_taken":20.0,"cards_upgraded":["Strike_G","Strike_G"]},{"cards_removed":["Strike_G"],"damage_healed":0.0,"max_hp_gain":0.0,"max_hp_loss":0.0,"gold_gain":0.0,"event_name":"Golden Wing","player_choice":"Card Removal","floor":4.0,"gold_loss":0.0,"damage_taken":7.0},{"cards_removed":["Strike_G"],"damage_healed":0.0,"max_hp_gain":0.0,"max_hp_loss":0.0,"gold_gain":0.0,"event_name":"Purifier","player_choice":"Purged","floor":20.0,"gold_loss":0.0,"damage_taken":0.0},{"damage_healed":0.0,"max_hp_gain":0.0,"max_hp_loss":0.0,"gold_gain":50.0,"event_name":"Golden Shrine","player_choice":"Pray","floor":24.0,"gold_loss":0.0,"damage_taken":0.0},{"cards_removed":["Strike_G"],"damage_healed":0.0,"max_hp_gain":0.0,"max_hp_loss":0.0,"gold_gain":0.0,"event_name":"Beggar","player_choice":"Gave Gold","floor":29.0,"gold_loss":75.0,"damage_taken":0.0}],"is_beta":false,"boss_relics":[{"not_picked":["Eternal Feather","Runic Pyramid"],"picked":"Velvet Choker"}],"items_purged_floors":[],"is_endless":false,"potions_floor_spawned":[1,2,10,19,22,23,30],"killed_by":"Automaton","ascension_level":20}