{"gold_per_floor":[110,129,147,72,72,72,106,106,130,130,141,141],"floor_reached":12,"playtime":418,"items_purged":["Strike_G"],"score":156,"play_id":"00eb570c-3f50-4dc6-ae8a-d33269dcf1bf","local_time":"20190517224042","is_ascension_mode":true,"campfire_choices":[{"data":"Dagger Spray","floor":6,"key":"SMITH"},{"data":"All Out Attack","floor":10,"key":"SMITH"}],"neow_cost":"NONE","seed_source_timestamp":101055281482200,"circlet_count":0,"master_deck":["AscendersBane","Defend_G","Defend_G","Defend_G","Defend_G","Defend_G","Strike_G","Strike_G","Strike_G","Strike_G","Survivor","Neutralize","Dagger Spray+1","All Out Attack+1","Bane","Backflip","Dash"],"relics":["Ring of the Snake","NeowsBlessing","Anchor","Potion Belt"],"potions_floor_usage":[7,7,11,12],"damage_taken":[{"damage":0,"enemies":"Jaw Worm","floor":1,"turns":1},{"damage":0,"enemies":"2 Louse","floor":2,"turns":1},{"damage":0,"enemies":"Cultist","floor":3,"turns":1},{"damage":2,"enemies":"3 Sentries","floor":7,"turns":4},{"damage":18,"enemies":"Exordium Wildlife","floor":11,"turns":6},{"damage":55,"enemies":"Gremlin Nob","floor":12,"turns":4}],"seed_played":"-1861032999802417266","potions_obtained":[{"floor":2,"key":"Strength Potion"},{"floor":3,"key":"Strength Potion"},{"floor":7,"key":"Swift Potion"},{"floor":8,"key":"Fruit Juice"}],"is_trial":false,"path_per_floor":["M","M","M","$","?","R","E","?","T","R","M","E"],"character_chosen":"THE_SILENT","items_purchased":[],"campfire_rested":0,"item_purchase_floors":[],"current_hp_per_floor":[59,59,59,59,64,64,62,62,62,62,49,0],"gold":141,"neow_bonus":"THREE_ENEMY_KILL","is_prod":false,"is_daily":false,"chose_seed":false,"campfire_upgraded":2,"win_rate":0,"timestamp":1558158042,"path_taken":["M","M","M","$","?","R","E","?","T","R","M","E"],"build_version":"2019-01-23","purchased_purges":1,"victory":false,"max_hp_per_floor":[66,66,66,66,71,71,71,71,71,71,76,76],"card_choices":[{"not_picked":["Backflip","Tactician"],"picked":"Dagger Spray","floor":1},{"not_picked":["Deflect","Poisoned Stab"],"picked":"All Out Attack","floor":2},{"not_picked":["Accuracy","Cloak And Dagger"],"picked":"Bane","floor":3},{"not_picked":["Acrobatics","Prepared"],"picked":"Backflip","floor":7},{"not_picked":["Prepared","Sucker Punch"],"picked":"Dash","floor":11}],"player_experience":1363747,"relics_obtained":[{"floor":7,"key":"Anchor"},{"floor":9,"key":"Potion Belt"}],"event_choices":[{"damage_healed":0,"gold_gain":0,"player_choice":"Donut","damage_taken":0,"max_hp_gain":5,"max_hp_loss":0,"event_name":"Big Fish","floor":5,"gold_loss":0},{"damage_healed":0,"gold_gain":0,"player_choice":"Got Potions","damage_taken":0,"max_hp_gain":0,"max_hp_loss":0,"event_name":"Lab","floor":8,"gold_loss":0}],"is_beta":false,"boss_relics":[],"items_purged_floors":[4],"is_endless":false,"potions_floor_spawned":[2,3,7],"killed_by":"Gremlin Nob","ascension_level":20}