{"gold_per_floor":[111,111,26,26,37,37,52,52,52,87,47,47,67,39,39,113,113,133,145,4,4,23,23,23],"floor_reached":24,"playtime":9564,"items_purged":[],"score":388,"play_id":"d1d379d1-73ad-45cb-b34a-5c37e2a7f08d","local_time":"20190510213816","is_ascension_mode":true,"campfire_choices":[{"data":"Leg Sweep","floor":6.0,"key":"SMITH"},{"data":"All Out Attack","floor":8.0,"key":"SMITH"},{"data":"Finisher","floor":12.0,"key":"SMITH"},{"data":"Deadly Poison","floor":15.0,"key":"SMITH"},{"floor":23,"key":"REST"}],"neow_cost":"NONE","seed_source_timestamp":3197479887500,"circlet_count":0,"master_deck":["AscendersBane","Defend_G","Defend_G","Defend_G","Defend_G","Defend_G","Strike_G","Strike_G","Strike_G","Strike_G","Survivor","Neutralize","Leg Sweep+1","Backstab","Finisher+1","All Out Attack+1","Malaise","Deadly Poison+1","Dagger Throw","Die Die Die","Sucker Punch","Poisoned Stab","Concentrate","PiercingWail"],"special_seed":0,"relics":["Ring of the Snake","NeowsBlessing","Mango","Potion Belt","Runic Pyramid"],"potions_floor_usage":[22,24,24],"damage_taken":[{"damage":0.0,"enemies":"Small Slimes","floor":1.0,"turns":1.0},{"damage":0.0,"enemies":"2 Louse","floor":5.0,"turns":1.0},{"damage":0.0,"enemies":"Cultist","floor":7.0,"turns":1.0},{"damage":10.0,"enemies":"3 Sentries","floor":10.0,"turns":9.0},{"damage":0.0,"enemies":"Looter","floor":13.0,"turns":3.0},{"damage":68.0,"enemies":"Slime Boss","floor":16.0,"turns":15.0},{"damage":14.0,"enemies":"2 Thieves","floor":18.0,"turns":4.0},{"damage":31.0,"enemies":"Spheric Guardian","floor":19.0,"turns":8.0},{"damage":10,"enemies":"3 Cultists","floor":22,"turns":5},{"damage":41,"enemies":"Gremlin Leader","floor":24,"turns":9}],"seed_played":"474497883305449190","potions_obtained":[{"floor":1.0,"key":"Weak Potion"},{"floor":7.0,"key":"Swift Potion"},{"floor":11.0,"key":"FairyPotion"},{"floor":11.0,"key":"Dexterity Potion"},{"floor":11.0,"key":"LiquidBronze"},{"floor":19.0,"key":"SkillPotion"},{"floor":22,"key":"Poison Potion"}],"is_trial":false,"path_per_floor":["M","?","$","?","M","R","M","R","T","E","?","R","M","$","R","B",null,"M","M","$","?","M","R","E"],"character_chosen":"THE_SILENT","items_purchased":["Backstab","Dagger Throw","Concentrate","AttackPotion"],"campfire_rested":1,"item_purchase_floors":[3,14,20,20],"current_hp_per_floor":[59,59,59,59,59,59,59,59,73,63,63,63,63,63,63,3,61,47,16,16,16,6,30,0],"gold":23,"neow_bonus":"THREE_ENEMY_KILL","is_prod":false,"is_daily":false,"chose_seed":false,"campfire_upgraded":4,"win_rate":0,"timestamp":1557549496,"path_taken":["M","?","$","?","M","R","?","R","T","E","?","R","M","$","R","BOSS","M","?","$","?","M","R","E"],"build_version":"2019-01-23","purchased_purges":0,"victory":false,"max_hp_per_floor":[66,66,66,66,66,66,66,66,80,80,80,80,80,80,80,80,80,80,80,80,80,80,80,80],"card_choices":[{"not_picked":["Sucker Punch","Quick Slash"],"picked":"Leg Sweep","floor":1.0},{"not_picked":["Acrobatics","Calculated Gamble"],"picked":"Finisher","floor":5.0},{"not_picked":["Masterful Stab","Caltrops"],"picked":"All Out Attack","floor":7.0},{"not_picked":["Calculated Gamble","All Out Attack"],"picked":"Malaise","floor":10.0},{"not_picked":["Blur","All Out Attack"],"picked":"Deadly Poison","floor":13.0},{"not_picked":["After Image","Grand Finale"],"picked":"Die Die Die","floor":16.0},{"not_picked":["Acrobatics","Endless Agony"],"picked":"Sucker Punch","floor":18.0},{"not_picked":["Distraction","Calculated Gamble"],"picked":"Poisoned Stab","floor":19.0},{"not_picked":["Infinite Blades","Dagger Spray"],"picked":"PiercingWail","floor":22}],"player_experience":1214482,"relics_obtained":[{"floor":9.0,"key":"Mango"},{"floor":10.0,"key":"Potion Belt"}],"event_choices":[{"damage_healed":0.0,"max_hp_gain":0.0,"max_hp_loss":0.0,"gold_gain":0.0,"event_name":"The Cleric","player_choice":"Leave","floor":2.0,"gold_loss":0.0,"damage_taken":0.0},{"cards_removed":["Strike_G"],"damage_healed":0.0,"max_hp_gain":0.0,"max_hp_loss":0.0,"gold_gain":0.0,"event_name":"Purifier","player_choice":"Purged","floor":4.0,"gold_loss":0.0,"damage_taken":0.0},{"damage_healed":0.0,"max_hp_gain":0.0,"max_hp_loss":0.0,"gold_gain":0.0,"event_name":"The Woman in Blue","player_choice":"Bought 3 Potions","floor":11.0,"gold_loss":0.0,"damage_taken":0.0},{"damage_healed":0,"gold_gain":0,"player_choice":"Ignored","damage_taken":0,"max_hp_gain":0,"max_hp_loss":0,"event_name":"Cursed Tome","floor":21,"gold_loss":0}],"is_beta":false,"boss_relics":[{"not_picked":["White Beast Statue","Astrolabe"],"picked":"Runic Pyramid"}],"items_purged_floors":[],"is_endless":false,"potions_floor_spawned":[1,7,19,22],"killed_by":"Gremlin Leader","ascension_level":20}