{"gold_per_floor":[119,119,44,44,16,51,70,70],"floor_reached":8,"playtime":278,"items_purged":[],"score":158,"play_id":"5f298517-da1f-431a-a748-36793eb846cd","local_time":"20190504193151","is_ascension_mode":true,"campfire_choices":[],"neow_cost":"NONE","seed_source_timestamp":32423853285900,"circlet_count":0,"master_deck":["AscendersBane","Defend_G","Defend_G","Defend_G+1","Defend_G","Defend_G+1","Strike_G","Strike_G","Strike_G","Strike_G","Survivor","Neutralize","Finisher","Regret","Quick Slash","PiercingWail","Well Laid Plans","Slice"],"relics":["Ring of the Snake","NeowsBlessing","Golden Idol","War Paint","Prayer Wheel"],"potions_floor_usage":[8],"damage_taken":[{"damage":0,"enemies":"2 Louse","floor":1,"turns":1},{"damage":0,"enemies":"3 Sentries","floor":6,"turns":1},{"damage":0,"enemies":"Jaw Worm","floor":7,"turns":1},{"damage":59,"enemies":"Gremlin Nob","floor":8,"turns":5}],"seed_played":"-1145449872253756197","potions_obtained":[{"floor":1,"key":"Energy Potion"}],"is_trial":false,"path_per_floor":["M","?","?","?","$","E","M","E"],"character_chosen":"THE_SILENT","items_purchased":["Quick Slash"],"campfire_rested":0,"item_purchase_floors":[5],"current_hp_per_floor":[59,59,59,59,59,59,59,0],"gold":70,"neow_bonus":"THREE_ENEMY_KILL","is_prod":false,"is_daily":false,"chose_seed":false,"campfire_upgraded":0,"win_rate":0,"timestamp":1557023511,"path_taken":["M","?","?","?","$","E","M","E"],"build_version":"2019-01-23","purchased_purges":0,"victory":false,"max_hp_per_floor":[66,60,60,60,60,60,60,60],"card_choices":[{"not_picked":["Concentrate","Blade Dance"],"picked":"Finisher","floor":1},{"not_picked":["Expertise","Deflect"],"picked":"PiercingWail","floor":6},{"not_picked":["Expertise","Distraction"],"picked":"Well Laid Plans","floor":7},{"not_picked":["Tactician","PiercingWail"],"picked":"Slice","floor":7}],"player_experience":1137982,"relics_obtained":[{"floor":6,"key":"Prayer Wheel"}],"event_choices":[{"damage_healed":0,"gold_gain":0,"player_choice":"Lose Max HP","damage_taken":0,"relics_obtained":["Golden Idol"],"max_hp_gain":0,"max_hp_loss":6,"event_name":"Golden Idol","floor":2,"gold_loss":0},{"cards_removed":["Strike_G"],"damage_healed":0,"gold_gain":0,"player_choice":"Card Removal","damage_taken":0,"max_hp_gain":0,"max_hp_loss":0,"event_name":"The Cleric","floor":3,"gold_loss":75},{"damage_healed":0,"gold_gain":0,"player_choice":"Box","damage_taken":0,"relics_obtained":["War Paint"],"max_hp_gain":0,"max_hp_loss":0,"event_name":"Big Fish","floor":4,"gold_loss":0,"cards_obtained":["Regret"]}],"is_beta":false,"boss_relics":[],"items_purged_floors":[],"is_endless":false,"potions_floor_spawned":[1],"killed_by":"Gremlin Nob","ascension_level":20}