{"gold_per_floor":[113,123,133,133,147,147,181,192,192,222,232,261,261,273,273,377,377,389,13,13,25,42,42,71,83,131,131],"floor_reached":27,"playtime":3539,"items_purged":["Defend_B"],"score":257,"play_id":"88e955fa-03fc-4fda-b300-e72ac980a1df","local_time":"20180718211325","is_ascension_mode":false,"campfire_choices":[{"data":"Reprogram","floor":6,"key":"SMITH"},{"floor":13,"key":"REST"},{"floor":15,"key":"REST"},{"data":"Machine Learning","floor":23,"key":"SMITH"}],"neow_cost":"NONE","seed_source_timestamp":674616875778736,"circlet_count":0,"master_deck":["Strike_B","Strike_B","Strike_B","Strike_B","Defend_B","Defend_B","Defend_B","Zap","Dualcast","Coolheaded","Steam","Coolheaded","Genetic Algorithm+1","Steam","Doom and Gloom","Cold Snap","Reprogram+1","Cold Snap","Ball Lightning","Tempest","Conserve Battery","Doom and Gloom","Conserve Battery","Reinforced Body","Machine Learning+1","Ball Lightning","Genetic Algorithm","Double Energy","Blizzard","Capacitor"],"relics":["Orrery","Pen Nib","Darkstone Periapt","Bag of Preparation","Ginger","Velvet Choker","Incense Burner","Shovel","Orichalcum"],"potions_floor_usage":[7,7,7,11,16,24,25],"damage_taken":[{"damage":3,"enemies":"2 Louse","floor":1,"turns":3},{"damage":0,"enemies":"Small Slimes","floor":2,"turns":3},{"damage":9,"enemies":"Jaw Worm","floor":3,"turns":3},{"damage":9,"enemies":"Large Slime","floor":5,"turns":5},{"damage":6,"enemies":"Gremlin Nob","floor":7,"turns":5},{"damage":18,"enemies":"Exordium Thugs","floor":8,"turns":5},{"damage":15,"enemies":"Lagavulin","floor":10,"turns":6},{"damage":1,"enemies":"Exordium Wildlife","floor":11,"turns":3},{"damage":1,"enemies":"3 Sentries","floor":12,"turns":5},{"damage":2,"enemies":"Looter","floor":14,"turns":3},{"damage":28,"enemies":"The Guardian","floor":16,"turns":10},{"damage":1,"enemies":"Shell Parasite","floor":18,"turns":6},{"damage":2,"enemies":"2 Thieves","floor":21,"turns":5},{"damage":14,"enemies":"Centurion and Healer","floor":22,"turns":6},{"damage":32,"enemies":"Slavers","floor":24,"turns":4},{"damage":11,"enemies":"Snake Plant","floor":25,"turns":4},{"damage":18,"enemies":"Cultist and Chosen","floor":27,"turns":8}],"seed_played":"-4093681358888431913","potions_obtained":[{"floor":2,"key":"FocusPotion"},{"floor":3,"key":"GamblersBrew"},{"floor":5,"key":"SkillPotion"},{"floor":10,"key":"EssenceOfSteel"},{"floor":12,"key":"Poison Potion"},{"floor":22,"key":"Swift Potion"},{"floor":24,"key":"Fire Potion"}],"is_trial":false,"path_per_floor":["M","M","M","?","M","R","E","M","T","E","M","E","R","M","R","B",null,"M","$","?","M","M","R","E","M","T"],"character_chosen":"DEFECT","items_purchased":["Incense Burner"],"campfire_rested":2,"item_purchase_floors":[19],"current_hp_per_floor":[72,72,63,63,54,54,48,30,30,15,14,13,35,33,55,27,75,74,74,75,73,59,59,27,16,16,0],"gold":131,"neow_bonus":"BOSS_RELIC","is_prod":false,"is_daily":false,"chose_seed":false,"campfire_upgraded":2,"win_rate":0.0,"timestamp":1531966405,"path_taken":["M","M","M","?","M","R","E","M","T","E","M","E","R","M","R","BOSS","M","$","?","M","M","R","E","M","T","M"],"build_version":"2018-07-12","purchased_purges":1,"victory":false,"max_hp_per_floor":[75,75,75,75,75,75,75,75,75,75,75,75,75,75,75,75,75,75,75,75,75,75,75,75,75,75,75],"card_choices":[{"not_picked":["Rebound","Ball Lightning"],"picked":"Coolheaded","floor":0},{"not_picked":["Defragment","Gash"],"picked":"Steam","floor":0},{"not_picked":["Chill","Force Field"],"picked":"Coolheaded","floor":0},{"not_picked":["Coolheaded","Undo"],"picked":"Genetic Algorithm","floor":0},{"not_picked":["Conserve Battery","Thunder Strike"],"picked":"Steam","floor":0},{"not_picked":["Melter","Conserve Battery"],"picked":"Doom and Gloom","floor":1},{"not_picked":["Barrage","Steam"],"picked":"Cold Snap","floor":2},{"not_picked":["Go for the Eyes","Streamline"],"picked":"Reprogram","floor":3},{"not_picked":["Buffer","Barrage"],"picked":"Cold Snap","floor":5},{"not_picked":["Streamline","Go for the Eyes"],"picked":"Ball Lightning","floor":7},{"not_picked":["Consume","Gash"],"picked":"Tempest","floor":8},{"not_picked":["Scrape","Leap"],"picked":"Conserve Battery","floor":10},{"not_picked":["Redo","Lockon"],"picked":"Doom and Gloom","floor":11},{"not_picked":["Ball Lightning","Streamline"],"picked":"Conserve Battery","floor":12},{"not_picked":["Streamline","Rebound"],"picked":"Reinforced Body","floor":14},{"not_picked":["Meteor Strike","Biased Cognition"],"picked":"Machine Learning","floor":16},{"not_picked":["Go for the Eyes","Compile Driver"],"picked":"Ball Lightning","floor":18},{"not_picked":["Turbo","Rebound"],"picked":"Genetic Algorithm","floor":21},{"not_picked":["Lockon","Leap+1"],"picked":"Double Energy","floor":22},{"not_picked":["Chill","Hologram"],"picked":"Blizzard","floor":24},{"not_picked":["Beam Cell","Compile Driver"],"picked":"Capacitor","floor":25}],"player_experience":68404,"relics_obtained":[{"floor":7,"key":"Pen Nib"},{"floor":9,"key":"Darkstone Periapt"},{"floor":10,"key":"Bag of Preparation"},{"floor":12,"key":"Ginger"},{"floor":24,"key":"Shovel"},{"floor":26,"key":"Orichalcum"}],"event_choices":[{"event_name":"Living Wall","player_choice":"Grow","floor":4,"damage_taken":0},{"event_name":"Wheel of Change","player_choice":"Full Heal","floor":20,"damage_taken":0}],"boss_relics":[{"not_picked":["Empty Cage","Lizard Tail"],"picked":"Velvet Choker"}],"items_purged_floors":[19],"is_endless":false,"potions_floor_spawned":[2,3,5,10,12,22,24],"killed_by":"Cultist and Chosen","ascension_level":0}