{"gold_per_floor":[119,119,134,3,78,78,105,115,115,131,131,141,54,89,89,162,162,177,177,74,31,49,76,76,86,140,65,65,115,142,162,162,162],"floor_reached":33,"playtime":1022,"items_purged":[],"score":686,"play_id":"7387035f-b0a6-4924-bb3a-b35bc74129fa","local_time":"20190428004802","is_ascension_mode":true,"campfire_choices":[{"data":"Predator","floor":6.0,"key":"SMITH"},{"data":"Noxious Fumes","floor":11.0,"key":"SMITH"},{"data":"Footwork","floor":15.0,"key":"SMITH"},{"floor":24.0,"key":"REST"},{"floor":28.0,"key":"REST"},{"floor":32,"key":"REST"}],"neow_cost":"NONE","seed_source_timestamp":1129631620029383,"circlet_count":0,"master_deck":["AscendersBane","Defend_G","Defend_G","Defend_G","Defend_G","Defend_G","Strike_G","Strike_G","Strike_G","Survivor","Neutralize+1","Predator+1","Well Laid Plans","Flying Knee","Noxious Fumes+1","Backstab","Deadly Poison","Leg Sweep","Footwork+1","Crippling Poison","Glass Knife","Dodge and Roll","Slice","Cloak And Dagger","Noxious Fumes","Deflect","Escape Plan","Backflip"],"special_seed":0,"relics":["Ring of the Snake","NeowsBlessing","Sundial","Incense Burner","Ginger","WristBlade","Bottled Flame","Tiny Chest","Question Card"],"potions_floor_usage":[30],"damage_taken":[{"damage":0.0,"enemies":"Jaw Worm","floor":1.0,"turns":1.0},{"damage":0.0,"enemies":"Cultist","floor":3.0,"turns":1.0},{"damage":0.0,"enemies":"Gremlin Nob","floor":7.0,"turns":1.0},{"damage":0.0,"enemies":"Small Slimes","floor":8.0,"turns":3.0},{"damage":4.0,"enemies":"2 Fungi Beasts","floor":10.0,"turns":3.0},{"damage":0.0,"enemies":"Blue Slaver","floor":12.0,"turns":3.0},{"damage":2.0,"enemies":"Lagavulin","floor":14.0,"turns":8.0},{"damage":19.0,"enemies":"Hexaghost","floor":16.0,"turns":10.0},{"damage":20.0,"enemies":"3 Byrds","floor":18.0,"turns":6.0},{"damage":15.0,"enemies":"Shell Parasite","floor":22.0,"turns":6.0},{"damage":13.0,"enemies":"Slavers","floor":23.0,"turns":6.0},{"damage":22.0,"enemies":"Cultist and Chosen","floor":25.0,"turns":8.0},{"damage":0,"enemies":"Gremlin Leader","floor":30,"turns":6},{"damage":16,"enemies":"Snecko","floor":31,"turns":6},{"damage":46,"enemies":"Champ","floor":33,"turns":15}],"seed_played":"-5968223150136966806","potions_obtained":[{"floor":1.0,"key":"SteroidPotion"},{"floor":10.0,"key":"Ancient Potion"},{"floor":12.0,"key":"Fire Potion"},{"floor":25.0,"key":"GhostInAJar"}],"is_trial":false,"path_per_floor":["M","?","M","$","?","R","E","M","T","M","R","M","$","E","R","B",null,"M","?","$","$","M","E","R","M","T","?","R","?","E","M","R","B"],"character_chosen":"THE_SILENT","items_purchased":["Well Laid Plans","Flying Knee","Footwork","Cloak And Dagger","Fire Potion","Noxious Fumes"],"campfire_rested":3,"item_purchase_floors":[4,4,13,20,20,21],"current_hp_per_floor":[59,59,59,59,48,48,48,48,48,44,44,44,44,42,42,23,55,35,35,35,35,20,7,26,4,4,4,23,23,23,7,26,0],"gold":162,"neow_bonus":"THREE_ENEMY_KILL","is_prod":false,"is_daily":false,"chose_seed":false,"campfire_upgraded":3,"win_rate":0,"timestamp":1556423282,"path_taken":["M","?","M","$","?","R","E","M","T","M","R","M","?","E","R","BOSS","M","?","?","$","M","E","R","?","T","?","R","?","E","M","R","BOSS"],"build_version":"2019-01-23","purchased_purges":0,"victory":false,"max_hp_per_floor":[66,66,66,66,66,66,66,66,66,66,66,66,66,66,66,66,66,66,66,66,66,66,66,66,66,66,66,66,66,66,66,66,66],"card_choices":[{"not_picked":["Slice","Outmaneuver","Deflect"],"picked":"SKIP","floor":1.0},{"not_picked":["Catalyst","Eviscerate"],"picked":"Predator","floor":3.0},{"not_picked":["Blade Dance","Concentrate"],"picked":"Noxious Fumes","floor":7.0},{"not_picked":["Finisher","Outmaneuver"],"picked":"Backstab","floor":8.0},{"not_picked":["Reflex","Deflect"],"picked":"Deadly Poison","floor":10.0},{"not_picked":["Phantasmal Killer","Dodge and Roll"],"picked":"Leg Sweep","floor":12.0},{"not_picked":["Backflip","Cloak And Dagger"],"picked":"Crippling Poison","floor":14.0},{"not_picked":["Storm of Steel","A Thousand Cuts"],"picked":"Glass Knife","floor":16.0},{"not_picked":["Deadly Poison","Underhanded Strike"],"picked":"Dodge and Roll","floor":18.0},{"not_picked":["Crippling Poison","Tactician"],"picked":"Deflect","floor":22.0},{"not_picked":["Deadly Poison","Distraction","Dagger Throw"],"picked":"SKIP","floor":23.0},{"not_picked":["Poisoned Stab","Acrobatics","Quick Slash"],"picked":"SKIP","floor":25.0},{"not_picked":["Dagger Throw","Finisher"],"picked":"Escape Plan","floor":30},{"not_picked":["Finisher","Accuracy","Bane"],"picked":"Backflip","floor":31}],"player_experience":2214967,"relics_obtained":[{"floor":7.0,"key":"Sundial"},{"floor":9.0,"key":"Incense Burner"},{"floor":14.0,"key":"Ginger"},{"floor":23.0,"key":"Bottled Flame"},{"floor":26.0,"key":"Tiny Chest"},{"floor":30,"key":"Question Card"}],"event_choices":[{"damage_healed":0.0,"max_hp_gain":0.0,"max_hp_loss":0.0,"gold_gain":0.0,"event_name":"Living Wall","player_choice":"Grow","floor":2.0,"gold_loss":0.0,"damage_taken":0.0,"cards_upgraded":["Neutralize"]},{"damage_healed":0.0,"max_hp_gain":0.0,"max_hp_loss":0.0,"gold_gain":75.0,"event_name":"World of Goop","player_choice":"Gather Gold","floor":5.0,"gold_loss":0.0,"damage_taken":11.0},{"damage_healed":0.0,"max_hp_gain":0.0,"max_hp_loss":0.0,"gold_gain":0.0,"cards_transformed":["Strike_G"],"event_name":"Transmorgrifier","player_choice":"Transformed","floor":19.0,"gold_loss":0.0,"damage_taken":0.0,"cards_obtained":["Slice"]},{"cards_removed":["Strike_G"],"damage_healed":0.0,"max_hp_gain":0.0,"max_hp_loss":0.0,"gold_gain":0.0,"event_name":"Beggar","player_choice":"Gave Gold","floor":27.0,"gold_loss":75.0,"damage_taken":0.0},{"damage_healed":0.0,"max_hp_gain":0.0,"max_hp_loss":0.0,"gold_gain":50.0,"event_name":"Nest","player_choice":"Stole From Cult","floor":29.0,"gold_loss":0.0,"damage_taken":0.0}],"is_beta":false,"boss_relics":[{"not_picked":["White Beast Statue","Empty Cage"],"picked":"WristBlade"}],"items_purged_floors":[],"is_endless":false,"potions_floor_spawned":[1,10,12,16,22,25],"killed_by":"Champ","ascension_level":20}