{"gold_per_floor":[109,120,120,295,295,295,328,345,368,401,72,72,105,105,105,285,285,300,300,338,354,354,354,354],"floor_reached":24,"playtime":3130,"items_purged":["Strike_G"],"score":224,"play_id":"9bb81331-ba2b-46a3-8e8d-b33f804dd0e7","local_time":"20190110192648","is_ascension_mode":true,"campfire_choices":[{"floor":6.0,"key":"REST"},{"floor":12.0,"key":"REST"},{"data":"HandOfGreed","floor":15.0,"key":"SMITH"},{"floor":23,"key":"REST"}],"neow_cost":"PERCENT_DAMAGE","seed_source_timestamp":0,"circlet_count":0,"master_deck":["Defend_G","Defend_G","Defend_G","Defend_G","Defend_G","Strike_G","Strike_G","Strike_G","Strike_G","Survivor","Neutralize","Glass Knife","Noxious Fumes","Poisoned Stab","Deadly Poison","Riddle With Holes","Dash","HandOfGreed+1","Forethought+1","Injury","Phantasmal Killer","Bouncing Flask","PiercingWail"],"special_seed":0,"relics":["Ring of the Snake","Bag of Preparation","Vajra","Bronze Scales","Orichalcum","Golden Idol","Runic Pyramid","Juzu Bracelet"],"potions_floor_usage":[21],"damage_taken":[{"damage":1.0,"enemies":"Small Slimes","floor":1.0,"turns":4.0},{"damage":0.0,"enemies":"Jaw Worm","floor":2.0,"turns":4.0},{"damage":19.0,"enemies":"3 Sentries","floor":7.0,"turns":8.0},{"damage":0.0,"enemies":"2 Louse","floor":8.0,"turns":1.0},{"damage":8.0,"enemies":"Lagavulin","floor":10.0,"turns":5.0},{"damage":0.0,"enemies":"Gremlin Gang","floor":13.0,"turns":3.0},{"damage":21.0,"enemies":"Slime Boss","floor":16.0,"turns":9.0},{"damage":16.0,"enemies":"Spheric Guardian","floor":18.0,"turns":4.0},{"damage":19.0,"enemies":"2 Thieves","floor":20.0,"turns":3.0},{"damage":20,"enemies":"Snake Plant","floor":21,"turns":4},{"damage":39,"enemies":"Slavers","floor":24,"turns":2}],"seed_played":"-2890852262644109765","potions_obtained":[{"floor":1.0,"key":"Energy Potion"},{"floor":8.0,"key":"Dexterity Potion"},{"floor":10.0,"key":"SteroidPotion"},{"floor":13.0,"key":"SkillPotion"},{"floor":20.0,"key":"Regen Potion"},{"floor":21,"key":"Energy Potion"}],"is_trial":false,"path_per_floor":["M","M","?","?","?","R","E","M","T","E","$","R","M","?","R","B",null,"M","?","M","M","?","R","E"],"character_chosen":"THE_SILENT","items_purchased":["HandOfGreed","Forethought"],"campfire_rested":3,"item_purchase_floors":[11,11],"current_hp_per_floor":[48,48,36,36,29,50,31,31,31,23,23,44,44,44,44,23,70,54,54,35,15,15,36,0],"gold":354,"neow_bonus":"THREE_RARE_CARDS","is_prod":false,"is_daily":false,"chose_seed":false,"campfire_upgraded":1,"win_rate":0,"timestamp":1547166408,"path_taken":["M","M","?","?","?","R","E","?","T","E","$","R","M","?","R","BOSS","M","?","?","M","?","R","E"],"build_version":"2019-01-03v4","purchased_purges":1,"victory":false,"max_hp_per_floor":[70,70,70,70,70,70,70,70,70,70,70,70,70,70,70,70,70,70,70,70,70,70,70,70],"card_choices":[{"not_picked":["Unload","Adrenaline"],"picked":"Glass Knife","floor":0.0},{"not_picked":["Bouncing Flask","Flying Knee"],"picked":"Noxious Fumes","floor":1.0},{"not_picked":["Dagger Throw","Underhanded Strike"],"picked":"Poisoned Stab","floor":2.0},{"not_picked":["Wraith Form v2","Dagger Spray"],"picked":"Deadly Poison","floor":7.0},{"not_picked":["Cloak And Dagger","Infinite Blades"],"picked":"Riddle With Holes","floor":8.0},{"not_picked":["Night Terror","Dagger Throw"],"picked":"Dash","floor":10.0},{"not_picked":["Flechettes","Deflect","Choke"],"picked":"SKIP","floor":13.0},{"not_picked":["Die Die Die","Unload"],"picked":"Phantasmal Killer","floor":16.0},{"not_picked":["Footwork+1","Dagger Throw"],"picked":"Bouncing Flask","floor":18.0},{"not_picked":["Blade Dance","Distraction"],"picked":"PiercingWail","floor":20.0},{"not_picked":["Infinite Blades","Slice","Dodge and Roll"],"picked":"SKIP","floor":21}],"player_experience":129255,"relics_obtained":[{"floor":7.0,"key":"Vajra"},{"floor":9.0,"key":"Bronze Scales"},{"floor":10.0,"key":"Orichalcum"}],"event_choices":[{"damage_healed":0.0,"max_hp_gain":0.0,"max_hp_loss":0.0,"gold_gain":0.0,"event_name":"Scrap Ooze","player_choice":"Success","floor":3.0,"gold_loss":0.0,"damage_taken":12.0,"relics_obtained":["Bag of Preparation"]},{"damage_healed":0.0,"max_hp_gain":0.0,"max_hp_loss":0.0,"gold_gain":175.0,"event_name":"Liars Game","player_choice":"AGREE","floor":4.0,"gold_loss":0.0,"damage_taken":0.0,"cards_obtained":["Doubt"]},{"cards_removed":["Doubt"],"damage_healed":0.0,"max_hp_gain":0.0,"max_hp_loss":0.0,"gold_gain":0.0,"event_name":"Golden Wing","player_choice":"Card Removal","floor":5.0,"gold_loss":0.0,"damage_taken":7.0},{"damage_healed":0.0,"max_hp_gain":0.0,"max_hp_loss":0.0,"gold_gain":0.0,"event_name":"Golden Idol","player_choice":"Take Wound","floor":14.0,"gold_loss":0.0,"damage_taken":0.0,"relics_obtained":["Golden Idol"],"cards_obtained":["Injury"]},{"damage_healed":0.0,"max_hp_gain":0.0,"max_hp_loss":0.0,"gold_gain":0.0,"event_name":"Accursed Blacksmith","player_choice":"Forge","floor":19.0,"gold_loss":0.0,"damage_taken":0.0,"cards_upgraded":["Forethought"]},{"damage_healed":0,"gold_gain":0,"player_choice":"Opened","damage_taken":0,"relics_obtained":["Juzu Bracelet"],"max_hp_gain":0,"max_hp_loss":0,"event_name":"The Mausoleum","floor":22,"gold_loss":0}],"is_beta":false,"boss_relics":[{"not_picked":["Lizard Tail","Calling Bell"],"picked":"Runic Pyramid"}],"items_purged_floors":[11],"is_endless":false,"potions_floor_spawned":[1,8,10,13,20,21],"killed_by":"Slavers","ascension_level":2}