{"gold_per_floor":[113,123,134,134,134,177,177,229,229,310,335,72,147,182,182,302,302,326,77,77,77,97,128,128,161,185,185,208,69,90,104,104,232,232,255,273,298,35,91,91,107,107,132,25,25,0,0,18,18,18],"floor_reached":51,"playtime":4721,"items_purged":["Strike_B","Strike_B","Strike_B"],"score":854,"play_id":"76818a40-4234-43dd-b4c8-c5dce122c470","local_time":"20190510224449","is_ascension_mode":true,"campfire_choices":[{"floor":7,"key":"REST"},{"floor":15,"key":"REST"},{"floor":24,"key":"REST"},{"floor":27,"key":"REST"},{"data":"Chrysalis","floor":32,"key":"SMITH"},{"data":"Amplify","floor":40,"key":"SMITH"},{"data":"Amplify","floor":42,"key":"SMITH"},{"data":"Storm","floor":45,"key":"SMITH"},{"floor":47,"key":"REST"},{"floor":49,"key":"REST"}],"neow_cost":"NONE","seed_source_timestamp":0,"circlet_count":0,"master_deck":["Defend_B","Defend_B","Defend_B","Defend_B","Zap","Dualcast","FTL","Defragment","Doom and Gloom","Biased Cognition","Cold Snap","Defragment","Cold Snap","Chrysalis+1","Amplify+1","Seek","Beam Cell+1","Storm+1","Defragment","Storm","Discovery","Hologram","Self Repair","Recycle","White Noise+1","Mayhem","Leap+1","Creative AI","Defragment+1","Leap+1","Amplify+1","Tempest","Self Repair","Storm","Discovery"],"special_seed":0,"relics":["Cracked Core","Golden Idol","Lantern","Vajra","Sundial","Centennial Puzzle","The Courier","Velvet Choker","Pantograph","Regal Pillow","Blood Vial","Nuclear Battery","DollysMirror","Girya","Happy Flower","Red Mask"],"potions_floor_usage":[16,16,23,25,30,39,41,50,50,50],"damage_taken":[{"damage":1.0,"enemies":"Cultist","floor":1.0,"turns":3.0},{"damage":0.0,"enemies":"Small Slimes","floor":2.0,"turns":2.0},{"damage":2.0,"enemies":"Jaw Worm","floor":3.0,"turns":3.0},{"damage":30,"enemies":"Gremlin Nob","floor":6,"turns":4},{"damage":11,"enemies":"Gremlin Nob","floor":10,"turns":3},{"damage":12,"enemies":"3 Louse","floor":11,"turns":2},{"damage":1,"enemies":"Lagavulin","floor":14,"turns":5},{"damage":18,"enemies":"The Guardian","floor":16,"turns":12},{"damage":5,"enemies":"Spheric Guardian","floor":18,"turns":3},{"damage":2,"enemies":"Chosen","floor":22,"turns":3},{"damage":39,"enemies":"Slavers","floor":23,"turns":4},{"damage":14,"enemies":"Book of Stabbing","floor":25,"turns":4},{"damage":4,"enemies":"3 Cultists","floor":28,"turns":4},{"damage":1,"enemies":"Snake Plant","floor":30,"turns":3},{"damage":20,"enemies":"Sentry and Sphere","floor":31,"turns":4},{"damage":16,"enemies":"Champ","floor":33,"turns":4},{"damage":0,"enemies":"Orb Walker","floor":35,"turns":3},{"damage":37,"enemies":"3 Darklings","floor":36,"turns":4},{"damage":22,"enemies":"Sphere and 2 Shapes","floor":37,"turns":4},{"damage":21,"enemies":"2 Orb Walkers","floor":39,"turns":4},{"damage":5,"enemies":"Transient","floor":41,"turns":5},{"damage":20,"enemies":"Jaw Worm Horde","floor":48,"turns":3},{"damage":58,"enemies":"Donu and Deca","floor":50,"turns":5}],"seed_played":"-4035993636300355775","potions_obtained":[{"floor":3.0,"key":"FearPotion"},{"floor":6,"key":"SpeedPotion"},{"floor":11,"key":"FearPotion"},{"floor":14,"key":"Poison Potion"},{"floor":22,"key":"EssenceOfSteel"},{"floor":23,"key":"SpeedPotion"},{"floor":25,"key":"SpeedPotion"},{"floor":30,"key":"Ancient Potion"},{"floor":36,"key":"Fire Potion"},{"floor":41,"key":"SkillPotion"},{"floor":48,"key":"Block Potion"}],"is_trial":false,"path_per_floor":["M","M","M","?","?","E","R","T","T","?","M","$","?","E","R","B",null,"M","$","?","?","M","E","R","E","T","R","M","$","M","M","R","B",null,"M","M","M","$","?","R","M","R","T","$","R","?","R","M","R","B",null],"character_chosen":"DEFECT","items_purchased":["Chrysalis","Storm","Defragment","Storm","Mayhem","DollysMirror","Storm","Discovery"],"campfire_rested":6,"item_purchase_floors":[12,19,19,19,29,38,44,44],"current_hp_per_floor":[81,81,79,59,59,29,53,53,53,42,30,30,19,18,42,24,68,63,63,63,47,45,6,30,23,23,62,67,67,68,57,57,73,80,82,52,46,46,34,34,38,38,38,38,38,38,77,66,82,38],"gold":18,"neow_bonus":"TEN_PERCENT_HP_BONUS","is_prod":false,"is_daily":false,"chose_seed":false,"campfire_upgraded":4,"win_rate":0,"timestamp":1557542689,"path_taken":["M","M","M","?","?","E","R","?","T","?","?","$","?","E","R","BOSS","M","$","?","?","M","E","R","E","T","R","M","$","M","?","R","BOSS","M","M","?","$","?","R","M","R","T","$","R","?","R","M","R","BOSS"],"build_version":"2019-01-23","purchased_purges":3,"victory":true,"max_hp_per_floor":[82,82,82,82,82,82,82,82,82,82,82,82,82,82,82,82,82,82,82,82,82,82,82,82,82,82,82,82,82,82,82,82,82,82,82,82,82,82,82,82,82,82,82,82,82,82,82,82,82,82],"card_choices":[{"not_picked":["Sweeping Beam","Go for the Eyes"],"picked":"FTL","floor":1.0},{"not_picked":["Melter","Consume"],"picked":"Defragment","floor":2.0},{"not_picked":["Stack","Undo"],"picked":"Doom and Gloom","floor":3.0},{"not_picked":["Turbo","Streamline"],"picked":"Cold Snap","floor":6},{"not_picked":["Ball Lightning","Streamline"],"picked":"Defragment","floor":10},{"not_picked":["Lockon","Hologram"],"picked":"Cold Snap","floor":11},{"not_picked":["BootSequence","Cold Snap"],"picked":"Amplify","floor":14},{"not_picked":["Multi-Cast","Reboot"],"picked":"Seek","floor":16},{"not_picked":["Cold Snap+1","Ball Lightning"],"picked":"Beam Cell+1","floor":18},{"not_picked":["Force Field","Hologram","Stack"],"picked":"SKIP","floor":22},{"not_picked":["Force Field","Stack"],"picked":"Hologram","floor":22},{"not_picked":["Lockon","Barrage"],"picked":"Self Repair","floor":23},{"not_picked":["Melter","Core Surge"],"picked":"Recycle","floor":25},{"not_picked":["Streamline","Reinforced Body"],"picked":"White Noise+1","floor":28},{"not_picked":["Ball Lightning","Chaos","Rebound+1"],"picked":"SKIP","floor":30},{"not_picked":["Redo","Undo"],"picked":"Leap+1","floor":31},{"not_picked":["Multi-Cast","Fission"],"picked":"Creative AI","floor":33},{"not_picked":["Sweeping Beam+1","Chill","Darkness"],"picked":"SKIP","floor":35},{"not_picked":["Hello World","Streamline"],"picked":"Defragment+1","floor":36},{"not_picked":["Sweeping Beam","Ball Lightning"],"picked":"Leap+1","floor":37},{"not_picked":["Barrage+1","Coolheaded"],"picked":"Tempest","floor":39},{"not_picked":["Barrage+1","Coolheaded"],"picked":"Self Repair","floor":41},{"not_picked":["Stack","Leap","Steam"],"picked":"SKIP","floor":48}],"player_experience":223729,"relics_obtained":[{"floor":6,"key":"Lantern"},{"floor":8,"key":"Vajra"},{"floor":9,"key":"Sundial"},{"floor":10,"key":"Centennial Puzzle"},{"floor":14,"key":"The Courier"},{"floor":23,"key":"Pantograph"},{"floor":25,"key":"Regal Pillow"},{"floor":26,"key":"Blood Vial"},{"floor":39,"key":"Girya"},{"floor":43,"key":"Happy Flower"}],"event_choices":[{"damage_healed":0.0,"max_hp_gain":0.0,"max_hp_loss":0.0,"gold_gain":0.0,"event_name":"Golden Idol","player_choice":"Take Damage","floor":4.0,"gold_loss":0.0,"damage_taken":20.0,"relics_obtained":["Golden Idol"]},{"damage_healed":0.0,"max_hp_gain":0.0,"max_hp_loss":0.0,"gold_gain":0.0,"cards_transformed":["Strike_B"],"event_name":"Living Wall","player_choice":"Change","floor":5.0,"gold_loss":0.0,"damage_taken":0.0,"cards_obtained":["Biased Cognition"]},{"damage_healed":0,"gold_gain":0,"player_choice":"Searched \u00272\u0027 times","damage_taken":0,"max_hp_gain":0,"max_hp_loss":0,"event_name":"Dead Adventurer","floor":10,"gold_loss":0},{"damage_healed":0,"gold_gain":75,"player_choice":"Gather Gold","damage_taken":11,"max_hp_gain":0,"max_hp_loss":0,"event_name":"World of Goop","floor":13,"gold_loss":0},{"damage_healed":0,"gold_gain":0,"player_choice":"Ignored","damage_taken":0,"max_hp_gain":0,"max_hp_loss":0,"event_name":"Vampires","floor":20,"gold_loss":0},{"damage_healed":0,"gold_gain":0,"player_choice":"CARD ","damage_taken":16,"max_hp_gain":0,"max_hp_loss":0,"event_name":"Knowing Skull","floor":21,"potions_obtained":[],"gold_loss":0,"cards_obtained":["Discovery"]},{"damage_healed":0,"gold_gain":0,"player_choice":"Fight","damage_taken":0,"max_hp_gain":0,"max_hp_loss":0,"event_name":"Mysterious Sphere","floor":39,"gold_loss":0},{"damage_healed":0,"gold_gain":0,"player_choice":"Paid","damage_taken":0,"relics_obtained":["Red Mask"],"max_hp_gain":0,"max_hp_loss":0,"event_name":"Tomb of Lord Red Mask","floor":46,"gold_loss":25}],"is_beta":false,"boss_relics":[{"not_picked":["Fusion Hammer","Inserter"],"picked":"Velvet Choker"},{"not_picked":["Pandora\u0027s Box","White Beast Statue"],"picked":"Nuclear Battery"}],"items_purged_floors":[12,19,38],"is_endless":false,"potions_floor_spawned":[3,6,11,14,22,23,25,30,36,41,48],"ascension_level":5}