{"gold_per_floor":[116,116,132,142,14,14,47,122,148,113,113,139,157,168,168,246,246,258,258,40,51,0,28,28,62,62,96,96,114,114,129,129,204,204,218,218,37,47,59,59],"floor_reached":40,"playtime":1346,"items_purged":["Pain","Strike_G"],"score":933,"play_id":"fb76eaf2-c74b-4ed0-9622-137e4edc17c6","local_time":"20190427160730","is_ascension_mode":true,"campfire_choices":[{"data":"Noxious Fumes","floor":6,"key":"SMITH"},{"data":"Glass Knife","floor":11,"key":"SMITH"},{"floor":15,"key":"REST"},{"floor":24,"key":"RECALL"},{"floor":30,"key":"REST"},{"floor":32,"key":"REST"}],"neow_cost":"NONE","seed_source_timestamp":1098109173864406,"circlet_count":0,"master_deck":["AscendersBane","Defend_G","Defend_G","Defend_G","Defend_G","Defend_G","Strike_G","Strike_G","Strike_G","Strike_G","Survivor","Neutralize","Noxious Fumes+1","Well Laid Plans","Deadly Poison","Glass Knife+1","Backstab","PiercingWail","Deflect","Die Die Die","Cloak And Dagger+1","Ghostly","Ghostly","Ghostly","PiercingWail","PiercingWail","Crippling Poison","Dash","Catalyst+1","Crippling Poison","Terror+1","Malaise","Footwork","Backflip+1","Dagger Spray+1"],"relics":["Ring of the Snake","NeowsBlessing","WarpedTongs","Centennial Puzzle","Oddly Smooth Stone","Anchor","Fusion Hammer","Strawberry","Dream Catcher","Calipers","Gremlin Horn","Happy Flower","Snecko Eye"],"potions_floor_usage":[12,16,23,29,39,40],"damage_taken":[{"damage":0,"enemies":"Small Slimes","floor":1,"turns":1},{"damage":1,"enemies":"Cultist","floor":3,"turns":1},{"damage":1,"enemies":"Jaw Worm","floor":4,"turns":1},{"damage":13,"enemies":"Lagavulin","floor":7,"turns":8},{"damage":24,"enemies":"Gremlin Nob","floor":12,"turns":4},{"damage":11,"enemies":"Large Slime","floor":13,"turns":5},{"damage":0,"enemies":"Blue Slaver","floor":14,"turns":2},{"damage":22,"enemies":"Slime Boss","floor":16,"turns":9},{"damage":6,"enemies":"Spheric Guardian","floor":18,"turns":5},{"damage":0,"enemies":"3 Byrds","floor":21,"turns":6},{"damage":4,"enemies":"Book of Stabbing","floor":23,"turns":7},{"damage":17,"enemies":"Slavers","floor":25,"turns":8},{"damage":17,"enemies":"Book of Stabbing","floor":27,"turns":7},{"damage":3,"enemies":"Snecko","floor":29,"turns":7},{"damage":0,"enemies":"Centurion and Healer","floor":31,"turns":8},{"damage":15,"enemies":"Automaton","floor":33,"turns":9},{"damage":10,"enemies":"Orb Walker","floor":35,"turns":5},{"damage":0,"enemies":"3 Shapes","floor":38,"turns":4},{"damage":12,"enemies":"Transient","floor":39,"turns":6},{"damage":17,"enemies":"Nemesis","floor":40,"turns":3}],"seed_played":"-2088815039193629458","potions_obtained":[{"floor":4,"key":"Regen Potion"},{"floor":13,"key":"SpeedPotion"},{"floor":16,"key":"GamblersBrew"},{"floor":18,"key":"Energy Potion"},{"floor":27,"key":"Block Potion"},{"floor":33,"key":"AttackPotion"}],"is_trial":false,"path_per_floor":["M","?","M","M","$","R","E","?","T","?","R","E","M","M","R","B",null,"M","?","$","M","?","E","R","E","T","E","?","M","R","M","R","B",null,"M","?","$","M","M","E"],"character_chosen":"THE_SILENT","items_purchased":["Deadly Poison","Strawberry","PiercingWail","Footwork"],"campfire_rested":3,"item_purchase_floors":[5,20,20,37],"current_hp_per_floor":[59,59,58,57,57,57,44,33,33,49,49,37,26,26,45,23,55,49,33,40,40,40,36,36,19,19,2,10,7,19,19,31,16,34,24,24,24,24,12,0],"gold":59,"neow_bonus":"THREE_ENEMY_KILL","is_prod":false,"is_daily":false,"chose_seed":false,"campfire_upgraded":2,"win_rate":0,"timestamp":1556392050,"path_taken":["M","?","M","?","$","R","E","?","T","?","R","E","M","M","R","BOSS","M","?","$","M","?","E","R","E","T","E","?","M","R","M","R","BOSS","M","?","?","M","M","E"],"build_version":"2019-01-23","purchased_purges":2,"victory":false,"max_hp_per_floor":[66,66,66,66,66,66,66,66,66,66,66,66,66,66,66,66,66,66,33,40,40,40,40,40,40,40,40,40,40,40,40,40,40,40,40,40,40,40,40,40],"card_choices":[{"not_picked":["Underhanded Strike","Blade Dance"],"picked":"Noxious Fumes","floor":1},{"not_picked":["Catalyst","Tactician","Blur"],"picked":"SKIP","floor":3},{"not_picked":["Outmaneuver","Dagger Throw"],"picked":"Well Laid Plans","floor":4},{"not_picked":["Sucker Punch","Finisher"],"picked":"Glass Knife","floor":7},{"not_picked":["Outmaneuver","Poisoned Stab"],"picked":"Backstab","floor":12},{"not_picked":["Infinite Blades","Quick Slash"],"picked":"PiercingWail","floor":13},{"not_picked":["PiercingWail","Underhanded Strike"],"picked":"Deflect","floor":14},{"not_picked":["A Thousand Cuts","Tools of the Trade"],"picked":"Die Die Die","floor":16},{"not_picked":["Heel Hook","Deadly Poison"],"picked":"Cloak And Dagger+1","floor":18},{"not_picked":["Backstab","Bane","Slice"],"picked":"SKIP","floor":21},{"not_picked":["Dagger Spray","Blade Dance"],"picked":"PiercingWail","floor":23},{"not_picked":["Heel Hook","Doppelganger"],"picked":"Crippling Poison","floor":25},{"not_picked":["Tactician","Dagger Throw"],"picked":"Dash","floor":27},{"not_picked":["Endless Agony","Predator+1"],"picked":"Catalyst","floor":29},{"not_picked":["Blade Dance","Dash"],"picked":"Crippling Poison","floor":30},{"not_picked":["Dagger Spray","Flying Knee","Concentrate"],"picked":"SKIP","floor":31},{"not_picked":["PiercingWail","Dodge and Roll"],"picked":"Terror+1","floor":32},{"not_picked":["Tools of the Trade","Bullet Time"],"picked":"Malaise","floor":33},{"not_picked":["Flying Knee","Masterful Stab+1","Blade Dance"],"picked":"SKIP","floor":35},{"not_picked":["Terror","Predator"],"picked":"Backflip+1","floor":38},{"not_picked":["Dodge and Roll+1","Blade Dance"],"picked":"Dagger Spray+1","floor":39}],"player_experience":2201632,"relics_obtained":[{"floor":7,"key":"Centennial Puzzle"},{"floor":9,"key":"Oddly Smooth Stone"},{"floor":12,"key":"Anchor"},{"floor":23,"key":"Dream Catcher"},{"floor":25,"key":"Calipers"},{"floor":26,"key":"Gremlin Horn"},{"floor":27,"key":"Happy Flower"}],"event_choices":[{"damage_healed":0,"gold_gain":0,"player_choice":"Rummage","damage_taken":0,"relics_obtained":["WarpedTongs"],"max_hp_gain":0,"max_hp_loss":0,"event_name":"Accursed Blacksmith","floor":2,"gold_loss":0,"cards_obtained":["Pain"]},{"damage_healed":0,"gold_gain":75,"player_choice":"Gather Gold","damage_taken":11,"max_hp_gain":0,"max_hp_loss":0,"event_name":"World of Goop","floor":8,"gold_loss":0},{"damage_healed":16,"gold_gain":0,"player_choice":"Healed","damage_taken":0,"max_hp_gain":0,"max_hp_loss":0,"event_name":"The Cleric","floor":10,"gold_loss":35},{"damage_healed":0,"gold_gain":0,"player_choice":"Became a Ghost","damage_taken":0,"max_hp_gain":0,"max_hp_loss":33,"event_name":"Ghosts","floor":19,"gold_loss":0,"cards_obtained":["Ghostly","Ghostly","Ghostly"]},{"damage_healed":0,"gold_gain":0,"player_choice":"Paid Fearfully","damage_taken":0,"max_hp_gain":0,"max_hp_loss":0,"event_name":"Masked Bandits","floor":22,"gold_loss":51},{"damage_healed":8,"gold_gain":0,"player_choice":"Heal","damage_taken":0,"max_hp_gain":0,"max_hp_loss":0,"event_name":"The Library","floor":28,"gold_loss":0},{"damage_healed":0,"gold_gain":0,"player_choice":"Upgraded","damage_taken":0,"max_hp_gain":0,"max_hp_loss":0,"event_name":"Upgrade Shrine","floor":36,"gold_loss":0,"cards_upgraded":["Catalyst"]}],"is_beta":false,"boss_relics":[{"not_picked":["Empty Cage","Orrery"],"picked":"Fusion Hammer"},{"not_picked":["White Beast Statue","HoveringKite"],"picked":"Snecko Eye"}],"items_purged_floors":[5,37],"is_endless":false,"potions_floor_spawned":[4,13,16,18,21,27,33,35],"killed_by":"Nemesis","ascension_level":20}