{"gold_per_floor":[111,111,111,124,38,38,38,53,102,102,133,22,22,35,35,109,109,127,31,31,81,101,101,119,137,137,62,62,95,9,22,22,93,93,112,112,0,11,11,44,57,57],"floor_reached":42,"playtime":11468,"items_purged":[],"score":888,"play_id":"33471080-b69c-4d66-bd22-99d41dc1ee2d","local_time":"20190505195748","is_ascension_mode":true,"campfire_choices":[{"data":"Dagger Spray","floor":6.0,"key":"SMITH"},{"floor":10.0,"key":"REST"},{"floor":13.0,"key":"REST"},{"data":"Blade Dance","floor":15.0,"key":"SMITH"},{"data":"Wraith Form v2","floor":23.0,"key":"SMITH"},{"data":"Noxious Fumes","floor":28.0,"key":"SMITH"},{"floor":32.0,"key":"REST"}],"neow_cost":"PERCENT_DAMAGE","seed_source_timestamp":29337383219600,"circlet_count":0,"master_deck":["AscendersBane","Defend_G","Defend_G","Defend_G","Defend_G","Strike_G","Strike_G","Survivor","Neutralize","Dagger Spray+1","Backstab","Cloak And Dagger","Wraith Form v2+1","Footwork","Blade Dance+1","Dagger Throw","Corpse Explosion","Infinite Blades","Deflect","Blade Dance","Noxious Fumes+1","Die Die Die","Well Laid Plans","Malaise","Backflip","Backflip","Dodge and Roll+1","Escape Plan"],"special_seed":0,"relics":["Ring of the Snake","Shuriken","Boot","Question Card","Philosopher\u0027s Stone","Juzu Bracelet","Strawberry","Cursed Key","NlothsMask","Paper Crane"],"potions_floor_usage":[40,41],"damage_taken":[{"damage":0.0,"enemies":"Jaw Worm","floor":1.0,"turns":5.0},{"damage":1.0,"enemies":"Small Slimes","floor":4.0,"turns":4.0},{"damage":1.0,"enemies":"Cultist","floor":8.0,"turns":3.0},{"damage":24.0,"enemies":"Gremlin Nob","floor":11.0,"turns":4.0},{"damage":2.0,"enemies":"Exordium Wildlife","floor":14.0,"turns":3.0},{"damage":2.0,"enemies":"The Guardian","floor":16.0,"turns":12.0},{"damage":6.0,"enemies":"3 Byrds","floor":18.0,"turns":2.0},{"damage":6.0,"enemies":"Chosen","floor":22.0,"turns":5.0},{"damage":0.0,"enemies":"Snake Plant","floor":24.0,"turns":4.0},{"damage":0.0,"enemies":"Chosen and Byrds","floor":25.0,"turns":6.0},{"damage":22.0,"enemies":"Slavers","floor":29.0,"turns":4.0},{"damage":7.0,"enemies":"Shelled Parasite and Fungi","floor":31.0,"turns":4.0},{"damage":30.0,"enemies":"Automaton","floor":33.0,"turns":10.0},{"damage":14.0,"enemies":"3 Darklings","floor":35.0,"turns":4.0},{"damage":1.0,"enemies":"Orb Walker","floor":38.0,"turns":4.0},{"damage":37,"enemies":"Reptomancer","floor":40,"turns":6},{"damage":2,"enemies":"Jaw Worm Horde","floor":41,"turns":3},{"damage":9,"enemies":"Giant Head","floor":42,"turns":4}],"seed_played":"6421481177400007639","potions_obtained":[{"floor":11.0,"key":"Fire Potion"},{"floor":14.0,"key":"Swift Potion"},{"floor":24.0,"key":"Fire Potion"},{"floor":29.0,"key":"Explosive Potion"},{"floor":33.0,"key":"Energy Potion"},{"floor":40,"key":"Fire Potion"}],"is_trial":false,"path_per_floor":["M","?","?","M","$","R","?","M","T","R","E","$","R","M","R","B",null,"M","$","$","?","M","R","M","M","T","?","R","E","$","M","R","B",null,"M","?","$","M","?","E","M","E"],"character_chosen":"THE_SILENT","items_purchased":["Backstab","Footwork","Blade Dance","Infinite Blades","Deflect","GhostInAJar","Backflip","Explosive Potion"],"campfire_rested":3,"item_purchase_floors":[5,12,12,19,19,30,37,37],"current_hp_per_floor":[44,33,33,32,32,32,32,31,31,50,26,26,45,43,43,41,60,54,54,54,54,48,48,48,48,48,48,48,33,33,26,47,17,59,45,45,45,44,44,7,5,0],"gold":57,"neow_bonus":"REMOVE_TWO","is_prod":false,"is_daily":false,"chose_seed":false,"campfire_upgraded":4,"win_rate":0,"timestamp":1557111468,"path_taken":["M","?","?","?","$","R","?","M","T","R","E","$","R","M","R","BOSS","M","$","?","?","M","R","?","M","T","?","R","E","$","M","R","BOSS","M","?","$","M","?","E","M","E"],"build_version":"2019-01-23","purchased_purges":0,"victory":false,"max_hp_per_floor":[66,66,66,66,66,66,66,66,66,66,66,66,66,66,66,66,66,66,66,66,66,66,66,66,66,66,66,66,73,73,73,73,73,73,73,73,73,73,73,73,73,73],"card_choices":[{"not_picked":["Slice","Concentrate"],"picked":"Caltrops","floor":1.0},{"not_picked":["Setup","Leg Sweep"],"picked":"Dagger Spray","floor":4.0},{"not_picked":["Blade Dance","PiercingWail"],"picked":"Cloak And Dagger","floor":8.0},{"not_picked":["Infinite Blades","Poisoned Stab"],"picked":"Wraith Form v2","floor":11.0},{"not_picked":["Underhanded Strike","Eviscerate","Quick Slash"],"picked":"Dagger Throw","floor":14.0},{"not_picked":["Grand Finale","After Image","A Thousand Cuts"],"picked":"Corpse Explosion","floor":16.0},{"not_picked":["Dagger Throw","Reflex+1","Riddle With Holes","Heel Hook"],"picked":"SKIP","floor":18.0},{"not_picked":["Heel Hook","Flechettes+1","Setup+1"],"picked":"Blade Dance","floor":22.0},{"not_picked":["Deflect","Flying Knee","Outmaneuver","Underhanded Strike"],"picked":"SKIP","floor":24.0},{"not_picked":["Dagger Throw+1","Bane","Slice"],"picked":"Noxious Fumes","floor":25.0},{"not_picked":["Dagger Spray","Underhanded Strike","Cloak And Dagger"],"picked":"Die Die Die","floor":29.0},{"not_picked":["Flechettes","Finisher","Distraction"],"picked":"Well Laid Plans","floor":31.0},{"not_picked":["Bullet Time","A Thousand Cuts","Corpse Explosion"],"picked":"Malaise","floor":33.0},{"not_picked":["Well Laid Plans","Acrobatics","Endless Agony"],"picked":"Backflip","floor":35.0},{"not_picked":["Outmaneuver+1","Reflex","Bane"],"picked":"Dodge and Roll+1","floor":38.0},{"not_picked":["Riddle With Holes","Blade Dance","Cloak And Dagger"],"picked":"Escape Plan","floor":40},{"not_picked":["Prepared","Infinite Blades","Blur","Deflect"],"picked":"SKIP","floor":41}],"player_experience":1180643,"relics_obtained":[{"floor":9.0,"key":"Boot"},{"floor":11.0,"key":"Question Card"},{"floor":26.0,"key":"Juzu Bracelet"},{"floor":29.0,"key":"Strawberry"},{"floor":40,"key":"Paper Crane"}],"event_choices":[{"damage_healed":0.0,"max_hp_gain":0.0,"max_hp_loss":0.0,"gold_gain":0.0,"event_name":"Scrap Ooze","player_choice":"Fled","floor":2.0,"gold_loss":0.0,"damage_taken":11.0},{"cards_removed":["Caltrops"],"damage_healed":0.0,"max_hp_gain":0.0,"max_hp_loss":0.0,"gold_gain":0.0,"event_name":"WeMeetAgain","player_choice":"Gave Card","floor":3.0,"gold_loss":0.0,"damage_taken":0.0,"relics_obtained":["Shuriken"]},{"cards_removed":["Strike_G"],"damage_healed":0.0,"max_hp_gain":0.0,"max_hp_loss":0.0,"gold_gain":0.0,"event_name":"Bonfire Elementals","player_choice":"Offered Basic","floor":7.0,"gold_loss":0.0,"damage_taken":0.0},{"damage_healed":0.0,"max_hp_gain":0.0,"max_hp_loss":0.0,"gold_gain":50.0,"event_name":"Golden Shrine","player_choice":"Pray","floor":21.0,"gold_loss":0.0,"damage_taken":0.0},{"cards_removed":["Strike_G"],"damage_healed":0.0,"max_hp_gain":0.0,"max_hp_loss":0.0,"gold_gain":0.0,"event_name":"Beggar","player_choice":"Gave Gold","floor":27.0,"gold_loss":75.0,"damage_taken":0.0},{"damage_healed":0.0,"max_hp_gain":0.0,"max_hp_loss":0.0,"gold_gain":0.0,"event_name":"Mysterious Sphere","player_choice":"Ignored","floor":36.0,"gold_loss":0.0,"damage_taken":0.0},{"damage_healed":0.0,"max_hp_gain":0.0,"max_hp_loss":0.0,"gold_gain":0.0,"event_name":"FaceTrader","player_choice":"Trade","floor":39.0,"gold_loss":0.0,"damage_taken":0.0,"relics_obtained":["NlothsMask"]}],"is_beta":false,"boss_relics":[{"not_picked":["White Beast Statue","Tiny House"],"picked":"Philosopher\u0027s Stone"},{"not_picked":["Lizard Tail","Black Star"],"picked":"Cursed Key"}],"items_purged_floors":[],"is_endless":false,"potions_floor_spawned":[11,14,24,29,33,40],"killed_by":"Giant Head","ascension_level":20}