{"gold_per_floor":[114,129,129,144,159,174,204,219,306,333,360,387,414,426,438,550,562,589,1,16,31,46,46,76,91,91,136,151,166,166,181,181,281,281,296,311,311,31,31,31],"floor_reached":41,"playtime":4007,"items_purged":[],"score":877,"play_id":"e29534b9-55fc-4e5f-b451-f36688cd77ef","local_time":"20180720224749","daily_mods":["Insanity","Time Dilation","Vintage"],"is_ascension_mode":false,"campfire_choices":[{"floor":15,"key":"REST"},{"data":"Multi-Cast","floor":23,"key":"SMITH"},{"data":"Seek","floor":32,"key":"SMITH"}],"neow_cost":"","seed_source_timestamp":0,"circlet_count":0,"master_deck":["Undo","Auto Shields","Creative AI","Conserve Battery","Ball Lightning","Seek+1","All For One","Buffer","BootSequence","Sunder","White Noise","Rip and Tear","Aggregate","Redo","Scrape","Barrage","Aggregate","Steam Power+1","Steam","Chill+1","Capacitor","Biased Cognition+1","Stack","Chill","Chill+1","Sweeping Beam+1","Turbo","Heatsinks","Multi-Cast+1","Steam Power","Cold Snap","Meteor Strike","Hyperbeam","Machine Learning","Leap","Auto Shields","Chill","Sweeping Beam","Doom and Gloom","All For One+1","Echo Form","Fission","Sunder","Aggregate","Self Repair","Zap","Amplify","Darkness","Turbo","Rainbow","Seek"],"special_seed":17733,"relics":["Cracked Core","Smiling Mask","Bottled Lightning","Centennial Puzzle","Bird Faced Urn","Potion Belt","Letter Opener","Bag of Marbles","MawBank","Symbiotic Virus","Ornamental Fan","Art of War","DataDisk","Gremlin Horn","Calipers","Empty Cage","Matryoshka","Bag of Preparation","Torii","Ancient Tea Set","Dream Catcher","The Courier","Oddly Smooth Stone","Blood Vial","Whetstone","Bottled Tornado","Tiny Chest","Happy Flower","War Paint","Mango","Incense Burner","Coffee Dripper","Molten Egg 2","Darkstone Periapt","Orichalcum","Vajra","Pen Nib","Lee\u0027s Waffle"],"potions_floor_usage":[7,7,7,16,16,24,24,24,33,40,40],"damage_taken":[{"damage":12,"enemies":"Jaw Worm","floor":1,"turns":5},{"damage":0,"enemies":"2 Louse","floor":2,"turns":1},{"damage":0,"enemies":"Small Slimes","floor":4,"turns":1},{"damage":2,"enemies":"Blue Slaver","floor":5,"turns":2},{"damage":1,"enemies":"Red Slaver","floor":6,"turns":5},{"damage":0,"enemies":"Lagavulin","floor":7,"turns":4},{"damage":0,"enemies":"3 Louse","floor":8,"turns":1},{"damage":0,"enemies":"Lots of Slimes","floor":10,"turns":1},{"damage":1,"enemies":"Exordium Wildlife","floor":11,"turns":2},{"damage":0,"enemies":"Red Slaver","floor":12,"turns":1},{"damage":0,"enemies":"Looter","floor":13,"turns":1},{"damage":4,"enemies":"The Guardian","floor":16,"turns":5},{"damage":0,"enemies":"Spheric Guardian","floor":18,"turns":2},{"damage":0,"enemies":"Shell Parasite","floor":20,"turns":1},{"damage":0,"enemies":"Cultist and Chosen","floor":21,"turns":2},{"damage":0,"enemies":"Centurion and Healer","floor":22,"turns":3},{"damage":0,"enemies":"Slavers","floor":24,"turns":4},{"damage":0,"enemies":"Snecko","floor":25,"turns":3},{"damage":0,"enemies":"3 Cultists","floor":27,"turns":2},{"damage":0,"enemies":"Chosen and Byrds","floor":28,"turns":3},{"damage":0,"enemies":"Cultist and Chosen","floor":29,"turns":1},{"damage":0,"enemies":"Sentry and Sphere","floor":31,"turns":3},{"damage":0,"enemies":"Collector","floor":33,"turns":5},{"damage":0,"enemies":"3 Shapes","floor":35,"turns":1},{"damage":0,"enemies":"Flame Bruiser 1 Orb","floor":36,"turns":2},{"damage":0,"enemies":"Donu and Deca","floor":40,"turns":9}],"seed_played":"5511659171679018982","potions_obtained":[{"floor":2,"key":"SkillPotion"},{"floor":4,"key":"AttackPotion"},{"floor":5,"key":"Ancient Potion"},{"floor":11,"key":"Block Potion"},{"floor":12,"key":"Weak Potion"},{"floor":13,"key":"Explosive Potion"},{"floor":20,"key":"Dexterity Potion"},{"floor":21,"key":"AttackPotion"},{"floor":24,"key":"Explosive Potion"},{"floor":27,"key":"Regen Potion"},{"floor":31,"key":"Regen Potion"},{"floor":33,"key":"SpeedPotion"},{"floor":36,"key":"Poison Potion"}],"is_trial":false,"path_per_floor":["M","M","?","M","M","M","E","M","T","M","M","M","M","?","R","B",null,"M","$","M","M","M","R","E","M","T","M","M","M","?","M","R","B",null,"M","M","T","$","?","B"],"character_chosen":"DEFECT","items_purchased":["Bag of Preparation","Torii","Strength Potion","PowerPotion","AttackPotion","Pen Nib","Lee\u0027s Waffle"],"campfire_rested":1,"item_purchase_floors":[19,19,19,19,19,38,38],"current_hp_per_floor":[63,63,45,45,47,61,71,71,71,73,74,74,74,59,75,75,75,75,75,75,75,75,75,75,75,75,75,75,75,75,89,89,89,89,89,89,89,96,96,96],"gold":31,"neow_bonus":"","is_prod":false,"is_daily":true,"chose_seed":false,"campfire_upgraded":2,"win_rate":0,"timestamp":1532144869,"path_taken":["M","M","?","M","M","M","E","M","T","M","M","M","M","?","R","BOSS","M","$","M","M","M","R","E","M","T","M","M","M","?","M","R","BOSS","M","M","?","$","?","BOSS"],"build_version":"2018-07-19v2","purchased_purges":0,"victory":true,"max_hp_per_floor":[75,75,75,75,75,75,75,75,75,75,75,75,75,75,75,75,75,75,75,75,75,75,75,75,75,75,75,75,75,75,89,89,89,89,89,89,89,96,96,96],"card_choices":[{"not_picked":["All For One","Hyperbeam"],"picked":"Turbo","floor":7},{"not_picked":["Reboot","Core Surge"],"picked":"Rainbow","floor":16},{"not_picked":["Conserve Battery","Ball Lightning","Capacitor+1"],"picked":"SKIP","floor":24},{"not_picked":["Echo Form","Multi-Cast"],"picked":"Seek","floor":33}],"player_experience":77801,"relics_obtained":[{"floor":1,"key":"Smiling Mask"},{"floor":2,"key":"Bottled Lightning"},{"floor":4,"key":"Bird Faced Urn"},{"floor":5,"key":"Potion Belt"},{"floor":6,"key":"Letter Opener"},{"floor":7,"key":"Bag of Marbles"},{"floor":8,"key":"MawBank"},{"floor":9,"key":"Symbiotic Virus"},{"floor":10,"key":"Ornamental Fan"},{"floor":11,"key":"Art of War"},{"floor":12,"key":"DataDisk"},{"floor":13,"key":"Gremlin Horn"},{"floor":16,"key":"Calipers"},{"floor":18,"key":"Matryoshka"},{"floor":20,"key":"Ancient Tea Set"},{"floor":21,"key":"Dream Catcher"},{"floor":22,"key":"The Courier"},{"floor":24,"key":"Oddly Smooth Stone"},{"floor":25,"key":"Blood Vial"},{"floor":26,"key":"Whetstone"},{"floor":26,"key":"Bottled Tornado"},{"floor":27,"key":"Tiny Chest"},{"floor":28,"key":"Happy Flower"},{"floor":29,"key":"War Paint"},{"floor":31,"key":"Mango"},{"floor":33,"key":"Incense Burner"},{"floor":35,"key":"Molten Egg 2"},{"floor":36,"key":"Darkstone Periapt"},{"floor":37,"key":"Orichalcum"},{"floor":37,"key":"Vajra"}],"event_choices":[{"event_name":"Scrap Ooze","player_choice":"success","floor":3,"damage_taken":18},{"event_name":"Shining Light","player_choice":"Entered Light","floor":14,"damage_taken":0},{"event_name":"Purifier","player_choice":"Skipped","floor":30,"damage_taken":0},{"event_name":"SecretPortal","player_choice":"Took Portal.","floor":39,"damage_taken":0}],"is_beta":false,"boss_relics":[{"not_picked":["Runic Dome","FrozenCore"],"picked":"Empty Cage"},{"not_picked":["Astrolabe","Velvet Choker"],"picked":"Coffee Dripper"}],"items_purged_floors":[],"is_endless":false,"potions_floor_spawned":[2,4,5,11,12,13,20,21,24,27,31,33,35,36],"ascension_level":0}