{"gold_per_floor":[109,124,199,216,67,67,84,84,84,117,133,133,383,400,400,496,496,506,155,167,178,0,18,31,31,31,50,50,64,64,75,75,180,180,199,0,0,11,28,28,47,63,63,63,79,79,92,106,106,106],"floor_reached":51,"playtime":9500,"items_purged":["Strike_B","Parasite","Strike_B"],"score":659,"play_id":"e944901b-3af6-43b7-a925-7582f574e899","local_time":"20180711191734","is_ascension_mode":false,"campfire_choices":[{"data":"Genetic Algorithm","floor":6.0,"key":"SMITH"},{"data":"Chaos","floor":8.0,"key":"SMITH"},{"data":"Hologram","floor":12.0,"key":"SMITH"},{"floor":15.0,"key":"REST"},{"floor":28.0,"key":"REST"},{"data":"Creative AI","floor":30.0,"key":"SMITH"},{"floor":32,"key":"REST"},{"data":"Creative AI","floor":40,"key":"SMITH"},{"floor":44,"key":"REST"},{"floor":46,"key":"REST"},{"floor":49,"key":"REST"}],"neow_cost":"NONE","seed_source_timestamp":0,"circlet_count":0,"master_deck":["Strike_B+1","Strike_B+1","Defend_B","Defend_B","Zap","Dualcast+1","Genetic Algorithm+1","Leap","Hologram+1","Hologram","Gash","Chaos+1","Machine Learning","Redo+1","White Noise","Creative AI+1","Storm+1","Heatsinks+1","Self Repair","Hologram","Capacitor","Storm","Stack","Heatsinks","Auto Shields","Steam+1","Static Discharge","Creative AI+1","Steam+1","Steam","Hello World","Force Field+1","Gash+1","Loop+1","Auto Shields+1","Hologram","White Noise","Gash+1","Fusion"],"special_seed":17720,"relics":["Nuclear Battery","Whetstone","Matryoshka","Astrolabe","Strawberry","Dodecahedron","War Paint","Lizard Tail","Red Mask","Dream Catcher","Pear"],"potions_floor_usage":[50,50],"damage_taken":[{"damage":4.0,"enemies":"2 Louse","floor":1.0,"turns":3.0},{"damage":0.0,"enemies":"Cultist","floor":2.0,"turns":4.0},{"damage":0.0,"enemies":"Small Slimes","floor":4.0,"turns":4.0},{"damage":0.0,"enemies":"Looter","floor":7.0,"turns":4.0},{"damage":20.0,"enemies":"Lagavulin","floor":10.0,"turns":7.0},{"damage":0.0,"enemies":"Gremlin Gang","floor":11.0,"turns":5.0},{"damage":4.0,"enemies":"Blue Slaver","floor":14.0,"turns":5.0},{"damage":25.0,"enemies":"Slime Boss","floor":16.0,"turns":9.0},{"damage":0.0,"enemies":"2 Thieves","floor":18.0,"turns":3.0},{"damage":1.0,"enemies":"Chosen","floor":20.0,"turns":4.0},{"damage":27.0,"enemies":"Slaver and Parasite","floor":21.0,"turns":6.0},{"damage":8.0,"enemies":"Sentry and Sphere","floor":23.0,"turns":4.0},{"damage":42.0,"enemies":"Centurion and Healer","floor":24.0,"turns":5.0},{"damage":6.0,"enemies":"3 Cultists","floor":27.0,"turns":5.0},{"damage":1.0,"enemies":"Cultist and Chosen","floor":29.0,"turns":4.0},{"damage":10.0,"enemies":"Snake Plant","floor":31.0,"turns":4.0},{"damage":26,"enemies":"Champ","floor":33,"turns":10},{"damage":0,"enemies":"Orb Walker","floor":35,"turns":2},{"damage":3,"enemies":"3 Darklings","floor":38,"turns":3},{"damage":0,"enemies":"Maw","floor":39,"turns":7},{"damage":76,"enemies":"4 Shapes","floor":41,"turns":5},{"damage":12,"enemies":"Sphere and 2 Shapes","floor":42,"turns":3},{"damage":14,"enemies":"Maw","floor":45,"turns":7},{"damage":41,"enemies":"3 Darklings","floor":47,"turns":5},{"damage":17,"enemies":"4 Shapes","floor":48,"turns":4},{"damage":19,"enemies":"Donu and Deca","floor":50,"turns":8}],"seed_played":"5952392564398475268","potions_obtained":[{"floor":2.0,"key":"LiquidBronze"},{"floor":4.0,"key":"Weak Potion"},{"floor":7.0,"key":"EssenceOfSteel"},{"floor":10.0,"key":"SkillPotion"},{"floor":18.0,"key":"FairyPotion"},{"floor":24.0,"key":"SpeedPotion"},{"floor":38,"key":"Weak Potion"},{"floor":39,"key":"Ancient Potion"},{"floor":41,"key":"Energy Potion"},{"floor":45,"key":"Energy Potion"},{"floor":47,"key":"FocusPotion"}],"is_trial":false,"path_per_floor":["M","M","?","M","$","R","M","R","T","E","M","R","?","M","R","B",null,"M","$","M","M","$","M","M","?","T","M","R","M","R","M","R","B",null,"M","?","$","M","M","R","M","M","T","R","M","R","M","M","R","B"],"character_chosen":"DEFECT","items_purchased":["Hologram","Gash","Hologram","Strawberry","Capacitor","Stack"],"campfire_rested":6,"item_purchase_floors":[5,5,19,19,19,22],"current_hp_per_floor":[71,71,60,60,60,60,60,60,60,40,40,40,40,36,58,33,75,75,79,79,66,66,65,30,30,30,31,54,60,60,57,79,60,79,79,79,79,76,79,79,3,8,18,44,37,63,22,5,31,19],"gold":106,"neow_bonus":"BOSS_RELIC","is_prod":false,"is_daily":false,"chose_seed":false,"campfire_upgraded":5,"win_rate":0.0,"timestamp":1531351054,"path_taken":["M","M","?","M","$","R","M","R","T","E","M","R","?","M","R","BOSS","M","$","?","M","$","M","M","?","T","M","R","M","R","M","R","BOSS","M","?","?","M","M","R","M","M","T","R","M","R","M","M","R","BOSS"],"build_version":"2018-07-05","purchased_purges":3,"victory":true,"max_hp_per_floor":[75,75,75,75,75,75,75,75,75,75,75,75,75,75,75,75,75,75,79,79,79,79,79,79,79,79,79,79,79,79,79,79,79,79,79,79,79,79,79,79,79,79,89,89,89,89,89,89,89,89],"card_choices":[{"not_picked":["Go for the Eyes","Beam Cell"],"picked":"Genetic Algorithm","floor":1.0},{"not_picked":["Compile Driver","Coolheaded"],"picked":"Leap","floor":2.0},{"not_picked":["Defragment","Leap"],"picked":"Hologram","floor":4.0},{"not_picked":["Barrage","Ball Lightning"],"picked":"Chaos","floor":7.0},{"not_picked":["Barrage","Lockon"],"picked":"Machine Learning","floor":10.0},{"not_picked":["Reprogram","Cold Snap"],"picked":"Redo","floor":11.0},{"not_picked":["Steam","Darkness"],"picked":"White Noise","floor":14.0},{"not_picked":["Fission","Seek"],"picked":"Creative AI","floor":16.0},{"not_picked":["Loop","Scrape+1"],"picked":"Self Repair","floor":18.0},{"not_picked":["Conserve Battery","Barrage+1"],"picked":"Storm","floor":20.0},{"not_picked":["Steam","Compile Driver+1","Ball Lightning"],"picked":"SKIP","floor":21.0},{"not_picked":["Leap","Chill"],"picked":"Heatsinks","floor":23.0},{"not_picked":["Rainbow","Cold Snap+1"],"picked":"Auto Shields","floor":24.0},{"not_picked":["Reinforced Body","Glacier"],"picked":"Steam+1","floor":27.0},{"not_picked":["Go for the Eyes","Streamline","Lockon+1"],"picked":"SKIP","floor":29.0},{"not_picked":["Melter","Skim"],"picked":"Static Discharge","floor":31.0},{"not_picked":["Buffer","Seek"],"picked":"Creative AI","floor":33},{"not_picked":["Skim+1","Static Discharge"],"picked":"Steam+1","floor":35},{"not_picked":["Sweeping Beam","Hologram"],"picked":"Steam","floor":38},{"not_picked":["Sweeping Beam+1","Conserve Battery"],"picked":"Hello World","floor":39},{"not_picked":["White Noise","Streamline+1"],"picked":"Force Field+1","floor":41},{"not_picked":["Stack","Ball Lightning"],"picked":"Gash+1","floor":42},{"not_picked":["Consume+1","Coolheaded+1"],"picked":"Loop+1","floor":44},{"not_picked":["Darkness+1","Conserve Battery"],"picked":"Auto Shields+1","floor":45},{"not_picked":["Beam Cell","Barrage+1"],"picked":"Hologram","floor":46},{"not_picked":["Capacitor","Ball Lightning+1"],"picked":"White Noise","floor":47},{"not_picked":["Hologram+1","Multi-Cast"],"picked":"Gash+1","floor":48},{"not_picked":["Barrage+1","Chill+1"],"picked":"Fusion","floor":49}],"player_experience":33677,"relics_obtained":[{"floor":9.0,"key":"Whetstone"},{"floor":10.0,"key":"Matryoshka"},{"floor":26.0,"key":"Dodecahedron"},{"floor":26.0,"key":"War Paint"},{"floor":43,"key":"Dream Catcher"},{"floor":43,"key":"Pear"}],"event_choices":[{"event_name":"World of Goop","player_choice":"Gather Gold","floor":3.0,"damage_taken":0.0},{"event_name":"Golden Shrine","player_choice":"Desecrate","floor":13.0,"damage_taken":0.0},{"event_name":"The Lab","player_choice":"Got Potions","floor":25.0,"damage_taken":0.0},{"event_name":"Tomb of Lord Red Mask","player_choice":"Paid","floor":36,"damage_taken":0}],"boss_relics":[{"not_picked":["Runic Pyramid","Calling Bell"],"picked":"Astrolabe"},{"not_picked":["Philosopher\u0027s Stone","Runic Dome"],"picked":"Lizard Tail"}],"items_purged_floors":[5,19,22],"is_endless":false,"potions_floor_spawned":[2,4,7,10,18,24,29,38,39,41,45,47],"ascension_level":0}