{"gold_per_floor":[111,125,136,147,161,161,193,193,193,193,212,212,239,254,254,254],"floor_reached":16,"playtime":502,"items_purged":[],"score":228,"play_id":"ad405ad5-8efe-4e10-89a0-5233d58b8258","local_time":"20190427131742","is_ascension_mode":true,"campfire_choices":[{"floor":6.0,"key":"REST"},{"floor":8.0,"key":"REST"},{"data":"Dash","floor":12.0,"key":"SMITH"},{"data":"Deadly Poison","floor":15,"key":"SMITH"}],"neow_cost":"NONE","seed_source_timestamp":1088746674451367,"circlet_count":0,"master_deck":["AscendersBane","Defend_G","Defend_G","Defend_G","Defend_G","Defend_G","Strike_G","Strike_G","Strike_G","Strike_G","Strike_G","Survivor","Neutralize","Dagger Throw","Flying Knee","Dash+1","Cloak And Dagger","Dagger Throw+1","Deadly Poison+1"],"special_seed":0,"relics":["Ring of the Snake","Ancient Tea Set","Molten Egg 2","Smiling Mask"],"potions_floor_usage":[13,16,16],"damage_taken":[{"damage":2.0,"enemies":"Cultist","floor":1.0,"turns":5.0},{"damage":0.0,"enemies":"Jaw Worm","floor":2.0,"turns":4.0},{"damage":5.0,"enemies":"2 Louse","floor":3.0,"turns":2.0},{"damage":10.0,"enemies":"Exordium Wildlife","floor":4.0,"turns":7.0},{"damage":26.0,"enemies":"Exordium Thugs","floor":5.0,"turns":6.0},{"damage":19.0,"enemies":"Lagavulin","floor":7.0,"turns":7.0},{"damage":0.0,"enemies":"Looter","floor":11.0,"turns":3.0},{"damage":5,"enemies":"3 Sentries","floor":13,"turns":6},{"damage":2,"enemies":"2 Fungi Beasts","floor":14,"turns":3},{"damage":31,"enemies":"The Guardian","floor":16,"turns":10}],"seed_played":"-5353745002368252068","potions_obtained":[{"floor":1.0,"key":"Block Potion"},{"floor":3.0,"key":"GamblersBrew"},{"floor":5.0,"key":"Swift Potion"},{"floor":10.0,"key":"Explosive Potion"},{"floor":10.0,"key":"EssenceOfSteel"},{"floor":14,"key":"Energy Potion"}],"is_trial":false,"path_per_floor":["M","M","M","M","M","R","E","R","T","?","M","R","E","M","R","B"],"character_chosen":"THE_SILENT","items_purchased":[],"campfire_rested":2,"item_purchase_floors":[],"current_hp_per_floor":[57,57,52,42,16,35,16,35,35,35,35,35,30,28,28,0],"gold":254,"neow_bonus":"RANDOM_COMMON_RELIC","is_prod":false,"is_daily":false,"chose_seed":false,"campfire_upgraded":2,"win_rate":0,"timestamp":1556381862,"path_taken":["M","M","M","?","M","R","E","R","T","?","M","R","E","M","R","BOSS"],"build_version":"2019-01-23","purchased_purges":0,"victory":false,"max_hp_per_floor":[66,66,66,66,66,66,66,66,66,66,66,66,66,66,66,66],"card_choices":[{"not_picked":["Calculated Gamble","Blur"],"picked":"Dagger Throw","floor":1.0},{"not_picked":["Choke","Underhanded Strike"],"picked":"Flying Knee","floor":2.0},{"not_picked":["Endless Agony","Poisoned Stab"],"picked":"Dash","floor":3.0},{"not_picked":["Catalyst","Setup","Dagger Throw"],"picked":"SKIP","floor":4.0},{"not_picked":["Reflex","Outmaneuver"],"picked":"Cloak And Dagger","floor":5.0},{"not_picked":["Infinite Blades","Heel Hook"],"picked":"Dagger Throw","floor":7.0},{"not_picked":["Bane+1","Setup","Storm of Steel"],"picked":"SKIP","floor":11.0},{"not_picked":["PiercingWail","Slice+1"],"picked":"Deadly Poison","floor":13},{"not_picked":["Underhanded Strike+1","Bane+1","Acrobatics"],"picked":"SKIP","floor":14}],"player_experience":2194185,"relics_obtained":[{"floor":7.0,"key":"Molten Egg 2"},{"floor":13,"key":"Smiling Mask"}],"event_choices":[{"damage_healed":0.0,"max_hp_gain":0.0,"max_hp_loss":0.0,"gold_gain":0.0,"event_name":"Lab","player_choice":"Got Potions","floor":10.0,"gold_loss":0.0,"damage_taken":0.0}],"is_beta":false,"boss_relics":[],"items_purged_floors":[],"is_endless":false,"potions_floor_spawned":[1,3,5,14],"killed_by":"The Guardian","ascension_level":20}