{"gold_per_floor":[114,134,147,147,28,28,44,44,44,44,60,7,7,24,24,97,97,117,137,137,137,150,150,164,3,74,101,117,117,128,70,70,141,141,157,170,0,10,10,36,36,36,36,36,36,0,0],"floor_reached":47,"playtime":20421,"items_purged":[],"score":890,"play_id":"c67a7680-07f8-4e9b-b6c9-f80911ab2a6e","local_time":"20190504162320","is_ascension_mode":true,"campfire_choices":[{"data":"Envenom","floor":6.0,"key":"SMITH"},{"data":"Crippling Poison","floor":8.0,"key":"SMITH"},{"floor":13.0,"key":"REST"},{"data":"Dash","floor":15.0,"key":"SMITH"},{"floor":23.0,"key":"REST"},{"floor":29.0,"key":"REST"},{"floor":32.0,"key":"REST"},{"floor":41,"key":"REST"},{"floor":45,"key":"REST"}],"neow_cost":"TEN_PERCENT_HP_LOSS","seed_source_timestamp":86710335500,"circlet_count":0,"master_deck":["AscendersBane","Defend_G","Defend_G","Defend_G","Defend_G","Strike_G","Strike_G","Strike_G","Strike_G","Survivor","Neutralize","Envenom+1","Noxious Fumes","Quick Slash","Crippling Poison+1","Dash+1","Caltrops","Deadly Poison","Leg Sweep","Backflip","Burst","Flying Knee","Escape Plan","Crippling Poison+1","Backflip","Riddle With Holes","Flechettes","Outmaneuver+1","Dodge and Roll","Corpse Explosion","Parasite","All Out Attack"],"special_seed":0,"relics":["Ring of the Snake","Bronze Scales","Letter Opener","Sozu","Oddly Smooth Stone","Pantograph","Vajra","Busted Crown","Red Mask","Blue Candle","Sundial"],"potions_floor_usage":[],"damage_taken":[{"damage":8.0,"enemies":"2 Louse","floor":1.0,"turns":4.0},{"damage":8.0,"enemies":"Jaw Worm","floor":2.0,"turns":6.0},{"damage":4.0,"enemies":"Small Slimes","floor":3.0,"turns":4.0},{"damage":4.0,"enemies":"Looter","floor":7.0,"turns":4.0},{"damage":10.0,"enemies":"Red Slaver","floor":11.0,"turns":4.0},{"damage":1.0,"enemies":"Exordium Thugs","floor":14.0,"turns":5.0},{"damage":1.0,"enemies":"Slime Boss","floor":16.0,"turns":10.0},{"damage":6.0,"enemies":"Shell Parasite","floor":18.0,"turns":6.0},{"damage":7.0,"enemies":"2 Thieves","floor":19.0,"turns":4.0},{"damage":13.0,"enemies":"Sentry and Sphere","floor":22.0,"turns":4.0},{"damage":16.0,"enemies":"Cultist and Chosen","floor":24.0,"turns":5.0},{"damage":14.0,"enemies":"Centurion and Healer","floor":28.0,"turns":5.0},{"damage":11.0,"enemies":"Shelled Parasite and Fungi","floor":30.0,"turns":6.0},{"damage":59.0,"enemies":"Automaton","floor":33.0,"turns":12.0},{"damage":0.0,"enemies":"3 Shapes","floor":35.0,"turns":3.0},{"damage":1.0,"enemies":"Orb Walker","floor":36.0,"turns":3.0},{"damage":11.0,"enemies":"Writhing Mass","floor":38.0,"turns":6.0},{"damage":22,"enemies":"Reptomancer","floor":40,"turns":6},{"damage":62,"enemies":"Giant Head","floor":47,"turns":6}],"seed_played":"1802826381231164795","potions_obtained":[{"floor":2.0,"key":"Strength Potion"},{"floor":3.0,"key":"LiquidBronze"},{"floor":16.0,"key":"Dexterity Potion"}],"is_trial":false,"path_per_floor":["M","M","M","?","$","R","M","R","T","T","M","$","R","M","R","B",null,"M","M","?","?","M","R","M","$","T","T","M","R","M","$","R","B",null,"M","M","?","M","$","E","R","?","T","?","R","$","E"],"character_chosen":"THE_SILENT","items_purchased":["Dash","Caltrops","Block Potion","Oddly Smooth Stone","Dodge and Roll","All Out Attack"],"campfire_rested":6,"item_purchase_floors":[5,5,12,25,31,46],"current_hp_per_floor":[51,43,39,32,32,32,28,28,28,28,18,18,36,35,35,34,54,48,41,41,41,28,46,30,30,30,30,16,34,23,23,41,1,45,45,44,44,33,33,11,29,29,29,29,47,47,0],"gold":0,"neow_bonus":"THREE_RARE_CARDS","is_prod":false,"is_daily":false,"chose_seed":false,"campfire_upgraded":3,"win_rate":0,"timestamp":1557012200,"path_taken":["M","M","M","?","$","R","M","R","T","?","M","?","R","M","R","BOSS","M","M","?","?","M","R","?","$","T","?","M","R","?","$","R","BOSS","M","M","?","M","$","E","R","?","T","?","R","$","E"],"build_version":"2019-01-23","purchased_purges":0,"victory":false,"max_hp_per_floor":[60,60,60,60,60,60,60,60,60,60,60,60,60,60,60,60,60,60,60,60,60,60,60,60,60,60,60,60,60,60,60,60,60,60,60,60,60,60,60,60,60,60,60,60,60,60,60],"card_choices":[{"not_picked":["Tools of the Trade","Doppelganger"],"picked":"Envenom","floor":0.0},{"not_picked":["Deflect","Acrobatics"],"picked":"Noxious Fumes","floor":1.0},{"not_picked":["Slice","Flying Knee"],"picked":"Quick Slash","floor":2.0},{"not_picked":["Dagger Throw","Deflect"],"picked":"Crippling Poison","floor":3.0},{"not_picked":["Caltrops","Prepared"],"picked":"Deadly Poison","floor":7.0},{"not_picked":["Dodge and Roll","Slice"],"picked":"Leg Sweep","floor":11.0},{"not_picked":["Slice","Prepared"],"picked":"Backflip","floor":14.0},{"not_picked":["Doppelganger","Grand Finale"],"picked":"Burst","floor":16.0},{"not_picked":["Eviscerate","Dagger Throw"],"picked":"Flying Knee","floor":18.0},{"not_picked":["Cloak And Dagger","Deadly Poison"],"picked":"Escape Plan","floor":19.0},{"not_picked":["Prepared","Burst"],"picked":"Backflip","floor":22.0},{"not_picked":["Blade Dance","Acrobatics"],"picked":"Riddle With Holes","floor":24.0},{"not_picked":["Dash","Terror"],"picked":"Flechettes","floor":28.0},{"not_picked":["Flying Knee","Backflip"],"picked":"Outmaneuver+1","floor":30.0},{"not_picked":["After Image","Adrenaline"],"picked":"Corpse Explosion","floor":33.0},{"not_picked":["Backflip"],"picked":"SKIP","floor":35.0},{"not_picked":["Slice"],"picked":"SKIP","floor":36.0},{"not_picked":["Cloak And Dagger"],"picked":"SKIP","floor":38.0},{"not_picked":["Eviscerate"],"picked":"SKIP","floor":40}],"player_experience":1106681,"relics_obtained":[{"floor":9.0,"key":"Bronze Scales"},{"floor":10.0,"key":"Letter Opener"},{"floor":26.0,"key":"Pantograph"},{"floor":27.0,"key":"Vajra"},{"floor":40,"key":"Blue Candle"},{"floor":43,"key":"Sundial"}],"event_choices":[{"cards_removed":["Strike_G"],"damage_healed":0.0,"max_hp_gain":0.0,"max_hp_loss":0.0,"gold_gain":0.0,"event_name":"Golden Wing","player_choice":"Card Removal","floor":4.0,"gold_loss":0.0,"damage_taken":7.0},{"damage_healed":0.0,"max_hp_gain":0.0,"max_hp_loss":0.0,"gold_gain":0.0,"event_name":"Vampires","player_choice":"Ignored","floor":20.0,"gold_loss":0.0,"damage_taken":0.0},{"damage_healed":0.0,"max_hp_gain":0.0,"max_hp_loss":0.0,"gold_gain":0.0,"event_name":"Duplicator","player_choice":"Copied","floor":21.0,"gold_loss":0.0,"damage_taken":0.0,"cards_obtained":["Crippling Poison"]},{"damage_healed":0.0,"max_hp_gain":0.0,"max_hp_loss":0.0,"gold_gain":0.0,"event_name":"Tomb of Lord Red Mask","player_choice":"Paid","floor":37.0,"gold_loss":170.0,"damage_taken":0.0,"relics_obtained":["Red Mask"]},{"cards_removed":["Defend_G"],"damage_healed":0,"gold_gain":0,"player_choice":"Removed Skill","damage_taken":0,"max_hp_gain":0,"max_hp_loss":0,"event_name":"Falling","floor":42,"gold_loss":0},{"damage_healed":0,"gold_gain":0,"player_choice":"Got Potions","damage_taken":0,"max_hp_gain":0,"max_hp_loss":0,"event_name":"Lab","floor":44,"gold_loss":0}],"is_beta":false,"boss_relics":[{"not_picked":["Coffee Dripper","Empty Cage"],"picked":"Sozu"},{"not_picked":["Calling Bell","Pandora\u0027s Box"],"picked":"Busted Crown"}],"items_purged_floors":[],"is_endless":false,"potions_floor_spawned":[2,3,16,24,28,38],"killed_by":"Giant Head","ascension_level":20}