{"gold_per_floor":[111,111,111,127,79,79,79,79,79,79,94,94,106,124,124,198,198,214,68,68,85,85,85,96,96,96,96,96,0,0,15,15,92,92,112,128,228,228,240,240,41,41,41,41,53,70,70,87,87,87],"floor_reached":51,"playtime":2342,"items_purged":[],"score":1087,"play_id":"57c59373-02f0-4934-a02f-c274c194fd5e","local_time":"20190513013833","is_ascension_mode":true,"campfire_choices":[{"data":"Shockwave","floor":6.0,"key":"SMITH"},{"data":"Disarm","floor":10.0,"key":"SMITH"},{"data":"Bash","floor":15.0,"key":"SMITH"},{"data":"Demon Form","floor":23.0,"key":"SMITH"},{"data":"Flame Barrier","floor":25.0,"key":"SMITH"},{"data":"Flame Barrier","floor":28.0,"key":"SMITH"},{"data":"Shrug It Off","floor":32.0,"key":"SMITH"},{"data":"Limit Break","floor":40.0,"key":"SMITH"},{"data":"Searing Blow+1","floor":42.0,"key":"SMITH"},{"data":"Searing Blow+2","floor":44.0,"key":"SMITH"},{"data":"Searing Blow+3","floor":49.0,"key":"SMITH"}],"neow_cost":"NONE","seed_source_timestamp":1370856054846389,"circlet_count":0,"master_deck":["AscendersBane","Strike_R","Strike_R","Strike_R","Defend_R","Defend_R","Defend_R","Bash+1","Shockwave+1","Disarm+1","Shrug It Off+1","Shrug It Off","Demon Form+1","Flame Barrier+1","Flame Barrier+1","Shrug It Off","Intimidate+1","Limit Break+1","Searing Blow+4","Limit Break+1","Rage+1","True Grit+1"],"special_seed":0,"relics":["Burning Blood","Bottled Lightning","Coffee Dripper","Lantern","Letter Opener","Runic Pyramid","Ginger","DollysMirror","Dream Catcher"],"potions_floor_usage":[],"damage_taken":[{"damage":6.0,"enemies":"Jaw Worm","floor":1.0,"turns":5.0},{"damage":7.0,"enemies":"Small Slimes","floor":4.0,"turns":3.0},{"damage":2.0,"enemies":"2 Louse","floor":11.0,"turns":5.0},{"damage":24.0,"enemies":"Large Slime","floor":13.0,"turns":12.0},{"damage":1.0,"enemies":"Blue Slaver","floor":14.0,"turns":6.0},{"damage":8.0,"enemies":"The Guardian","floor":16.0,"turns":20.0},{"damage":0.0,"enemies":"Chosen","floor":18.0,"turns":7.0},{"damage":0.0,"enemies":"3 Byrds","floor":21.0,"turns":5.0},{"damage":17.0,"enemies":"Cultist and Chosen","floor":24.0,"turns":7.0},{"damage":8.0,"enemies":"Centurion and Healer","floor":31.0,"turns":7.0},{"damage":71.0,"enemies":"Champ","floor":33.0,"turns":13.0},{"damage":0.0,"enemies":"Orb Walker","floor":35.0,"turns":6.0},{"damage":1.0,"enemies":"3 Shapes","floor":36.0,"turns":5.0},{"damage":0.0,"enemies":"Mind Bloom Boss Battle","floor":37.0,"turns":9.0},{"damage":0.0,"enemies":"Maw","floor":39.0,"turns":8.0},{"damage":32.0,"enemies":"Sphere and 2 Shapes","floor":45.0,"turns":9.0},{"damage":17.0,"enemies":"Spire Growth","floor":46.0,"turns":6.0},{"damage":2.0,"enemies":"3 Darklings","floor":48.0,"turns":8.0},{"damage":56,"enemies":"Donu and Deca","floor":50,"turns":8}],"seed_played":"-8604733020052378955","potions_obtained":[{"floor":1.0,"key":"Explosive Potion"},{"floor":14.0,"key":"Block Potion"},{"floor":16.0,"key":"Explosive Potion"},{"floor":24.0,"key":"SpeedPotion"},{"floor":31.0,"key":"Energy Potion"},{"floor":35.0,"key":"SpeedPotion"},{"floor":36.0,"key":"PowerPotion"},{"floor":46.0,"key":"BloodPotion"}],"is_trial":false,"path_per_floor":["M","?","?","M","$","R","$","?","T","R","M","$","M","M","R","B",null,"M","$","?","M","$","R","M","R","T","?","R","?","$","M","R","B",null,"M","M","?","?","M","R","$","R","T","R","M","M","?","M","R","B",null],"character_chosen":"IRONCLAD","items_purchased":["Shrug It Off","Lantern","DollysMirror"],"campfire_rested":0,"item_purchase_floors":[5,19,41],"current_hp_per_floor":[75,80,80,79,79,79,79,79,79,79,83,83,65,70,70,68,82,87,87,87,87,87,87,76,76,76,76,76,76,76,74,74,9,68,74,79,85,85,87,87,87,87,87,87,61,50,50,62,62,12],"gold":87,"neow_bonus":"TEN_PERCENT_HP_BONUS","is_prod":false,"is_daily":false,"chose_seed":false,"campfire_upgraded":11,"win_rate":0,"timestamp":1557682713,"path_taken":["M","?","?","M","$","R","?","?","T","R","M","$","M","M","R","BOSS","M","$","?","M","$","R","M","R","T","?","R","?","?","M","R","BOSS","M","M","?","?","?","R","?","R","T","R","M","M","?","M","R","BOSS"],"build_version":"2019-01-23","purchased_purges":0,"victory":true,"max_hp_per_floor":[82,87,87,87,87,87,87,87,87,87,87,87,87,87,87,87,87,87,87,87,87,87,87,87,87,87,87,87,87,87,87,87,87,87,87,87,87,87,87,87,87,87,87,87,87,87,87,87,87,87],"card_choices":[{"not_picked":["Shrug It Off","Rampage"],"picked":"Shockwave","floor":1.0},{"not_picked":["Perfected Strike","Hemokinesis"],"picked":"Disarm","floor":4.0},{"not_picked":["Warcry","Clash","Havoc"],"picked":"SKIP","floor":11.0},{"not_picked":["Bloodletting","Heavy Blade"],"picked":"Shrug It Off","floor":13.0},{"not_picked":["Heavy Blade","Wild Strike","Sentinel"],"picked":"SKIP","floor":14.0},{"not_picked":["Bludgeon","Reaper"],"picked":"Demon Form","floor":16.0},{"not_picked":["Inflame","Twin Strike"],"picked":"Flame Barrier","floor":18.0},{"not_picked":["Warcry","Body Slam"],"picked":"Flame Barrier","floor":21.0},{"not_picked":["Perfected Strike","Cleave","Twin Strike"],"picked":"SKIP","floor":24.0},{"not_picked":["Perfected Strike","Blood for Blood"],"picked":"Intimidate+1","floor":31.0},{"not_picked":["Offering","Feed"],"picked":"Limit Break","floor":33.0},{"not_picked":["Hemokinesis","Warcry+1","Pommel Strike"],"picked":"SKIP","floor":35.0},{"not_picked":["Warcry+1","Havoc","Cleave"],"picked":"SKIP","floor":36.0},{"not_picked":["Flex","Warcry"],"picked":"Searing Blow+1","floor":37.0},{"not_picked":["Twin Strike","Clothesline+1","Warcry"],"picked":"SKIP","floor":39.0},{"not_picked":["Havoc","Iron Wave"],"picked":"Rage+1","floor":45.0},{"not_picked":["Wild Strike","Flex"],"picked":"True Grit+1","floor":46.0},{"not_picked":["Clothesline","Fire Breathing+1","Immolate"],"picked":"SKIP","floor":48.0}],"player_experience":518763,"relics_obtained":[{"floor":9.0,"key":"Bottled Lightning"},{"floor":26.0,"key":"Letter Opener"},{"floor":37.0,"key":"Ginger"},{"floor":43.0,"key":"Dream Catcher"}],"event_choices":[{"damage_healed":0.0,"max_hp_gain":5.0,"max_hp_loss":0.0,"gold_gain":0.0,"event_name":"Big Fish","player_choice":"Donut","floor":2.0,"gold_loss":0.0,"damage_taken":0.0},{"cards_removed":["Strike_R"],"damage_healed":0.0,"max_hp_gain":0.0,"max_hp_loss":0.0,"gold_gain":0.0,"event_name":"Living Wall","player_choice":"Forget","floor":3.0,"gold_loss":0.0,"damage_taken":0.0},{"damage_healed":0.0,"max_hp_gain":0.0,"max_hp_loss":0.0,"gold_gain":0.0,"event_name":"Liars Game","player_choice":"Ignored","floor":8.0,"gold_loss":0.0,"damage_taken":0.0},{"damage_healed":0.0,"max_hp_gain":0.0,"max_hp_loss":0.0,"gold_gain":0.0,"event_name":"Beggar","player_choice":"Ignored","floor":20.0,"gold_loss":0.0,"damage_taken":0.0},{"damage_healed":0.0,"max_hp_gain":0.0,"max_hp_loss":0.0,"gold_gain":0.0,"event_name":"The Library","player_choice":"Read","floor":27.0,"gold_loss":0.0,"damage_taken":0.0,"cards_obtained":["Shrug It Off"]},{"damage_healed":0.0,"max_hp_gain":0.0,"max_hp_loss":0.0,"gold_gain":0.0,"event_name":"Masked Bandits","player_choice":"Paid Fearfully","floor":29.0,"gold_loss":96.0,"damage_taken":0.0},{"damage_healed":0.0,"max_hp_gain":0.0,"max_hp_loss":0.0,"gold_gain":0.0,"event_name":"MindBloom","player_choice":"Fight","floor":37.0,"gold_loss":0.0,"damage_taken":0.0},{"cards_removed":["Defend_R"],"damage_healed":0.0,"max_hp_gain":0.0,"max_hp_loss":0.0,"gold_gain":0.0,"event_name":"Bonfire Elementals","player_choice":"Offered Basic","floor":38.0,"gold_loss":0.0,"damage_taken":0.0},{"cards_removed":["Strike_R"],"damage_healed":0.0,"max_hp_gain":0.0,"max_hp_loss":0.0,"gold_gain":0.0,"event_name":"Falling","player_choice":"Removed Attack","floor":47.0,"gold_loss":0.0,"damage_taken":0.0}],"is_beta":false,"boss_relics":[{"not_picked":["Eternal Feather","Tiny House"],"picked":"Coffee Dripper"},{"not_picked":["Cursed Key","Calling Bell"],"picked":"Runic Pyramid"}],"items_purged_floors":[],"is_endless":false,"potions_floor_spawned":[1,14,16,24,31,35,36,37,46],"ascension_level":14}