{"gold_per_floor":[114,25,25,125,136,136,170,170,170,185,205,205,236,2,2,78,78,95,95,52,52,52],"floor_reached":22,"playtime":1602,"items_purged":["Strike_G"],"score":434,"play_id":"3cd3b93d-0113-4159-8d16-de3b8c0f5a1a","local_time":"20190517111230","is_ascension_mode":true,"campfire_choices":[{"data":"Dagger Spray","floor":6.0,"key":"SMITH"},{"data":"Poisoned Stab","floor":8.0,"key":"SMITH"},{"data":"Malaise","floor":12.0,"key":"SMITH"},{"data":"Footwork","floor":15.0,"key":"SMITH"}],"neow_cost":"NONE","seed_source_timestamp":58257878220800,"circlet_count":0,"master_deck":["AscendersBane","Survivor","Neutralize","Leg Sweep","Malaise+1","Dagger Spray+1","Poisoned Stab+1","Dagger Throw","Bullet Time","Footwork+1","Night Terror","Night Terror","Accuracy","Glass Knife","Prepared","Quick Slash","Glass Knife","Skewer","Malaise","A Thousand Cuts","Dodge and Roll+1","Backflip"],"special_seed":0,"relics":["Ring of the Snake","Meat on the Bone","Letter Opener","The Courier","Juzu Bracelet","Medical Kit","Pandora\u0027s Box","MutagenicStrength","Nloth\u0027s Gift"],"potions_floor_usage":[22],"damage_taken":[{"damage":0.0,"enemies":"Jaw Worm","floor":1.0,"turns":1.0},{"damage":0.0,"enemies":"2 Louse","floor":5.0,"turns":2.0},{"damage":0.0,"enemies":"3 Sentries","floor":7.0,"turns":1.0},{"damage":0.0,"enemies":"Cultist","floor":10.0,"turns":4.0},{"damage":0.0,"enemies":"2 Fungi Beasts","floor":11.0,"turns":4.0},{"damage":25.0,"enemies":"Gremlin Nob","floor":13.0,"turns":4.0},{"damage":12.0,"enemies":"Hexaghost","floor":16.0,"turns":18.0},{"damage":28.0,"enemies":"Shell Parasite","floor":18.0,"turns":7.0},{"damage":14.0,"enemies":"2 Thieves","floor":20.0,"turns":5.0},{"damage":14,"enemies":"Colosseum Slavers","floor":22,"turns":3},{"damage":64,"enemies":"Colosseum Nobs","floor":22,"turns":4}],"seed_played":"-4107697501816182966","potions_obtained":[{"floor":1.0,"key":"SpeedPotion"},{"floor":11.0,"key":"Swift Potion"},{"floor":20.0,"key":"SpeedPotion"}],"is_trial":false,"path_per_floor":["M","$","?","?","M","R","E","R","T","M","M","R","E","$","R","B",null,"M","?","M","?","?"],"character_chosen":"THE_SILENT","items_purchased":["Malaise","Medical Kit"],"campfire_rested":0,"item_purchase_floors":[2,14],"current_hp_per_floor":[59,59,54,54,54,54,54,54,54,54,54,54,41,41,41,41,60,44,44,42,42,0],"gold":52,"neow_bonus":"THREE_ENEMY_KILL","is_prod":false,"is_daily":false,"chose_seed":false,"campfire_upgraded":4,"win_rate":0,"timestamp":1558116750,"path_taken":["M","$","?","?","M","R","E","R","T","?","M","R","E","$","R","BOSS","M","?","M","?","?"],"build_version":"2019-01-23","purchased_purges":1,"victory":false,"max_hp_per_floor":[66,66,66,66,66,66,66,66,66,66,66,66,66,66,66,66,66,66,66,66,66,66],"card_choices":[{"not_picked":["Slice","Cloak And Dagger"],"picked":"Leg Sweep","floor":1.0},{"not_picked":["Sucker Punch","Deflect"],"picked":"Dagger Spray","floor":5.0},{"not_picked":["Flying Knee","Reflex"],"picked":"Poisoned Stab","floor":7.0},{"not_picked":["Dodge and Roll","Backflip"],"picked":"Dagger Throw","floor":10.0},{"not_picked":["Slice","Quick Slash"],"picked":"Bullet Time","floor":11.0},{"not_picked":["Quick Slash","Prepared"],"picked":"Footwork","floor":13.0},{"not_picked":["Doppelganger","Glass Knife"],"picked":"Night Terror","floor":16.0},{"not_picked":["Acrobatics","Blade Dance"],"picked":"Dodge and Roll+1","floor":18.0},{"not_picked":["Distraction+1","Sucker Punch"],"picked":"Backflip","floor":20.0}],"player_experience":1334250,"relics_obtained":[{"floor":7.0,"key":"Letter Opener"},{"floor":9.0,"key":"The Courier"},{"floor":13.0,"key":"Juzu Bracelet"}],"event_choices":[{"damage_healed":0.0,"max_hp_gain":0.0,"max_hp_loss":0.0,"gold_gain":0.0,"event_name":"Scrap Ooze","player_choice":"Success","floor":3.0,"gold_loss":0.0,"damage_taken":5.0,"relics_obtained":["Meat on the Bone"]},{"damage_healed":0.0,"max_hp_gain":0.0,"max_hp_loss":0.0,"gold_gain":100.0,"event_name":"Wheel of Change","player_choice":"Gold","floor":4.0,"gold_loss":0.0,"damage_taken":0.0},{"damage_healed":0.0,"max_hp_gain":0.0,"max_hp_loss":0.0,"gold_gain":0.0,"event_name":"Drug Dealer","player_choice":"Inject Mutagens","floor":19.0,"gold_loss":0.0,"damage_taken":0.0,"relics_obtained":["MutagenicStrength"]},{"damage_healed":0.0,"max_hp_gain":0.0,"max_hp_loss":0.0,"gold_gain":0.0,"event_name":"N\u0027loth","player_choice":"Traded Relic","floor":21.0,"relics_lost":["NeowsBlessing"],"gold_loss":0.0,"damage_taken":0.0,"relics_obtained":["Nloth\u0027s Gift"]},{"damage_healed":0,"gold_gain":0,"player_choice":"Fight","damage_taken":0,"max_hp_gain":0,"max_hp_loss":0,"event_name":"Colosseum","floor":22,"gold_loss":0},{"damage_healed":0,"gold_gain":0,"player_choice":"Fought Nobs","damage_taken":0,"max_hp_gain":0,"max_hp_loss":0,"event_name":"Colosseum","floor":22,"gold_loss":0}],"is_beta":false,"boss_relics":[{"not_picked":["Eternal Feather","Tiny House"],"picked":"Pandora\u0027s Box"}],"items_purged_floors":[14],"is_endless":false,"potions_floor_spawned":[1,11,13,20,22],"killed_by":"Colosseum Nobs","ascension_level":20}