{"gold_per_floor":[117,15,15,15,35,35,58,94,121,46,46,62,78,78,78,203,203,218,68,68,68,68,68,83,115,162,162,162,190,190,150,150,254,254,272,282,330,430,11,11,46,46,73,73,73],"floor_reached":45,"playtime":1112,"items_purged":["Strike_B","Defend_B"],"score":648,"play_id":"3af2c230-d98d-4815-9ddb-8c43ed23388c","local_time":"20190518190740","is_ascension_mode":true,"campfire_choices":[{"data":"Defragment","floor":6,"key":"SMITH"},{"data":"Storm","floor":11,"key":"SMITH"},{"data":"Storm","floor":15,"key":"SMITH"},{"data":"Creative AI","floor":23,"key":"SMITH"},{"data":"Storm","floor":27,"key":"SMITH"},{"data":"Defragment","floor":30,"key":"SMITH"},{"data":"Buffer","floor":32,"key":"SMITH"},{"data":"Defragment","floor":40,"key":"SMITH"},{"floor":42,"key":"REST"}],"neow_cost":"NONE","seed_source_timestamp":34402018231125,"circlet_count":0,"master_deck":["Defend_B","Defend_B","Defend_B","Zap+1","Dualcast","Glacier","Defragment+1","Genetic Algorithm+1","Defragment+1","Storm+1","Storm+1","Buffer+1","Storm+1","Capacitor","Reboot","Creative AI+1","Reinforced Body","Defragment","Bite","Bite","Bite","Bite","Bite","Echo Form","Glacier","Defragment+1","Lockon"],"relics":["Cracked Core","Bloody Idol","Potion Belt","Anchor","Orrery","MutagenicStrength","Bag of Marbles","Ornamental Fan","Inserter","Torii","Prayer Wheel","Lee\u0027s Waffle","Pen Nib","Omamori","Ginger"],"potions_floor_usage":[25,29,31,37,37,37,38,41],"damage_taken":[{"damage":0,"enemies":"Small Slimes","floor":1,"turns":2},{"damage":0,"enemies":"2 Louse","floor":5,"turns":3},{"damage":0,"enemies":"Cultist","floor":7,"turns":3},{"damage":7,"enemies":"3 Sentries","floor":8,"turns":9},{"damage":0,"enemies":"Red Slaver","floor":12,"turns":3},{"damage":10,"enemies":"Gremlin Gang","floor":13,"turns":3},{"damage":32,"enemies":"Slime Boss","floor":16,"turns":7},{"damage":23,"enemies":"2 Thieves","floor":18,"turns":3},{"damage":0,"enemies":"Spheric Guardian","floor":24,"turns":2},{"damage":25,"enemies":"Gremlin Leader","floor":25,"turns":5},{"damage":0,"enemies":"Book of Stabbing","floor":29,"turns":4},{"damage":28,"enemies":"Automaton","floor":33,"turns":6},{"damage":1,"enemies":"Orb Walker","floor":35,"turns":2},{"damage":25,"enemies":"3 Shapes","floor":36,"turns":2},{"damage":36,"enemies":"2 Orb Walkers","floor":37,"turns":4},{"damage":4,"enemies":"Mind Bloom Boss Battle","floor":38,"turns":3},{"damage":53,"enemies":"Nemesis","floor":41,"turns":5},{"damage":83,"enemies":"Sphere and 2 Shapes","floor":45,"turns":3}],"seed_played":"-362126279512637677","potions_obtained":[{"floor":7,"key":"Ancient Potion"},{"floor":12,"key":"EssenceOfSteel"},{"floor":13,"key":"Weak Potion"},{"floor":16,"key":"Poison Potion"},{"floor":24,"key":"Energy Potion"},{"floor":25,"key":"PowerPotion"},{"floor":31,"key":"Fruit Juice"},{"floor":31,"key":"EssenceOfSteel"},{"floor":37,"key":"SkillPotion"},{"floor":38,"key":"Energy Potion"}],"is_trial":false,"path_per_floor":["M","$","?","?","M","R","M","E","T","$","R","M","M","$","R","B",null,"M","$","?","?","?","R","M","E","T","R","?","E","R","?","R","B",null,"M","M","?","?","$","R","E","R","T","T","M"],"character_chosen":"DEFECT","items_purchased":["Defragment","Genetic Algorithm","Capacitor","Reboot","Lee\u0027s Waffle","Defragment","Lockon"],"campfire_rested":1,"item_purchase_floors":[2,2,19,19,39,39,39],"current_hp_per_floor":[75,75,57,57,57,57,57,50,50,50,50,50,40,40,40,8,75,52,52,52,52,52,52,57,37,42,42,42,47,47,52,52,33,80,80,62,33,34,87,87,39,65,70,70,0],"gold":73,"neow_bonus":"UPGRADE_CARD","is_prod":false,"is_daily":false,"chose_seed":false,"campfire_upgraded":8,"win_rate":0,"timestamp":1558199260,"path_taken":["M","$","?","?","?","R","M","E","T","?","R","M","?","?","R","BOSS","M","$","?","?","?","R","M","E","T","R","?","E","R","?","R","BOSS","M","M","?","?","$","R","E","R","T","?","M"],"build_version":"2019-01-23","purchased_purges":2,"victory":false,"max_hp_per_floor":[75,75,75,75,75,75,75,75,75,75,75,75,75,75,75,75,75,75,75,75,75,75,75,75,75,75,75,75,75,75,80,80,80,80,80,80,80,80,87,87,87,87,87,87,87],"card_choices":[{"not_picked":["Stack","Darkness"],"picked":"Glacier","floor":1},{"not_picked":["Ball Lightning","Go for the Eyes","Streamline"],"picked":"SKIP","floor":5},{"not_picked":["Compile Driver","Streamline"],"picked":"Defragment","floor":7},{"not_picked":["Cold Snap","Amplify"],"picked":"Storm","floor":8},{"not_picked":["Hologram","Chill"],"picked":"Storm","floor":12},{"not_picked":["Aggregate","Hologram","Coolheaded"],"picked":"SKIP","floor":13},{"not_picked":["Rainbow","Fission"],"picked":"Buffer","floor":16},{"not_picked":["Leap","Darkness"],"picked":"Storm","floor":17},{"not_picked":["Go for the Eyes","Recycle","Beam Cell"],"picked":"SKIP","floor":18},{"not_picked":["Multi-Cast","Steam"],"picked":"Reinforced Body","floor":24},{"not_picked":["Genetic Algorithm+1","Rebound"],"picked":"Defragment","floor":25},{"not_picked":["Chaos","Hello World+1","Streamline"],"picked":"SKIP","floor":29},{"not_picked":["Buffer","Reboot"],"picked":"Echo Form","floor":33},{"not_picked":["Ball Lightning+1","Conserve Battery+1","Rebound+1"],"picked":"SKIP","floor":35},{"not_picked":["Hologram+1","Chaos+1","Redo+1"],"picked":"SKIP","floor":36},{"not_picked":["Steam+1","Beam Cell"],"picked":"Glacier","floor":37},{"not_picked":["Go for the Eyes","Aggregate","Reboot"],"picked":"SKIP","floor":41}],"player_experience":65574,"relics_obtained":[{"floor":8,"key":"Potion Belt"},{"floor":9,"key":"Anchor"},{"floor":25,"key":"Blood Vial"},{"floor":26,"key":"Bag of Marbles"},{"floor":29,"key":"Ornamental Fan"},{"floor":37,"key":"Torii"},{"floor":38,"key":"Prayer Wheel"},{"floor":41,"key":"Pen Nib"},{"floor":43,"key":"Omamori"},{"floor":44,"key":"Ginger"}],"event_choices":[{"damage_healed":0,"gold_gain":0,"player_choice":"Take Damage","damage_taken":18,"relics_obtained":["Golden Idol"],"max_hp_gain":0,"max_hp_loss":0,"event_name":"Golden Idol","floor":3,"gold_loss":0},{"damage_healed":0,"gold_gain":0,"player_choice":"Upgraded","damage_taken":0,"max_hp_gain":0,"max_hp_loss":0,"event_name":"Upgrade Shrine","floor":4,"gold_loss":0,"cards_upgraded":["Genetic Algorithm"]},{"damage_healed":0,"gold_gain":0,"player_choice":"Read","damage_taken":0,"max_hp_gain":0,"max_hp_loss":0,"event_name":"The Library","floor":20,"gold_loss":0,"cards_obtained":["Creative AI"]},{"damage_healed":0,"gold_gain":0,"player_choice":"Inject Mutagens","damage_taken":0,"relics_obtained":["MutagenicStrength"],"max_hp_gain":0,"max_hp_loss":0,"event_name":"Drug Dealer","floor":21,"gold_loss":0},{"damage_healed":0,"gold_gain":0,"player_choice":"Gave Idol","damage_taken":0,"relics_obtained":["Bloody Idol"],"max_hp_gain":0,"max_hp_loss":0,"event_name":"Forgotten Altar","floor":22,"relics_lost":["Golden Idol"],"gold_loss":0},{"damage_healed":0,"gold_gain":0,"player_choice":"Became a vampire (Vial)","damage_taken":0,"max_hp_gain":0,"max_hp_loss":0,"event_name":"Vampires","floor":28,"relics_lost":["Blood Vial"],"gold_loss":0,"cards_obtained":["Bite","Bite","Bite","Bite","Bite"]},{"damage_healed":0,"gold_gain":0,"player_choice":"Bought 3 Potions","damage_taken":0,"max_hp_gain":0,"max_hp_loss":0,"event_name":"The Woman in Blue","floor":31,"gold_loss":0},{"damage_healed":0,"gold_gain":0,"player_choice":"Fight","damage_taken":0,"max_hp_gain":0,"max_hp_loss":0,"event_name":"Mysterious Sphere","floor":37,"gold_loss":0},{"damage_healed":0,"gold_gain":0,"player_choice":"Fight","damage_taken":0,"max_hp_gain":0,"max_hp_loss":0,"event_name":"MindBloom","floor":38,"gold_loss":0}],"is_beta":false,"boss_relics":[{"not_picked":["Lizard Tail","Coffee Dripper"],"picked":"Orrery"},{"not_picked":["White Beast Statue","Astrolabe"],"picked":"Inserter"}],"items_purged_floors":[10,39],"is_endless":false,"potions_floor_spawned":[7,12,13,16,24,25,33,36,37,38],"killed_by":"Sphere and 2 Shapes","ascension_level":4}