{"gold_per_floor":[141,157,122,138,157,157,189,189,189,189,209,236,247,272,272,343,343,361,56,56,74,74,107,160,160,160,60,60,60,60,93,93,168,168,180,180,9,9,20,45,45,55,55,74,74,74],"floor_reached":46,"playtime":1452,"items_purged":["Strike_G","Decay"],"score":988,"play_id":"70f78972-5833-4017-adb3-907d2fa73c22","local_time":"20190426075707","is_ascension_mode":true,"campfire_choices":[{"data":"Poisoned Stab","floor":6.0,"key":"SMITH"},{"data":"Catalyst","floor":8.0,"key":"SMITH"},{"data":"Neutralize","floor":10.0,"key":"SMITH"},{"data":"Noxious Fumes","floor":15.0,"key":"SMITH"},{"data":"Footwork","floor":25,"key":"SMITH"},{"data":"Deflect","floor":30,"key":"SMITH"},{"data":"Caltrops","floor":32,"key":"SMITH"},{"floor":41,"key":"REST"},{"floor":45,"key":"RECALL"}],"neow_cost":"NONE","seed_source_timestamp":982140414294217,"circlet_count":0,"master_deck":["AscendersBane","Defend_G","Defend_G","Defend_G","Defend_G","Defend_G","Survivor","Neutralize+1","Deadly Poison","Poisoned Stab+1","Catalyst+1","Deadly Poison","Noxious Fumes+1","Deflect+1","Corpse Explosion","Caltrops+1","Footwork+1","Bite","Bite","Bite","Corpse Explosion","Footwork+1","Secret Technique","PiercingWail","PiercingWail+1","Backflip"],"special_seed":0,"relics":["Ring of the Snake","Tiny Chest","Oddly Smooth Stone","Ornamental Fan","Mango","Odd Mushroom","Cursed Key","OrangePellets","Anchor","Pantograph","Bag of Preparation","Empty Cage","Strawberry","Boot"],"potions_floor_usage":[23,31,33,40,40,46],"damage_taken":[{"damage":3.0,"enemies":"Jaw Worm","floor":1.0,"turns":6.0},{"damage":3.0,"enemies":"2 Louse","floor":2.0,"turns":4.0},{"damage":3.0,"enemies":"Small Slimes","floor":4.0,"turns":5.0},{"damage":1.0,"enemies":"Exordium Wildlife","floor":5.0,"turns":3.0},{"damage":8.0,"enemies":"Gremlin Nob","floor":7.0,"turns":3.0},{"damage":2.0,"enemies":"3 Louse","floor":11.0,"turns":3.0},{"damage":3.0,"enemies":"Lagavulin","floor":12.0,"turns":5.0},{"damage":0.0,"enemies":"2 Fungi Beasts","floor":13.0,"turns":4.0},{"damage":14.0,"enemies":"The Mushroom Lair","floor":14.0,"turns":4.0},{"damage":8.0,"enemies":"The Guardian","floor":16.0,"turns":7.0},{"damage":0,"enemies":"3 Byrds","floor":18,"turns":3},{"damage":17,"enemies":"2 Thieves","floor":21,"turns":4},{"damage":19,"enemies":"Colosseum Slavers","floor":22,"turns":3},{"damage":8,"enemies":"Book of Stabbing","floor":23,"turns":4},{"damage":29,"enemies":"Slavers","floor":31,"turns":5},{"damage":58,"enemies":"Automaton","floor":33,"turns":10},{"damage":0,"enemies":"3 Shapes","floor":35,"turns":3},{"damage":14,"enemies":"Orb Walker","floor":39,"turns":4},{"damage":33,"enemies":"Giant Head","floor":40,"turns":8},{"damage":0,"enemies":"Sphere and 2 Shapes","floor":42,"turns":6},{"damage":6,"enemies":"4 Shapes","floor":44,"turns":6},{"damage":42,"enemies":"Reptomancer","floor":46,"turns":5}],"seed_played":"-660902998598185299","potions_obtained":[{"floor":1.0,"key":"EssenceOfSteel"},{"floor":5.0,"key":"FearPotion"},{"floor":7.0,"key":"Explosive Potion"},{"floor":12.0,"key":"Dexterity Potion"},{"floor":23,"key":"Regen Potion"},{"floor":35,"key":"Swift Potion"},{"floor":39,"key":"Energy Potion"},{"floor":44,"key":"SkillPotion"}],"is_trial":false,"path_per_floor":["M","M","?","M","M","R","E","R","T","R","M","E","M","?","R","B",null,"M","$","?","M","?","E","T","R","T","$","?","$","R","E","R","B",null,"M","?","$","?","M","E","R","M","T","M","R","E"],"character_chosen":"THE_SILENT","items_purchased":["OrangePellets","Strawberry"],"campfire_rested":1,"item_purchase_floors":[19,37],"current_hp_per_floor":[56,53,66,63,62,62,54,54,54,54,52,63,63,49,49,41,70,70,70,70,53,34,26,26,26,26,26,26,26,26,20,20,7,44,50,50,57,52,40,15,33,33,33,39,39,0],"gold":74,"neow_bonus":"RANDOM_COMMON_RELIC","is_prod":false,"is_daily":false,"chose_seed":false,"campfire_upgraded":7,"win_rate":0,"timestamp":1556276227,"path_taken":["M","M","?","M","M","R","E","R","T","R","M","E","M","?","R","BOSS","M","$","?","M","?","E","?","R","T","$","?","$","R","E","R","BOSS","M","?","$","?","M","E","R","M","T","M","R","E"],"build_version":"2019-01-23","purchased_purges":2,"victory":false,"max_hp_per_floor":[66,66,66,66,66,66,66,66,66,66,66,80,80,80,80,80,80,80,80,80,80,80,80,80,80,80,80,56,56,56,56,56,56,56,56,56,63,63,63,63,63,63,63,63,63,63],"card_choices":[{"not_picked":["Heel Hook","Reflex","Distraction"],"picked":"SKIP","floor":1.0},{"not_picked":["Infinite Blades","Outmaneuver"],"picked":"Deadly Poison","floor":2.0},{"not_picked":["Backflip","Outmaneuver"],"picked":"Poisoned Stab","floor":4.0},{"not_picked":["Distraction","Dagger Spray"],"picked":"Catalyst","floor":5.0},{"not_picked":["Blade Dance","Bane"],"picked":"Deadly Poison","floor":7.0},{"not_picked":["Deadly Poison","Blur"],"picked":"Noxious Fumes","floor":11.0},{"not_picked":["Blade Dance","A Thousand Cuts","Prepared"],"picked":"SKIP","floor":12.0},{"not_picked":["Prepared","Noxious Fumes"],"picked":"Deflect","floor":13.0},{"not_picked":["Envenom","Adrenaline"],"picked":"Corpse Explosion","floor":16.0},{"not_picked":["Blade Dance","Masterful Stab"],"picked":"Caltrops","floor":18},{"not_picked":["Sucker Punch","Outmaneuver","Underhanded Strike"],"picked":"SKIP","floor":21},{"not_picked":["Sucker Punch","Outmaneuver","Underhanded Strike"],"picked":"SKIP","floor":21},{"not_picked":["Sucker Punch","Outmaneuver","Underhanded Strike"],"picked":"SKIP","floor":21},{"not_picked":["Predator+1","Dodge and Roll"],"picked":"Footwork","floor":23},{"not_picked":["Flying Knee","Blade Dance","Masterful Stab"],"picked":"SKIP","floor":31},{"not_picked":["Unload","Tools of the Trade"],"picked":"Corpse Explosion","floor":33},{"not_picked":["Deflect","Poisoned Stab"],"picked":"Footwork+1","floor":35},{"not_picked":["Flash of Steel","Swift Strike"],"picked":"Secret Technique","floor":38},{"not_picked":["Poisoned Stab","Masterful Stab"],"picked":"PiercingWail","floor":39},{"not_picked":["Bane","Dodge and Roll"],"picked":"PiercingWail+1","floor":40},{"not_picked":["Outmaneuver","Choke+1"],"picked":"Backflip","floor":42},{"not_picked":["Deflect","Deadly Poison","Dagger Throw"],"picked":"SKIP","floor":44}],"player_experience":2181563,"relics_obtained":[{"floor":7.0,"key":"Oddly Smooth Stone"},{"floor":9.0,"key":"Ornamental Fan"},{"floor":12.0,"key":"Mango"},{"floor":14.0,"key":"Odd Mushroom"},{"floor":23,"key":"Anchor"},{"floor":26,"key":"Pantograph"},{"floor":31,"key":"Bag of Preparation"},{"floor":40,"key":"Boot"}],"event_choices":[{"damage_healed":16.0,"max_hp_gain":0.0,"max_hp_loss":0.0,"gold_gain":0.0,"event_name":"The Cleric","player_choice":"Healed","floor":3.0,"gold_loss":35.0,"damage_taken":0.0},{"damage_healed":0.0,"max_hp_gain":0.0,"max_hp_loss":0.0,"gold_gain":0.0,"event_name":"Mushrooms","player_choice":"Fought Mushrooms","floor":14.0,"gold_loss":0.0,"damage_taken":0.0},{"damage_healed":0,"gold_gain":0,"player_choice":"Ignored","damage_taken":0,"max_hp_gain":0,"max_hp_loss":0,"event_name":"Ghosts","floor":20,"gold_loss":0},{"damage_healed":0,"gold_gain":0,"player_choice":"Fight","damage_taken":0,"max_hp_gain":0,"max_hp_loss":0,"event_name":"Colosseum","floor":22,"gold_loss":0},{"damage_healed":0,"gold_gain":0,"player_choice":"Fled From Nobs","damage_taken":0,"max_hp_gain":0,"max_hp_loss":0,"event_name":"Colosseum","floor":22,"gold_loss":0},{"damage_healed":0,"gold_gain":0,"player_choice":"Became a vampire","damage_taken":0,"max_hp_gain":0,"max_hp_loss":24,"event_name":"Vampires","floor":28,"gold_loss":0,"cards_obtained":["Bite","Bite","Bite","Bite","Bite"]},{"cards_removed":["Bite"],"damage_healed":0,"gold_gain":0,"player_choice":"Removed Attack","damage_taken":0,"max_hp_gain":0,"max_hp_loss":0,"event_name":"Falling","floor":36,"gold_loss":0},{"damage_healed":0,"gold_gain":0,"player_choice":"Memory 2","damage_taken":5,"max_hp_gain":0,"max_hp_loss":0,"event_name":"SensoryStone","floor":38,"gold_loss":0}],"is_beta":false,"boss_relics":[{"not_picked":["Lizard Tail","Runic Pyramid"],"picked":"Cursed Key"},{"not_picked":["Tiny House","HoveringKite"],"picked":"Empty Cage"}],"items_purged_floors":[19,27],"is_endless":false,"potions_floor_spawned":[1,5,7,12,16,23,35,39,44],"killed_by":"Reptomancer","ascension_level":20}