{"gold_per_floor":[109,125,125,143,218,218,246,246],"floor_reached":8,"playtime":173,"items_purged":[],"score":92,"play_id":"45f8f222-47c8-4420-98a2-f14ffa0a7ebd","local_time":"20190415204634","is_ascension_mode":true,"campfire_choices":[{"data":"Bash","floor":6,"key":"SMITH"}],"neow_cost":"TEN_PERCENT_HP_LOSS","seed_source_timestamp":79273869020852,"circlet_count":0,"master_deck":["AscendersBane","Strike_R","Strike_R","Strike_R","Strike_R","Strike_R","Defend_R","Defend_R","Defend_R","Defend_R","Bash+1","Thunderclap","Headbutt","Iron Wave","Battle Trance"],"relics":["Burning Blood","Ice Cream","Golden Idol","Odd Mushroom"],"potions_floor_usage":[7],"damage_taken":[{"damage":14,"enemies":"2 Louse","floor":1,"turns":3},{"damage":14,"enemies":"Jaw Worm","floor":2,"turns":4},{"damage":10,"enemies":"Small Slimes","floor":4,"turns":3},{"damage":37,"enemies":"The Mushroom Lair","floor":7,"turns":5},{"damage":0,"enemies":"Lagavulin","floor":8,"turns":3}],"seed_played":"-6785957141060539129","potions_obtained":[{"floor":1,"key":"BloodPotion"}],"is_trial":false,"path_per_floor":["M","M","?","M","?","R","?","E"],"character_chosen":"IRONCLAD","items_purchased":[],"campfire_rested":0,"item_purchase_floors":[],"current_hp_per_floor":[60,52,52,48,37,37,12,12],"gold":246,"neow_bonus":"ONE_RARE_RELIC","is_prod":false,"is_daily":false,"chose_seed":false,"campfire_upgraded":1,"win_rate":0,"timestamp":1555371994,"path_taken":["M","M","?","M","?","R","?","E"],"build_version":"2019-01-23","purchased_purges":0,"victory":false,"max_hp_per_floor":[68,68,62,62,62,62,62,62],"card_choices":[{"not_picked":["Burning Pact","Intimidate"],"picked":"Thunderclap","floor":1},{"not_picked":["Headbutt","Fire Breathing","Sword Boomerang"],"picked":"SKIP","floor":2},{"not_picked":["Fire Breathing","Sword Boomerang"],"picked":"Headbutt","floor":2},{"not_picked":["Warcry","Wild Strike"],"picked":"Iron Wave","floor":4},{"not_picked":["Pommel Strike","Havoc"],"picked":"Battle Trance","floor":7}],"player_experience":2129023,"relics_obtained":[{"floor":7,"key":"Odd Mushroom"}],"event_choices":[{"damage_healed":0,"gold_gain":0,"player_choice":"Lose Max HP","damage_taken":0,"relics_obtained":["Golden Idol"],"max_hp_gain":0,"max_hp_loss":6,"event_name":"Golden Idol","floor":3,"gold_loss":0},{"damage_healed":0,"gold_gain":75,"player_choice":"Gather Gold","damage_taken":11,"max_hp_gain":0,"max_hp_loss":0,"event_name":"World of Goop","floor":5,"gold_loss":0},{"damage_healed":0,"gold_gain":0,"player_choice":"Fought Mushrooms","damage_taken":0,"max_hp_gain":0,"max_hp_loss":0,"event_name":"Mushrooms","floor":7,"gold_loss":0}],"is_beta":false,"boss_relics":[],"items_purged_floors":[],"is_endless":false,"potions_floor_spawned":[1],"killed_by":"Lagavulin","ascension_level":20}