{"gold_per_floor":[111,76,94,112,112,112,124,151,151,184,184,202,227,227,227,227],"floor_reached":16,"playtime":1470,"items_purged":[],"score":240,"play_id":"df4195fd-a679-40f5-b256-80a35d59e8ef","local_time":"20190504211300","is_ascension_mode":true,"campfire_choices":[{"data":"Dagger Spray","floor":6,"key":"SMITH"},{"floor":11,"key":"REST"},{"floor":15,"key":"REST"}],"neow_cost":"NONE","seed_source_timestamp":37299988029800,"circlet_count":0,"master_deck":["AscendersBane","Defend_G","Defend_G","Defend_G","Defend_G","Defend_G","Strike_G","Strike_G","Strike_G","Strike_G","Strike_G","Survivor","Neutralize+1","Underhanded Strike","Dagger Spray+1","Backstab","Crippling Poison","Deflect","Malaise","Deadly Poison","Quick Slash","Bouncing Flask","Parasite","Expertise"],"relics":["Ring of the Snake","Dream Catcher","Smiling Mask","Bottled Lightning","Mango","Matryoshka"],"potions_floor_usage":[3,8,10],"damage_taken":[{"damage":12,"enemies":"Small Slimes","floor":1,"turns":6},{"damage":2,"enemies":"Jaw Worm","floor":3,"turns":4},{"damage":0,"enemies":"2 Louse","floor":4,"turns":3},{"damage":0,"enemies":"Exordium Wildlife","floor":7,"turns":2},{"damage":19,"enemies":"3 Sentries","floor":8,"turns":13},{"damage":28,"enemies":"Gremlin Nob","floor":10,"turns":5},{"damage":31,"enemies":"Large Slime","floor":12,"turns":6},{"damage":14,"enemies":"3 Sentries","floor":13,"turns":12},{"damage":54,"enemies":"Hexaghost","floor":16,"turns":14}],"seed_played":"1615870423184466966","potions_obtained":[{"floor":1,"key":"Fire Potion"},{"floor":3,"key":"Dexterity Potion"},{"floor":8,"key":"Block Potion"}],"is_trial":false,"path_per_floor":["M","?","M","M","?","R","M","E","T","E","R","M","E","?","R","B"],"character_chosen":"THE_SILENT","items_purchased":[],"campfire_rested":2,"item_purchase_floors":[],"current_hp_per_floor":[47,63,61,61,61,61,61,42,42,28,52,21,7,27,51,0],"gold":227,"neow_bonus":"RANDOM_COMMON_RELIC","is_prod":false,"is_daily":false,"chose_seed":false,"campfire_upgraded":1,"win_rate":0,"timestamp":1557029580,"path_taken":["M","?","M","M","?","R","M","E","T","E","R","M","E","?","R","BOSS"],"build_version":"2019-01-23","purchased_purges":0,"victory":false,"max_hp_per_floor":[66,66,66,66,66,66,66,66,66,80,80,80,80,80,80,80],"card_choices":[{"not_picked":["Escape Plan","Expertise"],"picked":"Underhanded Strike","floor":1},{"not_picked":["Escape Plan","Eviscerate"],"picked":"Dagger Spray","floor":3},{"not_picked":["Outmaneuver","Finisher"],"picked":"Backstab","floor":4},{"not_picked":["Slice","Choke"],"picked":"Crippling Poison","floor":7},{"not_picked":["Prepared","Accuracy"],"picked":"Deflect","floor":8},{"not_picked":["Die Die Die","Heel Hook"],"picked":"Malaise","floor":10},{"not_picked":["Acrobatics","Catalyst"],"picked":"Deadly Poison","floor":11},{"not_picked":["Expertise","Backflip"],"picked":"Quick Slash","floor":12},{"not_picked":["Cloak And Dagger","Sucker Punch"],"picked":"Bouncing Flask","floor":13},{"not_picked":["Dodge and Roll","Prepared"],"picked":"Expertise","floor":15}],"player_experience":1142507,"relics_obtained":[{"floor":8,"key":"Smiling Mask"},{"floor":9,"key":"Bottled Lightning"},{"floor":10,"key":"Mango"},{"floor":13,"key":"Matryoshka"}],"event_choices":[{"damage_healed":16,"gold_gain":0,"player_choice":"Healed","damage_taken":0,"max_hp_gain":0,"max_hp_loss":0,"event_name":"The Cleric","floor":2,"gold_loss":35},{"damage_healed":0,"gold_gain":0,"player_choice":"Grow","damage_taken":0,"max_hp_gain":0,"max_hp_loss":0,"event_name":"Living Wall","floor":5,"gold_loss":0,"cards_upgraded":["Neutralize"]},{"damage_healed":20,"gold_gain":0,"player_choice":"Healed and dodged fight","damage_taken":0,"max_hp_gain":0,"max_hp_loss":0,"event_name":"Mushrooms","floor":14,"gold_loss":0,"cards_obtained":["Parasite"]}],"is_beta":false,"boss_relics":[],"items_purged_floors":[],"is_endless":false,"potions_floor_spawned":[1,3,8],"killed_by":"Hexaghost","ascension_level":20}