{"gold_per_floor":[116,132,132,144,144,144,157,157,157,62,62,88,105,124,124,124],"floor_reached":16,"playtime":1030,"items_purged":[],"score":204,"play_id":"cb4d4f07-2206-415a-afe8-e6ffff3bae7d","local_time":"20190507215157","is_ascension_mode":true,"campfire_choices":[{"data":"Neutralize","floor":6.0,"key":"SMITH"},{"data":"Bane","floor":8.0,"key":"SMITH"},{"data":"Poisoned Stab","floor":11.0,"key":"SMITH"},{"floor":15.0,"key":"REST"}],"neow_cost":"TEN_PERCENT_HP_LOSS","seed_source_timestamp":16963422052900,"circlet_count":0,"master_deck":["AscendersBane","Defend_G","Defend_G","Defend_G","Defend_G","Defend_G","Strike_G","Strike_G","Strike_G","Strike_G","Survivor","Neutralize+1","Quick Slash","Poisoned Stab+1","Slice","Bane+1","Footwork","Footwork","Deadly Poison","Underhanded Strike"],"special_seed":0,"relics":["Ring of the Snake","Gambling Chip","Pear","Dodecahedron"],"potions_floor_usage":[16],"damage_taken":[{"damage":4.0,"enemies":"Small Slimes","floor":1.0,"turns":5.0},{"damage":6.0,"enemies":"2 Louse","floor":2.0,"turns":3.0},{"damage":1.0,"enemies":"Cultist","floor":4.0,"turns":4.0},{"damage":6.0,"enemies":"3 Louse","floor":7.0,"turns":5.0},{"damage":18.0,"enemies":"Lagavulin","floor":12.0,"turns":6.0},{"damage":4.0,"enemies":"Large Slime","floor":13.0,"turns":6.0},{"damage":1.0,"enemies":"Exordium Wildlife","floor":14.0,"turns":4.0},{"damage":68,"enemies":"Slime Boss","floor":16,"turns":8}],"seed_played":"-5672717574018954411","potions_obtained":[{"floor":2.0,"key":"Ancient Potion"},{"floor":14.0,"key":"Regen Potion"}],"is_trial":false,"path_per_floor":["M","M","?","M","?","R","M","R","T","$","R","E","M","M","R","B"],"character_chosen":"THE_SILENT","items_purchased":["Footwork","Fire Potion"],"campfire_rested":1,"item_purchase_floors":[10,10],"current_hp_per_floor":[55,49,49,48,48,48,42,42,52,52,52,34,30,29,50,0],"gold":124,"neow_bonus":"ONE_RARE_RELIC","is_prod":false,"is_daily":false,"chose_seed":false,"campfire_upgraded":3,"win_rate":0,"timestamp":1557291117,"path_taken":["M","M","?","M","?","R","M","R","T","$","R","E","M","?","R","BOSS"],"build_version":"2019-01-23","purchased_purges":0,"victory":false,"max_hp_per_floor":[60,60,60,60,60,60,60,60,70,70,70,70,70,70,70,70],"card_choices":[{"not_picked":["Slice","Prepared"],"picked":"Quick Slash","floor":1.0},{"not_picked":["Flying Knee","Quick Slash"],"picked":"Poisoned Stab","floor":2.0},{"not_picked":["Backflip","Outmaneuver"],"picked":"Slice","floor":4.0},{"not_picked":["Blade Dance","PiercingWail"],"picked":"Bane","floor":7.0},{"not_picked":["Deflect","Caltrops"],"picked":"Footwork","floor":12.0},{"not_picked":["Flying Knee","Outmaneuver"],"picked":"Deadly Poison","floor":13.0},{"not_picked":["Infinite Blades","Backflip"],"picked":"Underhanded Strike","floor":14.0}],"player_experience":1206339,"relics_obtained":[{"floor":9.0,"key":"Pear"},{"floor":12.0,"key":"Dodecahedron"}],"event_choices":[{"damage_healed":0.0,"max_hp_gain":0.0,"max_hp_loss":0.0,"gold_gain":0.0,"event_name":"Liars Game","player_choice":"Ignored","floor":3.0,"gold_loss":0.0,"damage_taken":0.0},{"cards_removed":["Strike_G"],"damage_healed":0.0,"max_hp_gain":0.0,"max_hp_loss":0.0,"gold_gain":0.0,"event_name":"Bonfire Elementals","player_choice":"Offered Basic","floor":5.0,"gold_loss":0.0,"damage_taken":0.0}],"is_beta":false,"boss_relics":[],"items_purged_floors":[],"is_endless":false,"potions_floor_spawned":[2,14],"killed_by":"Slime Boss","ascension_level":20}