{"gold_per_floor":[116,27,43,43,59,59,87,87,114,141,141,161,86,101,101,175,175,192,34,54,104,104,104,116,147,171,171,14,14,14,33,33,111,111,131,131,151,151,166,201,201,201,283,318,333,333,361,24,24,24,24],"floor_reached":51,"playtime":1535,"items_purged":[],"score":1472,"play_id":"e06ab31f-c64a-4089-968b-c3d362301752","local_time":"20190415180404","is_ascension_mode":true,"campfire_choices":[{"data":"Bash","floor":6.0,"key":"SMITH"},{"floor":8.0,"key":"REST"},{"data":"Thunderclap","floor":11.0,"key":"SMITH"},{"data":"Sword Boomerang","floor":15.0,"key":"SMITH"},{"data":"Whirlwind","floor":23.0,"key":"SMITH"},{"data":"Havoc","floor":27.0,"key":"SMITH"},{"data":"Fiend Fire","floor":29.0,"key":"SMITH"},{"floor":32.0,"key":"REST"},{"floor":41.0,"key":"REST"},{"data":"Feel No Pain","floor":49,"key":"SMITH"}],"neow_cost":"NONE","seed_source_timestamp":68059462966588,"circlet_count":0,"master_deck":["AscendersBane","Strike_R","Strike_R","Strike_R","Strike_R","Defend_R","Defend_R","Defend_R","Defend_R","Bash+1","Sword Boomerang+1","Shockwave","Thunderclap+1","Headbutt","Anger","Flame Barrier","Fiend Fire+1","Whirlwind+1","J.A.X.+1","Havoc+1","Battle Trance+1","Limit Break+1","Feel No Pain+1","Master of Strategy","Blind","Shrug It Off+1","True Grit","Immolate","Doubt","True Grit"],"special_seed":0,"relics":["Burning Blood","WarpedTongs","Orichalcum","Boot","Runic Cube","PreservedInsect","Pocketwatch","Blood Vial","Vajra","Velvet Choker","Ancient Tea Set","Darkstone Periapt","Potion Belt","War Paint","Torii"],"potions_floor_usage":[51],"damage_taken":[{"damage":30.0,"enemies":"Jaw Worm","floor":1.0,"turns":8.0},{"damage":0.0,"enemies":"Cultist","floor":3.0,"turns":3.0},{"damage":18.0,"enemies":"Small Slimes","floor":5.0,"turns":4.0},{"damage":9.0,"enemies":"Gremlin Nob","floor":7.0,"turns":3.0},{"damage":9.0,"enemies":"Lagavulin","floor":10.0,"turns":5.0},{"damage":2.0,"enemies":"2 Fungi Beasts","floor":12.0,"turns":2.0},{"damage":4.0,"enemies":"Large Slime","floor":14.0,"turns":4.0},{"damage":36.0,"enemies":"Hexaghost","floor":16.0,"turns":9.0},{"damage":8.0,"enemies":"Shell Parasite","floor":18.0,"turns":7.0},{"damage":6.0,"enemies":"Chosen","floor":20.0,"turns":3.0},{"damage":8.0,"enemies":"Snecko","floor":24.0,"turns":4.0},{"damage":37.0,"enemies":"Book of Stabbing","floor":25.0,"turns":4.0},{"damage":11.0,"enemies":"Centurion and Healer","floor":31.0,"turns":4.0},{"damage":37.0,"enemies":"Automaton","floor":33.0,"turns":5.0},{"damage":24.0,"enemies":"3 Shapes","floor":35.0,"turns":9.0},{"damage":5.0,"enemies":"3 Darklings","floor":37.0,"turns":2.0},{"damage":30.0,"enemies":"Spire Growth","floor":39.0,"turns":3.0},{"damage":13.0,"enemies":"Giant Head","floor":40.0,"turns":5.0},{"damage":42.0,"enemies":"Reptomancer","floor":44.0,"turns":6.0},{"damage":11.0,"enemies":"Maw","floor":45.0,"turns":5.0},{"damage":19,"enemies":"Nemesis","floor":47,"turns":5},{"damage":60,"enemies":"Awakened One","floor":50,"turns":12},{"damage":31,"enemies":"Time Eater","floor":51,"turns":6}],"seed_played":"470741592634641857","potions_obtained":[{"floor":3.0,"key":"SkillPotion"},{"floor":7.0,"key":"SkillPotion"},{"floor":10.0,"key":"Dexterity Potion"},{"floor":25.0,"key":"Weak Potion"},{"floor":33.0,"key":"Explosive Potion"},{"floor":39.0,"key":"SteroidPotion"},{"floor":44.0,"key":"FearPotion"},{"floor":47,"key":"GamblersBrew"}],"is_trial":false,"path_per_floor":["M","$","M","?","M","R","E","R","T","E","R","M","?","M","R","B",null,"M","$","M","?","?","R","M","E","T","R","$","R","?","M","R","B",null,"M","?","M","?","M","E","R","?","T","E","M","?","E","$","R","B","B"],"character_chosen":"IRONCLAD","items_purchased":["Shockwave","PreservedInsect","Vajra","Torii"],"campfire_rested":3,"item_purchase_floors":[2,19,28,48],"current_hp_per_floor":[51,51,57,57,45,45,42,66,66,63,63,67,67,69,69,39,71,69,69,69,69,69,69,67,36,36,36,36,36,36,33,57,28,69,53,48,51,51,29,24,48,48,48,14,11,88,75,75,75,23,0],"gold":24,"neow_bonus":"TEN_PERCENT_HP_BONUS","is_prod":false,"is_daily":false,"chose_seed":false,"campfire_upgraded":7,"win_rate":0,"timestamp":1555362244,"path_taken":["M","$","M","?","?","R","E","R","T","E","R","M","?","M","R","BOSS","M","$","M","?","?","R","M","E","T","R","$","R","?","M","R","BOSS","M","?","M","?","M","E","R","?","T","E","?","?","E","?","R","BOSS","BOSS"],"build_version":"2019-01-23","purchased_purges":0,"victory":false,"max_hp_per_floor":[82,82,82,82,82,82,82,82,82,82,82,82,82,82,82,82,82,82,82,82,82,82,82,82,82,82,82,82,82,82,82,82,82,82,82,82,82,82,82,82,82,82,82,82,82,88,88,88,88,88,88],"card_choices":[{"not_picked":["Warcry","Evolve"],"picked":"Sword Boomerang","floor":1.0},{"not_picked":["Iron Wave","Sword Boomerang"],"picked":"Thunderclap","floor":3.0},{"not_picked":["Warcry","Rage"],"picked":"Headbutt","floor":5.0},{"not_picked":["Pommel Strike","Thunderclap","Body Slam"],"picked":"SKIP","floor":7.0},{"not_picked":["Infernal Blade","Ghostly Armor"],"picked":"Anger","floor":10.0},{"not_picked":["Wild Strike","Clash","Entrench"],"picked":"SKIP","floor":12.0},{"not_picked":["Clash","Sever Soul"],"picked":"Flame Barrier","floor":14.0},{"not_picked":["Reaper","Offering"],"picked":"Fiend Fire","floor":16.0},{"not_picked":["Thunderclap","Pommel Strike"],"picked":"Whirlwind","floor":18.0},{"not_picked":["Body Slam","Searing Blow","Iron Wave"],"picked":"SKIP","floor":20.0},{"not_picked":["Sword Boomerang","Clothesline"],"picked":"Havoc","floor":24.0},{"not_picked":["Headbutt","Heavy Blade+1"],"picked":"Battle Trance+1","floor":25.0},{"not_picked":["Heavy Blade","Anger","Evolve"],"picked":"SKIP","floor":31.0},{"not_picked":["Double Tap","Dark Embrace"],"picked":"Limit Break","floor":33.0},{"not_picked":["Uppercut","Warcry"],"picked":"Feel No Pain","floor":35.0},{"not_picked":["Enlightenment","Secret Technique"],"picked":"Master of Strategy","floor":36.0},{"not_picked":["Panacea","Finesse"],"picked":"Blind","floor":36.0},{"not_picked":["Thunderclap","Spot Weakness"],"picked":"Shrug It Off+1","floor":37.0},{"not_picked":["Entrench","Whirlwind","Infernal Blade+1"],"picked":"SKIP","floor":39.0},{"not_picked":["Thunderclap","Demon Form","Body Slam"],"picked":"SKIP","floor":40.0},{"not_picked":["Clothesline+1","Rampage"],"picked":"True Grit","floor":44.0},{"not_picked":["Wild Strike+1","Clothesline+1"],"picked":"Immolate","floor":45.0},{"not_picked":["Armaments","Sever Soul"],"picked":"True Grit","floor":47}],"player_experience":2118755,"relics_obtained":[{"floor":7.0,"key":"Orichalcum"},{"floor":10.0,"key":"Boot"},{"floor":25.0,"key":"Pocketwatch"},{"floor":26.0,"key":"Blood Vial"},{"floor":40.0,"key":"Ancient Tea Set"},{"floor":43.0,"key":"Darkstone Periapt"},{"floor":44.0,"key":"Potion Belt"},{"floor":47,"key":"War Paint"}],"event_choices":[{"damage_healed":0.0,"max_hp_gain":0.0,"max_hp_loss":0.0,"gold_gain":0.0,"event_name":"Accursed Blacksmith","player_choice":"Rummage","floor":4.0,"gold_loss":0.0,"damage_taken":0.0,"relics_obtained":["WarpedTongs"],"cards_obtained":["Pain"]},{"cards_removed":["Pain"],"damage_healed":0.0,"max_hp_gain":0.0,"max_hp_loss":0.0,"gold_gain":0.0,"event_name":"The Cleric","player_choice":"Card Removal","floor":13.0,"gold_loss":75.0,"damage_taken":0.0},{"damage_healed":0.0,"max_hp_gain":0.0,"max_hp_loss":0.0,"gold_gain":50.0,"event_name":"Nest","player_choice":"Stole From Cult","floor":21.0,"gold_loss":0.0,"damage_taken":0.0},{"damage_healed":0.0,"max_hp_gain":0.0,"max_hp_loss":0.0,"gold_gain":0.0,"event_name":"Drug Dealer","player_choice":"Obtain J.A.X.","floor":22.0,"gold_loss":0.0,"damage_taken":0.0,"cards_obtained":["J.A.X."]},{"damage_healed":0.0,"max_hp_gain":0.0,"max_hp_loss":0.0,"gold_gain":0.0,"event_name":"Beggar","player_choice":"Ignored","floor":30.0,"gold_loss":0.0,"damage_taken":0.0},{"damage_healed":0.0,"max_hp_gain":0.0,"max_hp_loss":0.0,"gold_gain":0.0,"event_name":"SensoryStone","player_choice":"Memory 2","floor":36.0,"gold_loss":0.0,"damage_taken":5.0},{"cards_removed":["Strike_R"],"damage_healed":0.0,"max_hp_gain":0.0,"max_hp_loss":0.0,"gold_gain":0.0,"event_name":"Falling","player_choice":"Removed Attack","floor":38.0,"gold_loss":0.0,"damage_taken":0.0},{"damage_healed":0.0,"max_hp_gain":0.0,"max_hp_loss":0.0,"gold_gain":0.0,"event_name":"Tomb of Lord Red Mask","player_choice":"Ignored","floor":42.0,"gold_loss":0.0,"damage_taken":0.0},{"damage_healed":71.0,"max_hp_gain":0.0,"max_hp_loss":0.0,"gold_gain":0.0,"event_name":"MindBloom","player_choice":"Heal","floor":46.0,"gold_loss":0.0,"damage_taken":0.0,"cards_obtained":["Doubt"]}],"is_beta":false,"boss_relics":[{"not_picked":["Philosopher\u0027s Stone","Black Blood"],"picked":"Runic Cube"},{"not_picked":["Busted Crown","Eternal Feather"],"picked":"Velvet Choker"}],"items_purged_floors":[],"is_endless":false,"potions_floor_spawned":[3,7,10,25,33,35,39,44,47],"killed_by":"Time Eater","ascension_level":20}