{"gold_per_floor":[113,16,16,16,29,58,58,83,106,120,149,175,187,215,227,317,329,352,389,401,11,24,24,0,28,28,28,28,28,46,64,64,64],"floor_reached":33,"playtime":4786,"items_purged":[],"score":620,"play_id":"5a74a4d7-ae41-4dfe-8fb0-7fcbd064b788","local_time":"20190517132036","is_ascension_mode":true,"campfire_choices":[{"data":"Flechettes","floor":7.0,"key":"SMITH"},{"data":"Bouncing Flask","floor":13.0,"key":"SMITH"},{"data":"Cloak And Dagger","floor":15.0,"key":"SMITH"},{"data":"Backflip","floor":23.0,"key":"SMITH"},{"floor":28.0,"key":"REST"},{"floor":32,"key":"REST"}],"neow_cost":"NONE","seed_source_timestamp":62779562685100,"circlet_count":0,"master_deck":["AscendersBane","Defend_G","Defend_G","Defend_G","Defend_G","Defend_G","Strike_G","Strike_G","Strike_G","Strike_G","Strike_G","Survivor","Neutralize","Bouncing Flask+1","Noxious Fumes","Outmaneuver","Flechettes+1","Blade Dance","Skewer","Well Laid Plans","Cloak And Dagger+1","Poisoned Stab","Night Terror","Caltrops","Backflip+1","Blur","Writhe","Finisher","Setup"],"special_seed":0,"relics":["Ring of the Snake","NeowsBlessing","Potion Belt","Meat on the Bone","Omamori","Pen Nib","MawBank","Cursed Key","Calipers","Lantern","StoneCalendar","Blue Candle"],"potions_floor_usage":[30],"damage_taken":[{"damage":0.0,"enemies":"2 Louse","floor":1.0,"turns":1.0},{"damage":0.0,"enemies":"Jaw Worm","floor":5.0,"turns":1.0},{"damage":0.0,"enemies":"Lagavulin","floor":6.0,"turns":1.0},{"damage":20.0,"enemies":"3 Sentries","floor":8.0,"turns":8.0},{"damage":1.0,"enemies":"Cultist","floor":10.0,"turns":3.0},{"damage":8.0,"enemies":"Gremlin Nob","floor":11.0,"turns":3.0},{"damage":1.0,"enemies":"Exordium Thugs","floor":12.0,"turns":3.0},{"damage":10.0,"enemies":"Large Slime","floor":14.0,"turns":3.0},{"damage":19.0,"enemies":"The Guardian","floor":16.0,"turns":9.0},{"damage":33.0,"enemies":"2 Thieves","floor":18.0,"turns":4.0},{"damage":8.0,"enemies":"Chosen","floor":19.0,"turns":5.0},{"damage":13.0,"enemies":"Snecko","floor":22.0,"turns":5.0},{"damage":35.0,"enemies":"Gremlin Leader","floor":25.0,"turns":8.0},{"damage":24,"enemies":"Centurion and Healer","floor":30,"turns":7},{"damage":19,"enemies":"Snake Plant","floor":31,"turns":3},{"damage":38,"enemies":"Automaton","floor":33,"turns":4}],"seed_played":"-1283092302757978243","potions_obtained":[{"floor":1.0,"key":"Fire Potion"},{"floor":6.0,"key":"AttackPotion"},{"floor":12.0,"key":"Strength Potion"},{"floor":14.0,"key":"Regen Potion"},{"floor":18.0,"key":"Dexterity Potion"},{"floor":22.0,"key":"Fire Potion"},{"floor":25.0,"key":"Strength Potion"}],"is_trial":false,"path_per_floor":["M","$","?","T","M","E","R","E","T","M","E","M","R","M","R","B",null,"M","M","?","$","M","R","?","E","T","?","R","?","M","M","R","B"],"character_chosen":"THE_SILENT","items_purchased":["Noxious Fumes","Energy Potion","Calipers","Fire Potion"],"campfire_rested":2,"item_purchase_floors":[2,2,21,21],"current_hp_per_floor":[59,59,59,59,59,59,59,39,39,38,42,41,41,43,43,39,59,38,42,42,42,41,41,41,18,18,18,37,37,25,18,37,0],"gold":64,"neow_bonus":"THREE_ENEMY_KILL","is_prod":false,"is_daily":false,"chose_seed":false,"campfire_upgraded":4,"win_rate":0,"timestamp":1558124436,"path_taken":["M","$","?","?","M","E","R","E","T","M","E","?","R","M","R","BOSS","M","M","?","$","M","R","?","E","T","?","R","?","?","M","R","BOSS"],"build_version":"2019-01-23","purchased_purges":0,"victory":false,"max_hp_per_floor":[66,66,66,66,66,66,66,66,66,66,66,66,66,66,66,66,66,66,66,66,66,66,66,66,66,66,66,66,66,66,66,66,66],"card_choices":[{"not_picked":["Slice","Dagger Throw"],"picked":"Bouncing Flask","floor":1.0},{"not_picked":["Bouncing Flask","Accuracy"],"picked":"Outmaneuver","floor":5.0},{"not_picked":["Distraction","Tools of the Trade"],"picked":"Flechettes","floor":6.0},{"not_picked":["Sucker Punch","Poisoned Stab"],"picked":"Blade Dance","floor":8.0},{"not_picked":["Poisoned Stab","Underhanded Strike"],"picked":"Skewer","floor":10.0},{"not_picked":["Quick Slash","Endless Agony"],"picked":"Well Laid Plans","floor":11.0},{"not_picked":["Caltrops","Dagger Throw"],"picked":"Cloak And Dagger","floor":12.0},{"not_picked":["Blade Dance","Prepared"],"picked":"Poisoned Stab","floor":14.0},{"not_picked":["Venomology","Doppelganger"],"picked":"Night Terror","floor":16.0},{"not_picked":["Flying Knee","Tactician","Outmaneuver"],"picked":"SKIP","floor":18.0},{"not_picked":["Dash","Accuracy"],"picked":"Caltrops","floor":19.0},{"not_picked":["Blade Dance","Deadly Poison"],"picked":"Backflip","floor":22.0},{"not_picked":["Predator+1","Doppelganger"],"picked":"Blur","floor":25.0},{"not_picked":["PiercingWail","Acrobatics"],"picked":"Finisher","floor":30},{"not_picked":["Reflex","Flying Knee+1"],"picked":"Setup","floor":31}],"player_experience":1337907,"relics_obtained":[{"floor":4.0,"key":"Potion Belt"},{"floor":6.0,"key":"Meat on the Bone"},{"floor":8.0,"key":"Omamori"},{"floor":9.0,"key":"Pen Nib"},{"floor":11.0,"key":"MawBank"},{"floor":25.0,"key":"Lantern"},{"floor":26.0,"key":"StoneCalendar"}],"event_choices":[{"damage_healed":0.0,"max_hp_gain":0.0,"max_hp_loss":0.0,"gold_gain":0.0,"event_name":"Liars Game","player_choice":"Ignored","floor":3.0,"gold_loss":0.0,"damage_taken":0.0},{"damage_healed":0.0,"max_hp_gain":0.0,"max_hp_loss":0.0,"gold_gain":0.0,"event_name":"Forgotten Altar","player_choice":"Smashed Altar","floor":20.0,"gold_loss":0.0,"damage_taken":0.0,"cards_obtained":["Decay"]},{"damage_healed":0.0,"max_hp_gain":0.0,"max_hp_loss":0.0,"gold_gain":0.0,"event_name":"Masked Bandits","player_choice":"Paid Fearfully","floor":24.0,"gold_loss":24.0,"damage_taken":0.0},{"damage_healed":0.0,"max_hp_gain":0.0,"max_hp_loss":0.0,"gold_gain":0.0,"event_name":"The Mausoleum","player_choice":"Opened","floor":27.0,"gold_loss":0.0,"damage_taken":0.0,"relics_obtained":["Blue Candle"],"cards_obtained":["Writhe"]},{"damage_healed":0.0,"max_hp_gain":0.0,"max_hp_loss":0.0,"gold_gain":0.0,"event_name":"Ghosts","player_choice":"Ignored","floor":29.0,"gold_loss":0.0,"damage_taken":0.0}],"is_beta":false,"boss_relics":[{"not_picked":["WristBlade","Pandora\u0027s Box"],"picked":"Cursed Key"}],"items_purged_floors":[],"is_endless":false,"potions_floor_spawned":[1,6,12,14,18,22,25],"killed_by":"Automaton","ascension_level":20}