{"gold_per_floor":[113,185,185,204,204,222,256,256,256,256,268,296,296,316,316,393,393,413,432,432,445,13,43,70,82,94,156,198,210,248,272,284,296],"floor_reached":33,"playtime":926,"items_purged":[],"score":755,"play_id":"a573d906-92e4-469b-9434-70e91bb2b3bd","local_time":"20190405174617","is_ascension_mode":true,"campfire_choices":[{"data":"Bludgeon","floor":8.0,"key":"SMITH"},{"floor":10.0,"key":"REST"},{"data":"Havoc","floor":13.0,"key":"SMITH"},{"data":"Feed","floor":15.0,"key":"SMITH"},{"floor":25.0,"key":"REST"},{"data":"Whirlwind","floor":29.0,"key":"SMITH"},{"floor":32.0,"key":"REST"}],"neow_cost":"NONE","seed_source_timestamp":1030568737423465,"circlet_count":0,"master_deck":["AscendersBane","Defend_R","Defend_R","Defend_R","Defend_R","Bash+1","Carnage+1","Armaments","Bludgeon+1","Havoc+1","Feed+1","Demon Form","Feel No Pain","Warcry","Bite","Bite","Bite","Bite","Bite","Dark Embrace+1","Whirlwind+1","Decay","Shrug It Off","Metallicize+1"],"special_seed":0,"relics":["Burning Blood","Pear","PreservedInsect","Gambling Chip","Potion Belt","Cursed Key","Membership Card","Frozen Egg 2","MawBank","Mummified Hand","Ornamental Fan"],"potions_floor_usage":[33],"damage_taken":[{"damage":9.0,"enemies":"Jaw Worm","floor":1.0,"turns":4.0},{"damage":15.0,"enemies":"Small Slimes","floor":4.0,"turns":4.0},{"damage":1.0,"enemies":"Cultist","floor":6.0,"turns":3.0},{"damage":40.0,"enemies":"Lagavulin","floor":7.0,"turns":5.0},{"damage":1.0,"enemies":"Exordium Wildlife","floor":11.0,"turns":3.0},{"damage":0.0,"enemies":"Gremlin Nob","floor":12.0,"turns":2.0},{"damage":0.0,"enemies":"Red Slaver","floor":14.0,"turns":1.0},{"damage":18.0,"enemies":"Slime Boss","floor":16.0,"turns":7.0},{"damage":46.0,"enemies":"2 Thieves","floor":18.0,"turns":4.0},{"damage":7.0,"enemies":"Chosen","floor":19.0,"turns":3.0},{"damage":67.0,"enemies":"Centurion and Healer","floor":21.0,"turns":10.0},{"damage":11.0,"enemies":"Book of Stabbing","floor":23.0,"turns":3.0},{"damage":41.0,"enemies":"Sentry and Sphere","floor":24.0,"turns":6.0},{"damage":0.0,"enemies":"Slavers","floor":28.0,"turns":1.0},{"damage":44.0,"enemies":"Book of Stabbing","floor":30.0,"turns":4.0},{"damage":20.0,"enemies":"Shelled Parasite and Fungi","floor":31.0,"turns":5.0},{"damage":67,"enemies":"Collector","floor":33,"turns":7}],"seed_played":"5771370396984034744","potions_obtained":[{"floor":6.0,"key":"BloodPotion"},{"floor":7.0,"key":"Dexterity Potion"},{"floor":14.0,"key":"AttackPotion"},{"floor":16.0,"key":"GamblersBrew"},{"floor":18.0,"key":"EntropicBrew"},{"floor":21.0,"key":"Strength Potion"},{"floor":30.0,"key":"LiquidBronze"}],"is_trial":false,"path_per_floor":["M","?","?","M","?","M","E","R","T","R","M","E","R","M","R","B",null,"M","M","?","M","$","E","M","R","T","?","E","R","E","M","R","B"],"character_chosen":"IRONCLAD","items_purchased":["Membership Card","Frozen Egg 2","Dark Embrace+1"],"campfire_rested":3,"item_purchase_floors":[22,22,22],"current_hp_per_floor":[65,65,70,61,61,66,32,32,32,57,62,68,68,74,74,66,83,47,55,55,29,29,35,18,39,39,39,49,49,23,17,41,0],"gold":296,"neow_bonus":"UPGRADE_CARD","is_prod":false,"is_daily":false,"chose_seed":false,"campfire_upgraded":4,"win_rate":0,"timestamp":1554497177,"path_taken":["M","?","?","M","?","M","E","R","T","R","M","E","R","M","R","BOSS","M","M","?","M","$","E","M","R","T","?","E","R","E","M","R","BOSS"],"build_version":"2019-01-23","purchased_purges":0,"victory":false,"max_hp_per_floor":[75,75,85,85,85,85,85,85,85,85,85,85,85,85,85,89,89,93,93,65,69,69,73,73,73,73,73,77,77,81,81,81,81],"card_choices":[{"not_picked":["Flex","Havoc","Warcry"],"picked":"SKIP","floor":1.0},{"not_picked":["Anger","Thunderclap"],"picked":"Carnage","floor":4.0},{"not_picked":["Iron Wave","Searing Blow"],"picked":"Armaments","floor":6.0},{"not_picked":["Blood for Blood","Second Wind"],"picked":"Bludgeon","floor":7.0},{"not_picked":["Armaments","Body Slam"],"picked":"Havoc","floor":11.0},{"not_picked":["Thunderclap","Carnage","Twin Strike"],"picked":"SKIP","floor":12.0},{"not_picked":["Clash","Disarm"],"picked":"Feed","floor":14.0},{"not_picked":["Double Tap","Exhume"],"picked":"Demon Form","floor":16.0},{"not_picked":["Warcry","Anger"],"picked":"Feel No Pain","floor":18.0},{"not_picked":["Intimidate","Dropkick"],"picked":"Warcry","floor":19.0},{"not_picked":["Thunderclap","Anger","Intimidate"],"picked":"SKIP","floor":21.0},{"not_picked":["Blood for Blood","Sever Soul","Twin Strike"],"picked":"SKIP","floor":23.0},{"not_picked":["Armaments","Thunderclap"],"picked":"Whirlwind","floor":24.0},{"not_picked":["Cleave+1","Clothesline"],"picked":"Shrug It Off","floor":28.0},{"not_picked":["Anger","Intimidate"],"picked":"Metallicize+1","floor":30.0},{"not_picked":["Thunderclap","Perfected Strike+1","Whirlwind"],"picked":"SKIP","floor":31.0}],"player_experience":2010662,"relics_obtained":[{"floor":7.0,"key":"PreservedInsect"},{"floor":9.0,"key":"Gambling Chip"},{"floor":12.0,"key":"Potion Belt"},{"floor":23.0,"key":"MawBank"},{"floor":28.0,"key":"Mummified Hand"},{"floor":30.0,"key":"Ornamental Fan"}],"event_choices":[{"damage_healed":0.0,"max_hp_gain":0.0,"max_hp_loss":0.0,"gold_gain":72.0,"event_name":"Golden Wing","player_choice":"Gained Gold","floor":2.0,"gold_loss":0.0,"damage_taken":0.0},{"damage_healed":0.0,"max_hp_gain":0.0,"max_hp_loss":0.0,"gold_gain":0.0,"event_name":"Scrap Ooze","player_choice":"Success","floor":3.0,"gold_loss":0.0,"damage_taken":5.0,"relics_obtained":["Pear"]},{"damage_healed":0.0,"max_hp_gain":0.0,"max_hp_loss":0.0,"gold_gain":0.0,"event_name":"Accursed Blacksmith","player_choice":"Forge","floor":5.0,"gold_loss":0.0,"damage_taken":0.0,"cards_upgraded":["Carnage"]},{"damage_healed":0.0,"max_hp_gain":0.0,"max_hp_loss":28.0,"gold_gain":0.0,"event_name":"Vampires","player_choice":"Became a vampire","floor":20.0,"gold_loss":0.0,"damage_taken":0.0,"cards_obtained":["Bite","Bite","Bite","Bite","Bite"]},{"damage_healed":0.0,"max_hp_gain":0.0,"max_hp_loss":0.0,"gold_gain":50.0,"event_name":"Golden Shrine","player_choice":"Pray","floor":27.0,"gold_loss":0.0,"damage_taken":0.0}],"is_beta":false,"boss_relics":[{"not_picked":["Ectoplasm","Black Blood"],"picked":"Cursed Key"}],"items_purged_floors":[],"is_endless":false,"potions_floor_spawned":[6,7,14,16,18,21,30],"killed_by":"Collector","ascension_level":20}