{"gold_per_floor":[114,114,33,44,54,88,88,100,127,189,202,277,277,309,309,382,382,392,392],"floor_reached":19,"playtime":513,"items_purged":[],"score":354,"play_id":"67547f02-a60e-413f-a39c-9ecc58e178ce","local_time":"20190429001324","is_ascension_mode":true,"campfire_choices":[{"data":"Neutralize","floor":7.0,"key":"SMITH"},{"floor":13.0,"key":"REST"},{"data":"Bouncing Flask","floor":15.0,"key":"SMITH"}],"neow_cost":"NONE","seed_source_timestamp":1214480230567129,"circlet_count":0,"master_deck":["AscendersBane","Defend_G","Defend_G","Defend_G","Defend_G","Defend_G","Strike_G+1","Strike_G+1","Strike_G","Strike_G","Survivor","Neutralize+1","Deadly Poison","Bane","Bouncing Flask+1","All Out Attack","PiercingWail","Cloak And Dagger","Predator","Deadly Poison","Malaise","Footwork"],"special_seed":0,"relics":["Ring of the Snake","NeowsBlessing","Whetstone","Happy Flower","Vajra","Ancient Tea Set","WristBlade"],"potions_floor_usage":[],"damage_taken":[{"damage":0.0,"enemies":"Jaw Worm","floor":1.0,"turns":1.0},{"damage":0.0,"enemies":"Cultist","floor":4.0,"turns":1.0},{"damage":0.0,"enemies":"2 Louse","floor":5.0,"turns":1.0},{"damage":27.0,"enemies":"Lagavulin","floor":6.0,"turns":7.0},{"damage":4.0,"enemies":"Looter","floor":8.0,"turns":4.0},{"damage":12.0,"enemies":"3 Sentries","floor":10.0,"turns":3.0},{"damage":3.0,"enemies":"Blue Slaver","floor":11.0,"turns":3.0},{"damage":4.0,"enemies":"3 Sentries","floor":14.0,"turns":4.0},{"damage":9.0,"enemies":"Hexaghost","floor":16.0,"turns":6.0},{"damage":9.0,"enemies":"3 Byrds","floor":18.0,"turns":6.0},{"damage":49,"enemies":"Masked Bandits","floor":19,"turns":3}],"seed_played":"-4183711111485014543","potions_obtained":[{"floor":1.0,"key":"PowerPotion"},{"floor":6.0,"key":"SkillPotion"},{"floor":11.0,"key":"AttackPotion"},{"floor":16.0,"key":"Weak Potion"}],"is_trial":false,"path_per_floor":["M","?","$","M","M","E","R","M","T","?","M","?","R","E","R","B",null,"M","?"],"character_chosen":"THE_SILENT","items_purchased":["Deadly Poison","Bane"],"campfire_rested":1,"item_purchase_floors":[3,3],"current_hp_per_floor":[59,59,59,59,59,32,32,28,28,16,13,2,21,17,17,8,52,43,0],"gold":392,"neow_bonus":"THREE_ENEMY_KILL","is_prod":false,"is_daily":false,"chose_seed":false,"campfire_upgraded":2,"win_rate":0,"timestamp":1556507604,"path_taken":["M","?","$","?","M","E","R","M","T","?","M","?","R","E","R","BOSS","M","?"],"build_version":"2019-01-23","purchased_purges":0,"victory":false,"max_hp_per_floor":[66,66,66,66,66,66,66,66,66,66,66,66,66,66,66,66,66,66,66],"card_choices":[{"not_picked":["Calculated Gamble","Sucker Punch","Outmaneuver"],"picked":"SKIP","floor":1.0},{"not_picked":["Reflex","PiercingWail"],"picked":"Bouncing Flask","floor":4.0},{"not_picked":["PiercingWail","Deflect"],"picked":"All Out Attack","floor":5.0},{"not_picked":["Blade Dance","Caltrops"],"picked":"PiercingWail","floor":6.0},{"not_picked":["Slice","Eviscerate"],"picked":"Cloak And Dagger","floor":8.0},{"not_picked":["Terror","Choke"],"picked":"Predator","floor":10.0},{"not_picked":["Underhanded Strike","Blade Dance","Bane"],"picked":"SKIP","floor":11.0},{"not_picked":["Poisoned Stab","Bane"],"picked":"Deadly Poison","floor":14.0},{"not_picked":["Bullet Time","A Thousand Cuts"],"picked":"Malaise","floor":16.0},{"not_picked":["Backflip","Bouncing Flask"],"picked":"Footwork","floor":18}],"player_experience":2228149,"relics_obtained":[{"floor":6.0,"key":"Whetstone"},{"floor":9.0,"key":"Happy Flower"},{"floor":10.0,"key":"Vajra"},{"floor":14.0,"key":"Ancient Tea Set"}],"event_choices":[{"cards_removed":["Strike_G"],"damage_healed":0.0,"max_hp_gain":0.0,"max_hp_loss":0.0,"gold_gain":0.0,"event_name":"Purifier","player_choice":"Purged","floor":2.0,"gold_loss":0.0,"damage_taken":0.0},{"damage_healed":0.0,"max_hp_gain":0.0,"max_hp_loss":0.0,"gold_gain":30.0,"event_name":"Dead Adventurer","player_choice":"Searched \u00272\u0027 times","floor":10.0,"gold_loss":0.0,"damage_taken":0.0},{"damage_healed":0.0,"max_hp_gain":0.0,"max_hp_loss":0.0,"gold_gain":75.0,"event_name":"World of Goop","player_choice":"Gather Gold","floor":12.0,"gold_loss":0.0,"damage_taken":11.0},{"damage_healed":0,"gold_gain":0,"player_choice":"Fought Bandits","damage_taken":0,"max_hp_gain":0,"max_hp_loss":0,"event_name":"Masked Bandits","floor":19,"gold_loss":0}],"is_beta":false,"boss_relics":[{"not_picked":["Orrery","Coffee Dripper"],"picked":"WristBlade"}],"items_purged_floors":[],"is_endless":false,"potions_floor_spawned":[1,6,8,11,16],"killed_by":"Masked Bandits","ascension_level":20}