{"gold_per_floor":[115,131,131,144,144,179,179,195,265,265,265,281,281],"floor_reached":13,"playtime":572,"items_purged":[],"score":166,"play_id":"f25e6650-96a5-4f9f-9e5f-b691bf23ddf7","local_time":"20190421194944","is_ascension_mode":true,"campfire_choices":[{"data":"Noxious Fumes","floor":7,"key":"SMITH"},{"floor":11,"key":"REST"}],"neow_cost":"NONE","seed_source_timestamp":2441139158100,"circlet_count":0,"master_deck":["AscendersBane","Defend_G","Defend_G","Defend_G","Defend_G","Defend_G","Strike_G","Strike_G","Strike_G","Strike_G","Strike_G","Survivor","Neutralize","Quick Slash","Noxious Fumes+1","Pain","Choke","Decay","Malaise","Footwork","Masterful Stab"],"relics":["Ring of the Snake","NeowsBlessing","WarpedTongs","Gambling Chip","Matryoshka"],"potions_floor_usage":[12,13],"damage_taken":[{"damage":0,"enemies":"Small Slimes","floor":1,"turns":1},{"damage":0,"enemies":"Cultist","floor":2,"turns":1},{"damage":2,"enemies":"2 Louse","floor":4,"turns":1},{"damage":35,"enemies":"Lagavulin","floor":6,"turns":8},{"damage":19,"enemies":"Lots of Slimes","floor":8,"turns":4},{"damage":12,"enemies":"3 Louse","floor":12,"turns":3},{"damage":35,"enemies":"Gremlin Nob","floor":13,"turns":5}],"seed_played":"-3100151649155443724","potions_obtained":[{"floor":8,"key":"LiquidBronze"},{"floor":12,"key":"SpeedPotion"}],"is_trial":false,"path_per_floor":["M","M","?","M","?","E","R","M","T","?","R","M","E"],"character_chosen":"THE_SILENT","items_purchased":[],"campfire_rested":1,"item_purchase_floors":[],"current_hp_per_floor":[59,59,59,57,57,22,22,3,3,25,44,32,0],"gold":281,"neow_bonus":"THREE_ENEMY_KILL","is_prod":false,"is_daily":false,"chose_seed":false,"campfire_upgraded":1,"win_rate":0,"timestamp":1555901384,"path_taken":["M","M","?","?","?","E","R","?","T","?","R","M","E"],"build_version":"2019-01-23","purchased_purges":0,"victory":false,"max_hp_per_floor":[66,66,66,66,66,66,66,66,66,66,66,66,66],"card_choices":[{"not_picked":["Sucker Punch","Underhanded Strike"],"picked":"Quick Slash","floor":1},{"not_picked":["Cloak And Dagger","Outmaneuver"],"picked":"Noxious Fumes","floor":2},{"not_picked":["Dagger Spray","Cloak And Dagger"],"picked":"Choke","floor":4},{"not_picked":["Bane","Infinite Blades"],"picked":"Malaise","floor":6},{"not_picked":["Deadly Poison","Calculated Gamble"],"picked":"Footwork","floor":8},{"not_picked":["Prepared","Flying Knee"],"picked":"Masterful Stab","floor":12}],"player_experience":957188,"relics_obtained":[{"floor":6,"key":"Gambling Chip"},{"floor":9,"key":"Matryoshka"}],"event_choices":[{"damage_healed":0,"gold_gain":0,"player_choice":"Rummage","damage_taken":0,"relics_obtained":["WarpedTongs"],"max_hp_gain":0,"max_hp_loss":0,"event_name":"Accursed Blacksmith","floor":3,"gold_loss":0,"cards_obtained":["Pain"]},{"damage_healed":0,"gold_gain":0,"player_choice":"Cursed","damage_taken":0,"max_hp_gain":0,"max_hp_loss":0,"event_name":"Wheel of Change","floor":5,"gold_loss":0,"cards_obtained":["Decay"]},{"damage_healed":22,"gold_gain":0,"player_choice":"Banana","damage_taken":0,"max_hp_gain":0,"max_hp_loss":0,"event_name":"Big Fish","floor":10,"gold_loss":0}],"is_beta":false,"boss_relics":[],"items_purged_floors":[],"is_endless":false,"potions_floor_spawned":[8,12],"killed_by":"Gremlin Nob","ascension_level":19}