{"gold_per_floor":[117,7,26,45,45,45,74,74,151,164,164],"floor_reached":11,"playtime":739,"items_purged":[],"score":139,"play_id":"998dc02d-c328-442e-83ec-f4b5ed84e6ad","local_time":"20190419220030","is_ascension_mode":true,"campfire_choices":[{"data":"Choke","floor":6,"key":"SMITH"},{"data":"Underhanded Strike","floor":8,"key":"SMITH"}],"neow_cost":"NONE","seed_source_timestamp":100909880238600,"circlet_count":0,"master_deck":["AscendersBane","Defend_G","Defend_G","Defend_G","Defend_G","Defend_G+1","Strike_G","Strike_G","Strike_G","Survivor+1","Neutralize","Noxious Fumes","Flying Knee","Underhanded Strike+1","Choke+1","Slice"],"relics":["Ring of the Snake","War Paint","The Courier"],"potions_floor_usage":[3,7,7,10],"damage_taken":[{"damage":4,"enemies":"Jaw Worm","floor":1,"turns":5},{"damage":0,"enemies":"Small Slimes","floor":3,"turns":2},{"damage":1,"enemies":"2 Louse","floor":4,"turns":2},{"damage":9,"enemies":"3 Sentries","floor":7,"turns":8},{"damage":2,"enemies":"Large Slime","floor":10,"turns":5},{"damage":57,"enemies":"Gremlin Nob","floor":11,"turns":4}],"seed_played":"-2923899252894131989","potions_obtained":[{"floor":1,"key":"Fire Potion"},{"floor":3,"key":"Energy Potion"},{"floor":7,"key":"Poison Potion"}],"is_trial":false,"path_per_floor":["M","$","M","M","?","R","E","R","T","M","E"],"character_chosen":"THE_SILENT","items_purchased":["Underhanded Strike","FearPotion"],"campfire_rested":0,"item_purchase_floors":[2,2],"current_hp_per_floor":[55,55,55,54,47,47,38,38,38,36,0],"gold":164,"neow_bonus":"TRANSFORM_CARD","is_prod":false,"is_daily":false,"chose_seed":false,"campfire_upgraded":2,"win_rate":0,"timestamp":1555736430,"path_taken":["M","$","M","M","?","R","E","R","T","M","E"],"build_version":"2019-01-23","purchased_purges":0,"victory":false,"max_hp_per_floor":[66,66,66,66,66,66,66,66,66,66,66],"card_choices":[{"not_picked":["Reflex","Acrobatics"],"picked":"Flying Knee","floor":1},{"not_picked":["Blade Dance","Acrobatics","Bane"],"picked":"SKIP","floor":3},{"not_picked":["Calculated Gamble","Deflect"],"picked":"Choke","floor":4},{"not_picked":["Setup","Bouncing Flask"],"picked":"Slice","floor":7},{"not_picked":["Flying Knee","Night Terror","Flechettes"],"picked":"SKIP","floor":10}],"player_experience":896148,"relics_obtained":[{"floor":7,"key":"War Paint"},{"floor":9,"key":"The Courier"}],"event_choices":[{"cards_removed":["Strike_G"],"damage_healed":0,"gold_gain":0,"player_choice":"Card Removal","damage_taken":7,"max_hp_gain":0,"max_hp_loss":0,"event_name":"Golden Wing","floor":5,"gold_loss":0}],"is_beta":false,"boss_relics":[],"items_purged_floors":[],"is_endless":false,"potions_floor_spawned":[1,3,7],"killed_by":"Gremlin Nob","ascension_level":18}