{"gold_per_floor":[118,130,110,126,143,143,168,168,168,168,184,214,234,261,261,261],"floor_reached":16,"playtime":1353,"items_purged":[],"score":204,"play_id":"d0694141-2bbc-4f4c-9c12-7d1810f42195","local_time":"20190504215701","is_ascension_mode":true,"campfire_choices":[{"data":"Neutralize","floor":6,"key":"SMITH"},{"data":"Poisoned Stab","floor":10,"key":"SMITH"},{"floor":15,"key":"REST"}],"neow_cost":"NONE","seed_source_timestamp":40059225438800,"circlet_count":0,"master_deck":["AscendersBane","Defend_G","Defend_G","Defend_G","Defend_G","Defend_G","Strike_G","Strike_G","Strike_G","Strike_G","Strike_G","Survivor","Neutralize+1","Dagger Throw","Dagger Spray","Poisoned Stab+1","Slice","Masterful Stab","Dodge and Roll"],"relics":["Ring of the Snake","Sundial","Mummified Hand","Odd Mushroom","Bag of Preparation"],"potions_floor_usage":[4,4,7,7,7,7,16],"damage_taken":[{"damage":1,"enemies":"Small Slimes","floor":1,"turns":5},{"damage":7,"enemies":"Cultist","floor":2,"turns":4},{"damage":3,"enemies":"Jaw Worm","floor":4,"turns":4},{"damage":4,"enemies":"Looter","floor":5,"turns":3},{"damage":13,"enemies":"3 Sentries","floor":7,"turns":9},{"damage":8,"enemies":"Blue Slaver","floor":11,"turns":3},{"damage":20,"enemies":"The Mushroom Lair","floor":12,"turns":3},{"damage":6,"enemies":"3 Louse","floor":13,"turns":2},{"damage":61,"enemies":"The Guardian","floor":16,"turns":19}],"seed_played":"3932661421025319347","potions_obtained":[{"floor":1,"key":"GamblersBrew"},{"floor":3,"key":"PowerPotion"},{"floor":4,"key":"EssenceOfSteel"},{"floor":5,"key":"EntropicBrew"},{"floor":13,"key":"Explosive Potion"}],"is_trial":false,"path_per_floor":["M","M","?","M","M","R","E","?","T","R","M","?","M","T","R","B"],"character_chosen":"THE_SILENT","items_purchased":[],"campfire_rested":1,"item_purchase_floors":[],"current_hp_per_floor":[64,57,57,54,50,50,37,61,61,61,53,33,27,27,48,0],"gold":261,"neow_bonus":"TEN_PERCENT_HP_BONUS","is_prod":false,"is_daily":false,"chose_seed":false,"campfire_upgraded":2,"win_rate":0,"timestamp":1557032221,"path_taken":["M","M","?","M","?","R","E","?","T","R","M","?","M","?","R","BOSS"],"build_version":"2019-01-23","purchased_purges":0,"victory":false,"max_hp_per_floor":[72,72,72,72,72,72,72,72,72,72,72,72,72,72,72,72],"card_choices":[{"not_picked":["Bouncing Flask","Cloak And Dagger"],"picked":"Dagger Throw","floor":1},{"not_picked":["Eviscerate","Outmaneuver"],"picked":"Dagger Spray","floor":2},{"not_picked":["Deadly Poison","Backflip"],"picked":"Poisoned Stab","floor":4},{"not_picked":["Deflect","Concentrate"],"picked":"Slice","floor":5},{"not_picked":["Dodge and Roll","PiercingWail"],"picked":"Masterful Stab","floor":7},{"not_picked":["Blade Dance","All Out Attack","Prepared"],"picked":"SKIP","floor":11},{"not_picked":["Accuracy","Quick Slash"],"picked":"Dodge and Roll","floor":12},{"not_picked":["Blade Dance","Distraction","Reflex"],"picked":"SKIP","floor":13}],"player_experience":1145022,"relics_obtained":[{"floor":7,"key":"Sundial"},{"floor":9,"key":"Mummified Hand"},{"floor":12,"key":"Odd Mushroom"},{"floor":14,"key":"Bag of Preparation"}],"event_choices":[{"damage_healed":0,"gold_gain":0,"player_choice":"Bought 1 Potion","damage_taken":0,"max_hp_gain":0,"max_hp_loss":0,"event_name":"The Woman in Blue","floor":3,"gold_loss":0},{"damage_healed":24,"gold_gain":0,"player_choice":"Banana","damage_taken":0,"max_hp_gain":0,"max_hp_loss":0,"event_name":"Big Fish","floor":8,"gold_loss":0},{"damage_healed":0,"gold_gain":0,"player_choice":"Fought Mushrooms","damage_taken":0,"max_hp_gain":0,"max_hp_loss":0,"event_name":"Mushrooms","floor":12,"gold_loss":0}],"is_beta":false,"boss_relics":[],"items_purged_floors":[],"is_endless":false,"potions_floor_spawned":[1,4,5,13],"killed_by":"The Guardian","ascension_level":20}