{"gold_per_floor":[364,364,376,376,390,390,420,438,438,463,463],"floor_reached":11,"playtime":427,"items_purged":[],"score":141,"play_id":"8b1efbe0-680d-4c2b-833e-dee7ba155dae","local_time":"20190709024957","is_ascension_mode":true,"campfire_choices":[{"data":"Brutality","floor":6,"key":"SMITH"}],"neow_cost":"CURSE","seed_source_timestamp":6351210153907,"circlet_count":0,"master_deck":["AscendersBane","Strike_R","Strike_R","Strike_R","Strike_R","Strike_R","Defend_R","Defend_R","Defend_R","Defend_R","Bash","Twin Strike","Blood for Blood","Brutality+1","Dropkick","Wild Strike","Havoc"],"relics":["Burning Blood","Darkstone Periapt","Prayer Wheel","Bird Faced Urn"],"potions_floor_usage":[7],"damage_taken":[{"damage":8,"enemies":"2 Louse","floor":1,"turns":4},{"damage":6,"enemies":"Cultist","floor":3,"turns":3},{"damage":12,"enemies":"Jaw Worm","floor":5,"turns":2},{"damage":32,"enemies":"Lagavulin","floor":7,"turns":5},{"damage":12,"enemies":"Exordium Wildlife","floor":8,"turns":4},{"damage":10,"enemies":"Gremlin Nob","floor":10,"turns":3},{"damage":19,"enemies":"Large Slime","floor":11,"turns":2}],"seed_played":"6161195048068661564","potions_obtained":[{"floor":1,"key":"EssenceOfSteel"},{"floor":4,"key":"Ancient Potion"},{"floor":4,"key":"Dexterity Potion"},{"floor":8,"key":"Dexterity Potion"},{"floor":10,"key":"Fruit Juice"}],"is_trial":false,"path_per_floor":["M","?","M","?","M","R","E","M","T","E","M"],"character_chosen":"IRONCLAD","items_purchased":[],"campfire_rested":0,"item_purchase_floors":[],"current_hp_per_floor":[66,59,59,59,53,53,27,21,21,17,0],"gold":463,"neow_bonus":"TWO_FIFTY_GOLD","is_prod":false,"is_daily":false,"chose_seed":false,"campfire_upgraded":1,"win_rate":0,"timestamp":1562604597,"path_taken":["M","?","M","?","M","R","E","?","T","E","M"],"build_version":"2019-07-05","purchased_purges":0,"victory":false,"max_hp_per_floor":[75,75,75,75,75,75,75,75,75,75,75],"card_choices":[{"not_picked":["Warcry","True Grit"],"picked":"Twin Strike","floor":1},{"not_picked":["Perfected Strike","Burning Pact"],"picked":"Blood for Blood","floor":3},{"not_picked":["Headbutt","Thunderclap"],"picked":"Brutality","floor":5},{"not_picked":["Entrench","Clash"],"picked":"Dropkick","floor":7},{"not_picked":["Havoc","Burning Pact"],"picked":"Wild Strike","floor":8},{"not_picked":["Headbutt","Heavy Blade"],"picked":"Havoc","floor":10}],"player_experience":959477,"relics_obtained":[{"floor":7,"key":"Darkstone Periapt"},{"floor":9,"key":"Prayer Wheel"},{"floor":10,"key":"Bird Faced Urn"}],"event_choices":[{"cards_removed":["Writhe"],"damage_healed":0,"gold_gain":0,"player_choice":"Card Removal","damage_taken":7,"max_hp_gain":0,"max_hp_loss":0,"event_name":"Golden Wing","floor":2,"gold_loss":0},{"damage_healed":0,"gold_gain":0,"player_choice":"Got Potions","damage_taken":0,"max_hp_gain":0,"max_hp_loss":0,"event_name":"Lab","floor":4,"gold_loss":0}],"is_beta":false,"boss_relics":[],"items_purged_floors":[],"is_endless":false,"potions_floor_spawned":[1,8,10],"killed_by":"Large Slime","ascension_level":14}