{"gold_per_floor":[111,124,199,46,46,46,62,62,87,87,87,131,57,83,83,213,213,233,17,31,31,42,42,42,42],"floor_reached":25,"playtime":1049,"items_purged":["Injury"],"score":256,"play_id":"e89d00b0-ed88-456e-a254-da6e6ebcb8b0","local_time":"20190520044624","is_ascension_mode":true,"campfire_choices":[{"data":"Zap","floor":6,"key":"SMITH"},{"data":"Coolheaded","floor":8,"key":"SMITH"},{"data":"Hello World","floor":10,"key":"SMITH"},{"floor":15,"key":"REST"},{"floor":23,"key":"REST"}],"neow_cost":"NONE","seed_source_timestamp":60239569759580,"circlet_count":0,"master_deck":["Strike_B","Strike_B","Strike_B","Defend_B+1","Defend_B","Defend_B+1","Defend_B","Zap+1","Dualcast","Compile Driver","Hello World+1","Sweeping Beam","Stack","Capacitor","Cold Snap","Coolheaded+1","BootSequence","Genetic Algorithm","Ball Lightning","Rainbow","Loop","Echo Form","Glacier","Blizzard"],"relics":["Cracked Core","War Paint","Boot","Bloody Idol","Bronze Scales","Odd Mushroom","Eternal Feather"],"potions_floor_usage":[16,18,20,22],"damage_taken":[{"damage":0,"enemies":"Cultist","floor":1,"turns":3},{"damage":0,"enemies":"Jaw Worm","floor":2,"turns":3},{"damage":5,"enemies":"Small Slimes","floor":7,"turns":3},{"damage":25,"enemies":"Lagavulin","floor":12,"turns":6},{"damage":22,"enemies":"The Mushroom Lair","floor":14,"turns":4},{"damage":31,"enemies":"Slime Boss","floor":16,"turns":9},{"damage":21,"enemies":"Spheric Guardian","floor":18,"turns":4},{"damage":12,"enemies":"Shell Parasite","floor":20,"turns":8},{"damage":17,"enemies":"Shelled Parasite and Fungi","floor":22,"turns":6},{"damage":48,"enemies":"Centurion and Healer","floor":25,"turns":9}],"seed_played":"-307781999423684132","potions_obtained":[{"floor":2,"key":"GamblersBrew"},{"floor":14,"key":"Regen Potion"},{"floor":16,"key":"EntropicBrew"},{"floor":18,"key":"SteroidPotion"},{"floor":20,"key":"Energy Potion"}],"is_trial":false,"path_per_floor":["M","M","?","$","?","R","M","R","T","R","?","E","$","?","R","B",null,"M","$","M","?","M","R","?","M"],"character_chosen":"DEFECT","items_purchased":["Sweeping Beam","Stack","Capacitor","Genetic Algorithm","Echo Form","Glacier"],"campfire_rested":2,"item_purchase_floors":[4,4,4,13,19,19],"current_hp_per_floor":[68,68,57,57,57,57,52,52,52,52,52,27,27,5,27,11,59,38,38,26,26,14,48,48,0],"gold":42,"neow_bonus":"RANDOM_COMMON_RELIC","is_prod":false,"is_daily":false,"chose_seed":false,"campfire_upgraded":3,"win_rate":0,"timestamp":1558291584,"path_taken":["M","M","?","$","?","R","M","R","T","R","?","E","$","?","R","BOSS","M","$","M","?","M","R","?","M"],"build_version":"2019-01-23","purchased_purges":1,"victory":false,"max_hp_per_floor":[75,75,75,75,75,75,75,75,75,75,75,75,75,75,75,75,75,75,75,75,75,75,75,75,75],"card_choices":[{"not_picked":["Ball Lightning","Capacitor"],"picked":"Compile Driver","floor":1},{"not_picked":["Compile Driver","Turbo"],"picked":"Hello World","floor":2},{"not_picked":["Beam Cell","Reprogram"],"picked":"Coolheaded","floor":7},{"not_picked":["Ball Lightning","Hello World"],"picked":"BootSequence","floor":12},{"not_picked":["Leap","Melter"],"picked":"Ball Lightning","floor":14},{"not_picked":["Amplify","Reboot"],"picked":"Rainbow","floor":16},{"not_picked":["Go for the Eyes","Barrage+1"],"picked":"Loop","floor":18},{"not_picked":["Turbo+1","Scrape"],"picked":"Blizzard","floor":20},{"not_picked":["Gash","Ball Lightning","Streamline+1"],"picked":"SKIP","floor":22}],"player_experience":675901,"relics_obtained":[{"floor":9,"key":"Boot"},{"floor":12,"key":"Bronze Scales"},{"floor":14,"key":"Odd Mushroom"}],"event_choices":[{"damage_healed":0,"gold_gain":75,"player_choice":"Gather Gold","damage_taken":11,"max_hp_gain":0,"max_hp_loss":0,"event_name":"World of Goop","floor":3,"gold_loss":0},{"damage_healed":0,"gold_gain":0,"cards_transformed":["Strike_B"],"player_choice":"Change","damage_taken":0,"max_hp_gain":0,"max_hp_loss":0,"event_name":"Living Wall","floor":5,"gold_loss":0,"cards_obtained":["Cold Snap"]},{"damage_healed":0,"gold_gain":0,"player_choice":"Take Wound","damage_taken":0,"relics_obtained":["Golden Idol"],"max_hp_gain":0,"max_hp_loss":0,"event_name":"Golden Idol","floor":11,"gold_loss":0,"cards_obtained":["Injury"]},{"damage_healed":0,"gold_gain":0,"player_choice":"Fought Mushrooms","damage_taken":0,"max_hp_gain":0,"max_hp_loss":0,"event_name":"Mushrooms","floor":14,"gold_loss":0},{"damage_healed":0,"gold_gain":0,"player_choice":"Gave Idol","damage_taken":0,"relics_obtained":["Bloody Idol"],"max_hp_gain":0,"max_hp_loss":0,"event_name":"Forgotten Altar","floor":21,"relics_lost":["Golden Idol"],"gold_loss":0},{"damage_healed":0,"gold_gain":0,"player_choice":"Ignored","damage_taken":0,"max_hp_gain":0,"max_hp_loss":0,"event_name":"Beggar","floor":24,"gold_loss":0}],"is_beta":false,"boss_relics":[{"not_picked":["Empty Cage","Black Star"],"picked":"Eternal Feather"}],"items_purged_floors":[19],"is_endless":false,"potions_floor_spawned":[2,14,16,18,20],"killed_by":"Centurion and Healer","ascension_level":6}