{"gold_per_floor":[11,28,38,48,60,94,114,133,133,133,133,143,174,174,174,273,273,283,283,297,12,12,12],"floor_reached":23,"playtime":1831,"items_purged":["Strike_G"],"score":318,"play_id":"1f203532-5676-4e01-9b6b-94f9567438b6","local_time":"20181128111713","is_ascension_mode":true,"campfire_choices":[{"data":"Skewer","floor":11,"key":"SMITH"},{"data":"Crippling Poison","floor":15,"key":"SMITH"}],"neow_cost":"NO_GOLD","seed_source_timestamp":828808975929525,"circlet_count":0,"master_deck":["AscendersBane","Defend_G","Defend_G","Defend_G","Defend_G","Defend_G","Strike_G","Strike_G","Survivor","Neutralize","Underhanded Strike","Skewer+1","Crippling Poison+1","PiercingWail","Prepared","Bouncing Flask+1","Acrobatics","Tools of the Trade","Die Die Die","Leg Sweep","Eviscerate"],"relics":["Ring of the Serpent","Orichalcum","Meat on the Bone","Smiling Mask","Kunai","MealTicket"],"potions_floor_usage":[5,8,13,16,16,22,22],"damage_taken":[{"damage":0,"enemies":"Cultist","floor":1,"turns":5},{"damage":5,"enemies":"Small Slimes","floor":2,"turns":6},{"damage":4,"enemies":"Jaw Worm","floor":3,"turns":4},{"damage":3,"enemies":"2 Fungi Beasts","floor":4,"turns":3},{"damage":0,"enemies":"3 Louse","floor":5,"turns":3},{"damage":26,"enemies":"3 Sentries","floor":6,"turns":12},{"damage":1,"enemies":"Blue Slaver","floor":7,"turns":4},{"damage":0,"enemies":"Exordium Wildlife","floor":8,"turns":3},{"damage":3,"enemies":"Looter","floor":12,"turns":3},{"damage":16,"enemies":"Lagavulin","floor":13,"turns":5},{"damage":13,"enemies":"The Guardian","floor":16,"turns":12},{"damage":6,"enemies":"Chosen","floor":18,"turns":4},{"damage":22,"enemies":"Spheric Guardian","floor":20,"turns":6},{"damage":20,"enemies":"Colosseum Slavers","floor":22,"turns":4},{"damage":41,"enemies":"Book of Stabbing","floor":23,"turns":7}],"seed_played":"2693114769868670465","potions_obtained":[{"floor":2,"key":"Energy Potion"},{"floor":3,"key":"SpeedPotion"},{"floor":6,"key":"Block Potion"},{"floor":12,"key":"Weak Potion"},{"floor":13,"key":"Dexterity Potion"},{"floor":16,"key":"Regen Potion"},{"floor":20,"key":"Explosive Potion"}],"is_trial":false,"path_per_floor":["M","M","M","M","M","E","M","M","T","?","R","M","E","?","R","B",null,"M","T","M","$","?","E"],"character_chosen":"THE_SILENT","items_purchased":["Eviscerate","MealTicket"],"campfire_rested":0,"item_purchase_floors":[21,21],"current_hp_per_floor":[63,58,54,51,51,25,24,24,24,47,47,44,40,40,40,39,62,56,56,46,46,40,0],"gold":12,"neow_bonus":"REMOVE_TWO","is_prod":false,"is_daily":false,"chose_seed":false,"campfire_upgraded":2,"win_rate":0,"timestamp":1543421833,"path_taken":["M","M","M","M","M","E","M","M","T","?","R","M","E","?","R","BOSS","M","?","M","$","?","E"],"build_version":"2018-11-15","purchased_purges":1,"victory":false,"max_hp_per_floor":[70,70,70,70,70,70,70,70,70,70,70,70,70,70,70,70,70,70,70,70,70,70,70],"card_choices":[{"not_picked":["Deflect","Acrobatics"],"picked":"Underhanded Strike","floor":1},{"not_picked":["Sucker Punch","Backflip"],"picked":"Skewer","floor":2},{"not_picked":["Flying Knee","Leg Sweep"],"picked":"Crippling Poison","floor":3},{"not_picked":["Masterful Stab","Noxious Fumes"],"picked":"PiercingWail","floor":4},{"not_picked":["Eviscerate","Bane","Flechettes"],"picked":"SKIP","floor":5},{"not_picked":["Deflect","Poisoned Stab"],"picked":"Prepared","floor":6},{"not_picked":["Expertise","PiercingWail","Sucker Punch"],"picked":"SKIP","floor":7},{"not_picked":["Glass Knife","Blade Dance"],"picked":"Bouncing Flask","floor":8},{"not_picked":["Backflip","Slice"],"picked":"Acrobatics","floor":12},{"not_picked":["Dodge and Roll","Dagger Throw"],"picked":"Tools of the Trade","floor":13},{"not_picked":["After Image","Bullet Time"],"picked":"Die Die Die","floor":16},{"not_picked":["Cloak And Dagger","Slice","Blade Dance"],"picked":"SKIP","floor":18},{"not_picked":["Choke","Dodge and Roll"],"picked":"Leg Sweep","floor":20}],"player_experience":723006,"relics_obtained":[{"floor":6,"key":"Orichalcum"},{"floor":9,"key":"Meat on the Bone"},{"floor":13,"key":"Smiling Mask"},{"floor":19,"key":"Kunai"}],"event_choices":[{"damage_healed":23,"gold_gain":0,"player_choice":"Banana","damage_taken":0,"max_hp_gain":0,"max_hp_loss":0,"event_name":"Big Fish","floor":10,"gold_loss":0},{"damage_healed":0,"gold_gain":0,"player_choice":"Forge","damage_taken":0,"max_hp_gain":0,"max_hp_loss":0,"event_name":"Accursed Blacksmith","floor":14,"gold_loss":0,"cards_upgraded":["Bouncing Flask"]},{"damage_healed":0,"gold_gain":0,"player_choice":"Fight","damage_taken":0,"max_hp_gain":0,"max_hp_loss":0,"event_name":"Colosseum","floor":22,"gold_loss":0},{"damage_healed":0,"gold_gain":0,"player_choice":"Fled From Nobs","damage_taken":0,"max_hp_gain":0,"max_hp_loss":0,"event_name":"Colosseum","floor":22,"gold_loss":0}],"is_beta":false,"boss_relics":[{"not_picked":["Lizard Tail","Eternal Feather"],"picked":"Ring of the Serpent"}],"items_purged_floors":[21],"is_endless":false,"potions_floor_spawned":[2,3,6,12,13,16,20,22],"killed_by":"Book of Stabbing","ascension_level":11}