{"gold_per_floor":[114,114,114,129,129,129,129,162,162,162,10,29,29,47,47,47],"floor_reached":16,"playtime":699,"items_purged":[],"score":148,"play_id":"928f11c6-6a03-4cff-9183-141b984ca963","local_time":"20190912165555","is_ascension_mode":true,"campfire_choices":[{"floor":6,"key":"RECALL"},{"floor":15,"key":"REST"}],"neow_cost":"NONE","seed_source_timestamp":89080106085500,"circlet_count":0,"master_deck":["Strike_G","Strike_G","Strike_G","Strike_G","Defend_G","Defend_G","Defend_G+1","Defend_G","Defend_G","Survivor+1","Neutralize","Acrobatics","Glass Knife","Eviscerate","Adrenaline","Bane","PiercingWail"],"relics":["Ring of the Snake","NeowsBlessing","Orichalcum","War Paint","Bottled Flame"],"potions_floor_usage":[8,16,16],"damage_taken":[{"damage":0,"enemies":"Small Slimes","floor":1,"turns":1},{"damage":0,"enemies":"Cultist","floor":4,"turns":1},{"damage":0,"enemies":"Gremlin Nob","floor":8,"turns":1},{"damage":0,"enemies":"Jaw Worm","floor":12,"turns":3},{"damage":22,"enemies":"Large Slime","floor":14,"turns":10},{"damage":79,"enemies":"Slime Boss","floor":16,"turns":14}],"seed_played":"-684259373319726966","potions_obtained":[{"floor":4,"key":"AttackPotion"},{"floor":8,"key":"GhostInAJar"},{"floor":14,"key":"Dexterity Potion"}],"is_trial":false,"path_per_floor":["M","?","$","M","?","R","$","E","T","?","$","M","T","M","R","B"],"character_chosen":"THE_SILENT","items_purchased":["War Paint"],"campfire_rested":1,"item_purchase_floors":[11],"current_hp_per_floor":[70,70,70,70,70,70,70,70,70,75,75,75,75,53,75,0],"gold":47,"neow_bonus":"THREE_ENEMY_KILL","is_prod":false,"is_daily":false,"chose_seed":false,"campfire_upgraded":0,"win_rate":0,"timestamp":1568325355,"path_taken":["M","?","?","M","?","R","?","E","T","?","?","M","?","M","R","BOSS"],"build_version":"2019-07-17","purchased_purges":0,"victory":false,"max_hp_per_floor":[70,70,70,70,70,70,70,70,70,75,75,75,75,75,75,75],"card_choices":[{"not_picked":["Heel Hook","All Out Attack"],"picked":"Acrobatics","floor":1},{"not_picked":["Prepared","Deflect"],"picked":"Eviscerate","floor":4},{"not_picked":["PiercingWail","Expertise"],"picked":"Adrenaline","floor":8},{"not_picked":["Dagger Throw","Sucker Punch"],"picked":"Bane","floor":12},{"not_picked":["Riddle With Holes","Acrobatics"],"picked":"PiercingWail","floor":14}],"player_experience":360355,"relics_obtained":[{"floor":8,"key":"Orichalcum"},{"floor":13,"key":"Bottled Flame"}],"event_choices":[{"damage_healed":0,"gold_gain":0,"cards_transformed":["Strike_G"],"player_choice":"Transformed","damage_taken":0,"max_hp_gain":0,"max_hp_loss":0,"event_name":"Transmorgrifier","floor":2,"gold_loss":0,"cards_obtained":["Glass Knife"]},{"damage_healed":0,"gold_gain":0,"player_choice":"Ignored","damage_taken":0,"max_hp_gain":0,"max_hp_loss":0,"event_name":"Liars Game","floor":5,"gold_loss":0},{"damage_healed":0,"gold_gain":0,"player_choice":"Donut","damage_taken":0,"max_hp_gain":5,"max_hp_loss":0,"event_name":"Big Fish","floor":10,"gold_loss":0}],"is_beta":false,"boss_relics":[],"items_purged_floors":[],"is_endless":false,"potions_floor_spawned":[4,8,14],"killed_by":"Slime Boss","ascension_level":4}