{"gold_per_floor":[110,182,182,198,209,236,236,255,308,308,40,40,40,53,53,152,152,172,207,221,121,139,139,174,174,174,205,224,244,244,344,344,446,446,460,460,460,479,494,494,510,510,510,526,526,124,144,44,44,44],"floor_reached":51,"playtime":3433,"items_purged":["Strike_G","Defend_G","Doubt"],"score":977,"play_id":"5e2f24f4-7db0-4cd8-b0bb-7a48c5874e42","local_time":"20180816171627","is_ascension_mode":true,"campfire_choices":[{"floor":10,"key":"REST"},{"floor":12,"key":"REST"},{"data":"Bouncing Flask","floor":15,"key":"SMITH"},{"floor":23,"key":"REST"},{"floor":25,"key":"REST"},{"data":"Ghostly","floor":32,"key":"SMITH"},{"data":"Adrenaline","floor":40,"key":"SMITH"},{"data":"Ghostly","floor":42,"key":"SMITH"},{"data":"Catalyst","floor":49,"key":"SMITH"}],"neow_cost":"NONE","seed_source_timestamp":166356648770430,"circlet_count":0,"master_deck":["Defend_G+1","Defend_G+1","Defend_G+1","Survivor+1","Neutralize+1","Bouncing Flask+1","Crippling Poison+1","Well Laid Plans+1","Adrenaline+1","Leg Sweep+1","Malaise+1","Glass Knife+1","Skewer+1","Endless Agony+1","Deflect+1","Sucker Punch+1","Ghostly+1","Ghostly+1","Ghostly+1","Ghostly+1","Ghostly+1","Unload+1","Writhe","Parasite","Catalyst+1"],"relics":["Ring of the Snake","NeowsBlessing","Singing Bowl","Bottled Lightning","Tiny Chest","War Paint","Pantograph","Astrolabe","Red Mask","Letter Opener","Paper Crane","Molten Egg 2","Cursed Key","Blue Candle","Snake Skull","Mark of the Bloom","Gremlin Horn"],"potions_floor_usage":[6,16,16,18,19,28,33,50,50,50],"damage_taken":[{"damage":0,"enemies":"Cultist","floor":1,"turns":1},{"damage":0,"enemies":"Jaw Worm","floor":4,"turns":1},{"damage":0,"enemies":"Small Slimes","floor":5,"turns":1},{"damage":32,"enemies":"3 Sentries","floor":6,"turns":11},{"damage":14,"enemies":"Exordium Wildlife","floor":8,"turns":5},{"damage":0,"enemies":"Large Slime","floor":14,"turns":6},{"damage":23,"enemies":"Hexaghost","floor":16,"turns":8},{"damage":13,"enemies":"2 Thieves","floor":18,"turns":4},{"damage":11,"floor":19,"turns":4},{"damage":1,"enemies":"Spheric Guardian","floor":20,"turns":5},{"damage":5,"enemies":"Snecko","floor":22,"turns":6},{"damage":25,"enemies":"Slavers","floor":24,"turns":6},{"damage":25,"enemies":"Gremlin Leader","floor":27,"turns":9},{"damage":4,"enemies":"Chosen and Byrds","floor":28,"turns":4},{"damage":5,"enemies":"Centurion and Healer","floor":29,"turns":5},{"damage":38,"enemies":"Collector","floor":33,"turns":14},{"damage":14,"enemies":"Flame Bruiser 1 Orb","floor":35,"turns":6},{"damage":0,"enemies":"Orb Walker","floor":38,"turns":4},{"damage":0,"enemies":"Transient","floor":39,"turns":5},{"damage":8,"enemies":"Spire Growth","floor":41,"turns":6},{"damage":8,"enemies":"4 Shapes","floor":44,"turns":7},{"damage":3,"enemies":"Flame Bruiser 2 Orb","floor":47,"turns":5},{"damage":14,"enemies":"Awakened One","floor":50,"turns":17}],"seed_played":"679913122646422585","potions_obtained":[{"floor":5,"key":"Swift Potion"},{"floor":8,"key":"SkillPotion"},{"floor":14,"key":"SpeedPotion"},{"floor":16,"key":"Energy Potion"},{"floor":18,"key":"PowerPotion"},{"floor":20,"key":"GamblersBrew"},{"floor":24,"key":"SteroidPotion"},{"floor":28,"key":"Poison Potion"},{"floor":35,"key":"LiquidBronze"},{"floor":39,"key":"SpeedPotion"},{"floor":41,"key":"Dexterity Potion"}],"is_trial":false,"path_per_floor":["M","T","?","M","M","E","?","M","T","R","$","R","T","M","R","B",null,"M","?","M","$","M","R","E","R","T","E","M","M","?","?","R","B",null,"M","?","T","M","M","R","M","R","T","M","?","$","M","$","R","B"],"character_chosen":"THE_SILENT","items_purchased":["War Paint","Leg Sweep","Catalyst","Gremlin Horn","PowerPotion","PowerPotion"],"campfire_rested":4,"item_purchase_floors":[11,11,46,46,48,48],"current_hp_per_floor":[63,63,56,56,56,24,24,12,12,33,33,54,54,56,56,51,68,57,46,47,47,44,68,45,69,69,46,44,39,39,39,39,5,34,22,33,33,35,37,37,31,31,31,25,25,25,22,22,22,8],"gold":44,"neow_bonus":"THREE_ENEMY_KILL","is_prod":false,"is_daily":false,"chose_seed":false,"campfire_upgraded":5,"win_rate":0,"timestamp":1534454187,"path_taken":["M","?","?","?","M","E","?","M","T","R","$","R","?","?","R","BOSS","M","?","M","$","?","R","E","R","T","E","M","M","?","?","R","BOSS","M","?","?","?","M","R","M","R","T","M","?","$","M","$","R","BOSS"],"build_version":"2018-08-09","purchased_purges":3,"victory":true,"max_hp_per_floor":[70,70,70,70,70,70,70,72,72,72,72,72,72,74,74,74,74,76,76,78,78,80,80,82,82,82,84,86,86,43,43,43,43,43,45,45,45,47,49,49,51,51,51,53,53,53,55,55,55,55],"card_choices":[{"not_picked":["Quick Slash","Bane"],"picked":"Bouncing Flask","floor":1},{"not_picked":["Prepared","Predator"],"picked":"Crippling Poison","floor":4},{"not_picked":["Flying Knee","All Out Attack"],"picked":"Well Laid Plans","floor":5},{"not_picked":["Caltrops","Dagger Spray"],"picked":"Adrenaline","floor":6},{"not_picked":["Crippling Poison","Tactician","Flying Knee"],"picked":"Singing Bowl","floor":8},{"not_picked":["Cloak And Dagger","Terror","Choke"],"picked":"Singing Bowl","floor":14},{"not_picked":["Envenom","Venomology"],"picked":"Malaise","floor":16},{"not_picked":["Masterful Stab","Bouncing Flask","Poisoned Stab"],"picked":"Singing Bowl","floor":18},{"not_picked":["Dodge and Roll+1","Backstab"],"picked":"Deflect+1","floor":19},{"not_picked":["Deadly Poison","Tactician","Terror+1"],"picked":"Singing Bowl","floor":20},{"not_picked":["After Image","Predator","Poisoned Stab"],"picked":"Singing Bowl","floor":22},{"not_picked":["Prepared","Accuracy+1","Unload"],"picked":"Singing Bowl","floor":24},{"not_picked":["Eviscerate","Slice","Deflect"],"picked":"Singing Bowl","floor":27},{"not_picked":["Blade Dance+1","Eviscerate+1","Masterful Stab+1"],"picked":"Singing Bowl","floor":28},{"not_picked":["PiercingWail","Slice+1"],"picked":"Sucker Punch+1","floor":29},{"not_picked":["Wraith Form v2","Die Die Die+1"],"picked":"Unload+1","floor":33},{"not_picked":["Deadly Poison+1","Terror","Outmaneuver"],"picked":"Singing Bowl","floor":35},{"not_picked":["Dagger Throw+1","Flying Knee+1","Cloak And Dagger"],"picked":"Singing Bowl","floor":38},{"not_picked":["Underhanded Strike+1","Sucker Punch+1","Flying Knee+1"],"picked":"Singing Bowl","floor":39},{"not_picked":["Skewer+1","Cloak And Dagger+1","Setup+1"],"picked":"Singing Bowl","floor":41},{"not_picked":["Expertise+1","Cloak And Dagger","Well Laid Plans"],"picked":"Singing Bowl","floor":44},{"not_picked":["Dodge and Roll+1","Prepared","Poisoned Stab+1"],"picked":"Singing Bowl","floor":47}],"player_experience":471243,"relics_obtained":[{"floor":2,"key":"Singing Bowl"},{"floor":6,"key":"Bottled Lightning"},{"floor":9,"key":"Tiny Chest"},{"floor":13,"key":"Pantograph"},{"floor":19,"key":"Red Mask"},{"floor":24,"key":"Letter Opener"},{"floor":26,"key":"Paper Crane"},{"floor":27,"key":"Molten Egg 2"},{"floor":37,"key":"Blue Candle"},{"floor":43,"key":"Snake Skull"}],"event_choices":[{"event_name":"Golden Wing","player_choice":"Card Removal","floor":3,"damage_taken":0},{"event_name":"Living Wall","player_choice":"Forget","floor":7,"damage_taken":0},{"event_name":"Masked Bandits","player_choice":"Fought Bandits","floor":19,"damage_taken":0},{"event_name":"Ghosts","player_choice":"Became a Ghost","floor":30,"damage_taken":0},{"event_name":"Golden Shrine","player_choice":"Pray","floor":31,"damage_taken":0},{"event_name":"Winding Halls","player_choice":"Writhe","floor":36,"damage_taken":0},{"event_name":"MindBloom","player_choice":"Upgrade","floor":45,"damage_taken":0}],"is_beta":false,"boss_relics":[{"not_picked":["Orrery","Lizard Tail"],"picked":"Astrolabe"},{"not_picked":["Fusion Hammer","Runic Dome"],"picked":"Cursed Key"}],"items_purged_floors":[11,21,46],"is_endless":false,"potions_floor_spawned":[5,8,14,16,18,20,24,28,35,39,41],"ascension_level":8}