{"gold_per_floor":[117,117,133,133,58,58,92,152,152,183,183,199,199,212,212,287,287,298,313,50,61,61,95,95,126,126,126,126,145,174,186,186,186],"floor_reached":33,"playtime":1768,"items_purged":[],"score":726,"play_id":"c2b2b716-9ccf-48e7-bc72-46d292e57d85","local_time":"20190814214541","is_ascension_mode":true,"campfire_choices":[{"data":"Go for the Eyes","floor":6.0,"key":"SMITH"},{"data":"1","floor":11.0,"key":"LIFT"},{"data":"2","floor":13.0,"key":"LIFT"},{"data":"Beam Cell","floor":15.0,"key":"SMITH"},{"data":"Creative AI","floor":24,"key":"SMITH"},{"data":"3","floor":28,"key":"LIFT"},{"floor":32,"key":"REST"}],"neow_cost":"NONE","seed_source_timestamp":1576267695687514,"circlet_count":0,"master_deck":["AscendersBane","Strike_B+1","Strike_B+1","Strike_B+1","Strike_B+1","Defend_B+1","Defend_B+1","Defend_B+1","Defend_B+1","Zap","Dualcast+1","Cold Snap","Go for the Eyes+1","Defragment","Compile Driver+1","Beam Cell+1","Loop","Seek","Multi-Cast","Redo","Sweeping Beam","Darkness","Creative AI+1","Steam+1","Fission","Compile Driver","Barrage"],"special_seed":0,"relics":["Cracked Core","NeowsBlessing","Anchor","Symbiotic Virus","Girya","Bottled Flame","Nunchaku","Nuclear Battery","HandDrill","MutagenicStrength","Strawberry","PreservedInsect","Whetstone","Omamori"],"potions_floor_usage":[25,25,29,31,33,33,33],"damage_taken":[{"damage":0.0,"enemies":"Jaw Worm","floor":1.0,"turns":1.0},{"damage":0.0,"enemies":"Small Slimes","floor":3.0,"turns":1.0},{"damage":0.0,"enemies":"Lagavulin","floor":7.0,"turns":1.0},{"damage":21.0,"enemies":"Lagavulin Event","floor":8.0,"turns":5.0},{"damage":3.0,"enemies":"Gremlin Nob","floor":10.0,"turns":3.0},{"damage":0.0,"enemies":"2 Louse","floor":12.0,"turns":2.0},{"damage":0.0,"enemies":"Exordium Wildlife","floor":14.0,"turns":1.0},{"damage":13.0,"enemies":"Slime Boss","floor":16.0,"turns":6.0},{"damage":3,"enemies":"Shell Parasite","floor":18,"turns":3},{"damage":0,"enemies":"Chosen","floor":19,"turns":2},{"damage":8,"enemies":"3 Cultists","floor":21,"turns":4},{"damage":24,"enemies":"Slavers","floor":23,"turns":4},{"damage":22,"enemies":"Book of Stabbing","floor":25,"turns":4},{"damage":0,"enemies":"Centurion and Healer","floor":29,"turns":5},{"damage":0,"enemies":"Slavers","floor":30,"turns":3},{"damage":0,"enemies":"Cultist and Chosen","floor":31,"turns":4},{"damage":57,"enemies":"Champ","floor":33,"turns":7}],"seed_played":"2157785477318753435","potions_obtained":[{"floor":3.0,"key":"LiquidBronze"},{"floor":7.0,"key":"GamblersBrew"},{"floor":12.0,"key":"Poison Potion"},{"floor":23,"key":"Regen Potion"},{"floor":25,"key":"Regen Potion"},{"floor":30,"key":"Fire Potion"},{"floor":31,"key":"EntropicBrew"}],"is_trial":false,"path_per_floor":["M","?","M","?","?","R","E","?","T","E","R","M","R","M","R","B",null,"M","M","$","M","?","E","R","E","T","?","R","M","E","M","R","B"],"character_chosen":"DEFECT","items_purchased":["HandDrill","Darkness"],"campfire_rested":1,"item_purchase_floors":[20,20],"current_hp_per_floor":[64,43,43,43,43,43,43,22,22,19,19,19,19,19,19,6,55,52,52,52,44,44,27,27,17,17,17,17,31,31,31,54,0],"gold":186,"neow_bonus":"THREE_ENEMY_KILL","is_prod":false,"is_daily":false,"chose_seed":false,"campfire_upgraded":3,"win_rate":0,"timestamp":1565833541,"path_taken":["M","?","M","?","?","R","E","?","T","E","R","?","R","M","R","BOSS","M","M","$","M","?","E","R","E","T","?","R","?","E","M","R","BOSS"],"build_version":"2019-07-17","purchased_purges":0,"victory":false,"max_hp_per_floor":[71,71,71,71,71,71,71,71,71,71,71,71,71,71,71,71,71,71,71,71,71,71,78,78,78,78,78,78,78,78,78,78,78],"card_choices":[{"not_picked":["Go for the Eyes","Conserve Battery"],"picked":"Cold Snap","floor":1.0},{"not_picked":["Double Energy","Turbo"],"picked":"Go for the Eyes","floor":3.0},{"not_picked":["Cold Snap","Steam"],"picked":"Defragment","floor":7.0},{"not_picked":["Self Repair","Beam Cell"],"picked":"Compile Driver","floor":8.0},{"not_picked":["Go for the Eyes","Redo"],"picked":"Beam Cell","floor":10.0},{"not_picked":["Redo","BootSequence"],"picked":"Loop","floor":12.0},{"not_picked":["Beam Cell","FTL"],"picked":"Seek","floor":14.0},{"not_picked":["Fission","Biased Cognition"],"picked":"Multi-Cast","floor":16.0},{"not_picked":["Coolheaded","Steam"],"picked":"Redo","floor":18},{"not_picked":["Rebound","Blizzard"],"picked":"Sweeping Beam","floor":19},{"not_picked":["Heatsinks","Tempest","Leap"],"picked":"SKIP","floor":21},{"not_picked":["Defragment","Redo"],"picked":"Creative AI","floor":23},{"not_picked":["Barrage","Gash"],"picked":"Steam+1","floor":25},{"not_picked":["Sweeping Beam","Scrape"],"picked":"Fission","floor":29},{"not_picked":["Reinforced Body","Ball Lightning"],"picked":"Compile Driver","floor":30},{"not_picked":["Coolheaded","Turbo"],"picked":"Barrage","floor":31}],"player_experience":1800232,"relics_obtained":[{"floor":7.0,"key":"Symbiotic Virus"},{"floor":8.0,"key":"Girya"},{"floor":9.0,"key":"Bottled Flame"},{"floor":10.0,"key":"Nunchaku"},{"floor":23,"key":"Strawberry"},{"floor":25,"key":"PreservedInsect"},{"floor":26,"key":"Whetstone"},{"floor":30,"key":"Omamori"}],"event_choices":[{"damage_healed":0.0,"max_hp_gain":0.0,"max_hp_loss":0.0,"gold_gain":0.0,"event_name":"Shining Light","player_choice":"Entered Light","floor":2.0,"gold_loss":0.0,"damage_taken":21.0,"cards_upgraded":["Strike_B","Dualcast"]},{"damage_healed":0.0,"max_hp_gain":0.0,"max_hp_loss":0.0,"gold_gain":0.0,"event_name":"Big Fish","player_choice":"Box","floor":4.0,"gold_loss":0.0,"damage_taken":0.0,"relics_obtained":["Anchor"],"cards_obtained":["Regret"]},{"cards_removed":["Regret"],"damage_healed":0.0,"max_hp_gain":0.0,"max_hp_loss":0.0,"gold_gain":0.0,"event_name":"The Cleric","player_choice":"Card Removal","floor":5.0,"gold_loss":75.0,"damage_taken":0.0},{"damage_healed":0.0,"max_hp_gain":0.0,"max_hp_loss":0.0,"gold_gain":30.0,"event_name":"Dead Adventurer","player_choice":"Searched \u00272\u0027 times","floor":8.0,"gold_loss":0.0,"damage_taken":0.0},{"damage_healed":0,"gold_gain":0,"player_choice":"Inject Mutagens","damage_taken":0,"relics_obtained":["MutagenicStrength"],"max_hp_gain":0,"max_hp_loss":0,"event_name":"Drug Dealer","floor":22,"gold_loss":0},{"damage_healed":0,"gold_gain":0,"player_choice":"Simplicity","damage_taken":0,"max_hp_gain":0,"max_hp_loss":0,"event_name":"Back to Basics","floor":27,"gold_loss":0,"cards_upgraded":["Strike_B","Strike_B","Defend_B","Defend_B","Defend_B","Defend_B"]}],"is_beta":false,"boss_relics":[{"not_picked":["Empty Cage","Philosopher\u0027s Stone"],"picked":"Nuclear Battery"}],"items_purged_floors":[],"is_endless":false,"potions_floor_spawned":[3,7,12,23,25,30,31],"killed_by":"Champ","ascension_level":20}