{"gold_per_floor":[111,122,122,20,35,35,45,78,102,120,120,154,165,182,182,258,258,258,183,183,183,3,3,3,3,3,3,3,3,3,3,3,3],"floor_reached":33,"playtime":2162,"items_purged":[],"score":485,"play_id":"6bee6eb0-60eb-4ab0-b9e1-97ceb33f0ba5","local_time":"20190723091635","is_ascension_mode":true,"campfire_choices":[{"data":"Darkness","floor":6,"key":"SMITH"},{"floor":15,"key":"REST"},{"floor":23,"key":"REST"},{"data":"Creative AI","floor":27,"key":"SMITH"},{"data":"Sunder","floor":30,"key":"SMITH"},{"floor":32,"key":"REST"}],"neow_cost":"NONE","seed_source_timestamp":47518363975279,"circlet_count":0,"master_deck":["AscendersBane","Strike_B+1","Strike_B","Defend_B","Defend_B+1","Defend_B+1","Defend_B","Zap","Dualcast+1","Compile Driver","BootSequence","Sweeping Beam","Darkness+1","Streamline","Self Repair","Self Repair","Turbo","Ball Lightning","Reinforced Body","Electrodynamics","Self Repair","Sunder+1","Coolheaded","Panache","Creative AI+1","Aggregate","Hyperbeam","Cold Snap","Undo"],"relics":["Cracked Core","NeowsBlessing","Juzu Bracelet","Omamori","War Paint","Ectoplasm","Sundial","Cables","Shuriken","PreservedInsect","FossilizedHelix","Question Card"],"potions_floor_usage":[10,16,19,28,31],"damage_taken":[{"damage":0,"enemies":"Jaw Worm","floor":1,"turns":1},{"damage":0,"enemies":"2 Louse","floor":2,"turns":1},{"damage":0,"enemies":"Cultist","floor":5,"turns":1},{"damage":1,"enemies":"Large Slime","floor":7,"turns":6},{"damage":34,"enemies":"Gremlin Nob","floor":8,"turns":4},{"damage":6,"enemies":"3 Louse","floor":10,"turns":3},{"damage":12,"enemies":"Lagavulin","floor":12,"turns":6},{"damage":29,"enemies":"Exordium Wildlife","floor":13,"turns":6},{"damage":0,"enemies":"Blue Slaver","floor":14,"turns":2},{"damage":33,"enemies":"Slime Boss","floor":16,"turns":9},{"damage":24,"enemies":"Shell Parasite","floor":18,"turns":6},{"damage":13,"enemies":"2 Thieves","floor":19,"turns":4},{"damage":39,"enemies":"Snecko","floor":20,"turns":5},{"damage":30,"enemies":"Gremlin Leader","floor":28,"turns":6},{"damage":26,"enemies":"Colosseum Slavers","floor":29,"turns":3},{"damage":13,"enemies":"Colosseum Nobs","floor":29,"turns":3},{"damage":14,"enemies":"Snake Plant","floor":31,"turns":5},{"damage":92,"enemies":"Collector","floor":33,"turns":8}],"seed_played":"4361205027050274684","potions_obtained":[{"floor":2,"key":"LiquidBronze"},{"floor":12,"key":"Strength Potion"},{"floor":14,"key":"Energy Potion"},{"floor":20,"key":"GamblersBrew"},{"floor":29,"key":"Block Potion"}],"is_trial":false,"path_per_floor":["M","M","?","$","M","R","M","E","T","M","?","E","M","M","R","B",null,"M","M","M","?","$","R","T","?","T","R","E","?","R","M","R","B"],"character_chosen":"DEFECT","items_purchased":["Sweeping Beam","Fire Potion","Panache"],"campfire_rested":3,"item_purchase_floors":[4,4,22],"current_hp_per_floor":[64,64,43,43,43,43,42,8,8,9,32,34,19,19,40,21,59,49,57,39,39,39,60,60,60,60,60,51,54,54,47,68,0],"gold":3,"neow_bonus":"THREE_ENEMY_KILL","is_prod":false,"is_daily":false,"chose_seed":false,"campfire_upgraded":3,"win_rate":0,"timestamp":1563837395,"path_taken":["M","M","?","$","M","R","M","E","T","M","?","E","M","M","R","BOSS","M","M","M","?","$","R","?","?","T","R","E","?","R","M","R","BOSS"],"build_version":"2019-07-17","purchased_purges":0,"victory":false,"max_hp_per_floor":[71,71,71,71,71,71,71,71,71,71,71,71,71,71,71,71,71,71,71,71,71,71,71,71,71,71,71,71,71,71,71,71,71],"card_choices":[{"not_picked":["Hologram","Gash"],"picked":"Compile Driver","floor":1},{"not_picked":["Redo","Darkness"],"picked":"BootSequence","floor":2},{"not_picked":["Steam","Storm"],"picked":"Darkness","floor":5},{"not_picked":["Static Discharge","Doom and Gloom"],"picked":"Streamline","floor":7},{"not_picked":["Tempest","Cold Snap"],"picked":"Self Repair","floor":8},{"not_picked":["Coolheaded","Loop"],"picked":"Self Repair","floor":10},{"not_picked":["Barrage","Redo"],"picked":"Turbo","floor":12},{"not_picked":["Sweeping Beam","Stack"],"picked":"Ball Lightning","floor":13},{"not_picked":["Stack","Rebound"],"picked":"Reinforced Body","floor":14},{"not_picked":["Fission","Amplify"],"picked":"Electrodynamics","floor":16},{"not_picked":["Sweeping Beam","Beam Cell"],"picked":"Self Repair","floor":18},{"not_picked":["Sweeping Beam","Compile Driver+1"],"picked":"Sunder","floor":19},{"not_picked":["Storm","Auto Shields+1"],"picked":"Coolheaded","floor":20},{"not_picked":["Steam+1","Hologram"],"picked":"Hyperbeam","floor":28},{"not_picked":["Coolheaded","Barrage"],"picked":"Cold Snap","floor":29},{"not_picked":["Recycle","Chaos","Consume"],"picked":"Undo","floor":31}],"player_experience":1078978,"relics_obtained":[{"floor":8,"key":"Juzu Bracelet"},{"floor":9,"key":"Omamori"},{"floor":12,"key":"War Paint"},{"floor":24,"key":"Cables"},{"floor":26,"key":"Shuriken"},{"floor":28,"key":"PreservedInsect"},{"floor":29,"key":"FossilizedHelix"},{"floor":29,"key":"Question Card"}],"event_choices":[{"damage_healed":0,"gold_gain":0,"player_choice":"Entered Light","damage_taken":21,"max_hp_gain":0,"max_hp_loss":0,"event_name":"Shining Light","floor":3,"gold_loss":0,"cards_upgraded":["Defend_B","Strike_B"]},{"damage_healed":23,"gold_gain":0,"player_choice":"Banana","damage_taken":0,"max_hp_gain":0,"max_hp_loss":0,"event_name":"Big Fish","floor":11,"gold_loss":0},{"damage_healed":0,"gold_gain":0,"player_choice":"Opened","damage_taken":0,"relics_obtained":["Sundial"],"max_hp_gain":0,"max_hp_loss":0,"event_name":"The Mausoleum","floor":21,"gold_loss":0,"cards_obtained":["Writhe"]},{"damage_healed":0,"gold_gain":0,"cards_transformed":["Strike_B","Strike_B"],"player_choice":"Became Test Subject","damage_taken":0,"max_hp_gain":0,"max_hp_loss":0,"event_name":"Drug Dealer","floor":25,"gold_loss":0,"cards_obtained":["Creative AI","Aggregate"]},{"damage_healed":0,"gold_gain":0,"player_choice":"Fight","damage_taken":0,"max_hp_gain":0,"max_hp_loss":0,"event_name":"Colosseum","floor":29,"gold_loss":0},{"damage_healed":0,"gold_gain":0,"player_choice":"Fought Nobs","damage_taken":0,"max_hp_gain":0,"max_hp_loss":0,"event_name":"Colosseum","floor":29,"gold_loss":0}],"is_beta":false,"boss_relics":[{"not_picked":["Coffee Dripper","Tiny House"],"picked":"Ectoplasm"}],"items_purged_floors":[],"is_endless":false,"potions_floor_spawned":[2,12,14,20,29,29],"killed_by":"Collector","ascension_level":15}