{"gold_per_floor":[112,112,125,125,125,153,213,226,226,240,73,87,102,119,119,218,218,235,152,163,178,93,93,123,123,123,123,136,136,147,157,157,157],"floor_reached":33,"playtime":3857,"items_purged":[],"score":296,"play_id":"4fa2a50c-7c7f-4cdf-ac26-de45e70c24b4","local_time":"20190709171429","is_ascension_mode":false,"campfire_choices":[{"floor":15,"key":"REST"},{"floor":23,"key":"REST"},{"floor":25,"key":"REST"},{"floor":32,"key":"REST"}],"neow_cost":"NONE","seed_source_timestamp":16825923647071,"circlet_count":0,"master_deck":["Strike_G+1","Strike_G","Strike_G","Strike_G","Strike_G","Defend_G","Defend_G+1","Defend_G","Defend_G","Defend_G","Survivor","Neutralize","Dagger Spray","Noxious Fumes+1","Poisoned Stab","Leg Sweep","Sucker Punch","Dagger Throw","The Bomb","Envenom+1","Noxious Fumes+1","After Image+1","All Out Attack+1","Trip","Outmaneuver+1","Flying Knee+1","Blade Dance+1","RitualDagger","Poisoned Stab"],"relics":["Ring of the Snake","NeowsBlessing","Frozen Egg 2","Vajra","Bag of Preparation","Strawberry","White Beast Statue","Shuriken","Bag of Marbles","Letter Opener"],"potions_floor_usage":[7,16,16,20,20,24,24,24,30,31,31,33],"damage_taken":[{"damage":0,"enemies":"2 Louse","floor":1,"turns":1},{"damage":0,"enemies":"Jaw Worm","floor":3,"turns":1},{"damage":0,"enemies":"3 Sentries","floor":6,"turns":2},{"damage":25,"enemies":"Gremlin Nob","floor":7,"turns":5},{"damage":0,"enemies":"Cultist","floor":8,"turns":3},{"damage":2,"enemies":"Red Slaver","floor":10,"turns":3},{"damage":5,"enemies":"Blue Slaver","floor":12,"turns":3},{"damage":0,"enemies":"Large Slime","floor":13,"turns":4},{"damage":0,"enemies":"3 Louse","floor":14,"turns":3},{"damage":8,"enemies":"Hexaghost","floor":16,"turns":6},{"damage":34,"enemies":"2 Thieves","floor":18,"turns":4},{"damage":1,"enemies":"Shell Parasite","floor":20,"turns":5},{"damage":22,"enemies":"Centurion and Healer","floor":21,"turns":4},{"damage":31,"enemies":"Book of Stabbing","floor":24,"turns":5},{"damage":8,"enemies":"Snecko","floor":28,"turns":4},{"damage":15,"enemies":"Chosen and Byrds","floor":30,"turns":6},{"damage":3,"enemies":"Cultist and Chosen","floor":31,"turns":4},{"damage":46,"enemies":"Automaton","floor":33,"turns":6}],"seed_played":"4086082441041662033","potions_obtained":[{"floor":1,"key":"EssenceOfSteel"},{"floor":6,"key":"AttackPotion"},{"floor":7,"key":"Poison Potion"},{"floor":8,"key":"GhostInAJar"},{"floor":16,"key":"Energy Potion"},{"floor":18,"key":"Block Potion"},{"floor":20,"key":"GhostInAJar"},{"floor":21,"key":"AttackPotion"},{"floor":24,"key":"Energy Potion"},{"floor":28,"key":"LiquidBronze"},{"floor":30,"key":"Poison Potion"},{"floor":31,"key":"Block Potion"}],"is_trial":false,"path_per_floor":["M","?","M","?","T","E","?","M","T","M","$","M","M","M","R","B",null,"M","$","M","M","?","R","E","R","T","?","M","?","M","M","R","B"],"character_chosen":"THE_SILENT","items_purchased":["The Bomb","Trip"],"campfire_rested":4,"item_purchase_floors":[11,19],"current_hp_per_floor":[70,56,56,56,56,56,31,31,38,36,36,31,31,31,54,46,77,43,43,42,20,20,43,12,35,35,35,27,21,6,3,26,0],"gold":157,"neow_bonus":"THREE_ENEMY_KILL","is_prod":false,"is_daily":false,"chose_seed":false,"campfire_upgraded":0,"win_rate":0.0,"timestamp":1562688869,"path_taken":["M","?","M","?","?","E","?","M","T","M","$","M","?","M","R","BOSS","M","?","M","?","?","R","E","R","T","?","M","?","M","M","R","BOSS"],"build_version":"2019-07-05","purchased_purges":0,"victory":false,"max_hp_per_floor":[70,70,70,70,70,70,70,70,77,77,77,77,77,77,77,77,77,77,77,77,77,77,77,77,77,77,77,77,77,77,77,77,77],"card_choices":[{"not_picked":["Heel Hook","Reflex"],"picked":"Dagger Spray","floor":1},{"not_picked":["Backstab","Dodge and Roll"],"picked":"Noxious Fumes","floor":3},{"not_picked":["Flying Knee","Riddle With Holes"],"picked":"Poisoned Stab","floor":6},{"not_picked":["Distraction","Acrobatics"],"picked":"Leg Sweep","floor":7},{"not_picked":["Blade Dance","PiercingWail"],"picked":"Sucker Punch","floor":8},{"not_picked":["Flying Knee","Dagger Spray"],"picked":"Dagger Throw","floor":10},{"not_picked":["Sucker Punch","Deadly Poison"],"picked":"Envenom+1","floor":12},{"not_picked":["PiercingWail","Dodge and Roll","Prepared"],"picked":"SKIP","floor":13},{"not_picked":["PiercingWail","Bullet Time"],"picked":"Noxious Fumes+1","floor":14},{"not_picked":["Malaise","Die Die Die"],"picked":"After Image+1","floor":16},{"not_picked":["Prepared","Backflip"],"picked":"All Out Attack+1","floor":18},{"not_picked":["Predator","Quick Slash"],"picked":"Outmaneuver+1","floor":20},{"not_picked":["Backflip","Deadly Poison"],"picked":"Flying Knee+1","floor":21},{"not_picked":["Leg Sweep","Unload"],"picked":"Blade Dance+1","floor":24},{"not_picked":["Deadly Poison","Backflip","Leg Sweep"],"picked":"SKIP","floor":28},{"not_picked":["Bouncing Flask","Prepared"],"picked":"Poisoned Stab","floor":30},{"not_picked":["Dagger Spray","Dodge and Roll","Prepared"],"picked":"SKIP","floor":31}],"player_experience":6788,"relics_obtained":[{"floor":5,"key":"Frozen Egg 2"},{"floor":6,"key":"Vajra"},{"floor":7,"key":"Bag of Preparation"},{"floor":9,"key":"Strawberry"},{"floor":24,"key":"Bag of Marbles"},{"floor":26,"key":"Letter Opener"}],"event_choices":[{"damage_healed":0,"gold_gain":0,"player_choice":"Entered Light","damage_taken":14,"max_hp_gain":0,"max_hp_loss":0,"event_name":"Shining Light","floor":2,"gold_loss":0,"cards_upgraded":["Strike_G","Defend_G"]},{"damage_healed":0,"gold_gain":0,"player_choice":"Grow","damage_taken":0,"max_hp_gain":0,"max_hp_loss":0,"event_name":"Living Wall","floor":4,"gold_loss":0,"cards_upgraded":["Noxious Fumes"]},{"damage_healed":0,"gold_gain":0,"player_choice":"Searched \u00271\u0027 times","damage_taken":0,"max_hp_gain":0,"max_hp_loss":0,"event_name":"Dead Adventurer","floor":7,"gold_loss":0},{"damage_healed":0,"gold_gain":0,"player_choice":"Obtained Relic","damage_taken":0,"relics_obtained":["Shuriken"],"max_hp_gain":0,"max_hp_loss":0,"event_name":"Addict","floor":22,"gold_loss":85},{"damage_healed":0,"gold_gain":0,"player_choice":"Ignored","damage_taken":0,"max_hp_gain":0,"max_hp_loss":0,"event_name":"Ghosts","floor":27,"gold_loss":0},{"damage_healed":0,"gold_gain":0,"player_choice":"Joined the Cult","damage_taken":6,"max_hp_gain":0,"max_hp_loss":0,"event_name":"Nest","floor":29,"gold_loss":0,"cards_obtained":["RitualDagger"]}],"is_beta":false,"boss_relics":[{"not_picked":["Coffee Dripper","Velvet Choker"],"picked":"White Beast Statue"}],"items_purged_floors":[],"is_endless":false,"potions_floor_spawned":[1,6,7,8,16,18,20,21,24,28,30,31],"killed_by":"Automaton","ascension_level":0}