{"gold_per_floor":[367,378,396,37,54,54,67,86,111,111,140,160,160,170,170,269,269,287,306,405,25,43,43,68,68,68,93,93,108,108,125,125,221,221,241,257,3,15,15],"floor_reached":39,"playtime":2366,"items_purged":["Strike_G","Strike_G"],"score":475,"play_id":"f44ae3c6-6970-4da7-98aa-2a140f8e01b5","local_time":"20190421021143","is_ascension_mode":true,"campfire_choices":[{"floor":10,"key":"REST"},{"data":"Infinite Blades","floor":13,"key":"SMITH"},{"data":"Accuracy","floor":15,"key":"SMITH"},{"data":"Apotheosis","floor":23,"key":"SMITH"},{"data":"Tools of the Trade","floor":25,"key":"SMITH"},{"floor":28,"key":"REST"},{"floor":32,"key":"REST"}],"neow_cost":"TEN_PERCENT_HP_LOSS","seed_source_timestamp":42269718656745,"circlet_count":0,"master_deck":["Defend_G","Defend_G","Defend_G","Defend_G","Defend_G","Strike_G","Survivor","Neutralize","Infinite Blades+1","Catalyst","Apotheosis+1","Well Laid Plans","Deflect","Dagger Spray","Acrobatics","Deadly Poison","Distraction","PiercingWail","Accuracy+1","Tools of the Trade+1","Blur+1","Infinite Blades","Noxious Fumes+1","Flying Knee+1","Deadly Poison+1","Corpse Explosion","Cloak And Dagger+1","Bouncing Flask+1","Acrobatics+1"],"relics":["Ring of the Snake","CultistMask","Lantern","Anchor","Empty Cage","Turnip","Bag of Marbles","Bottled Flame","Omamori","Sozu","PreservedInsect"],"potions_floor_usage":[11,12,18,36,39],"damage_taken":[{"damage":0,"enemies":"Jaw Worm","floor":1,"turns":3},{"damage":0,"enemies":"Cultist","floor":2,"turns":3},{"damage":0,"enemies":"2 Louse","floor":3,"turns":3},{"damage":13,"enemies":"Large Slime","floor":5,"turns":9},{"damage":1,"enemies":"Red Slaver","floor":7,"turns":7},{"damage":6,"enemies":"3 Louse","floor":8,"turns":4},{"damage":0,"enemies":"Gremlin Nob","floor":11,"turns":5},{"damage":6,"enemies":"Lots of Slimes","floor":12,"turns":4},{"damage":1,"enemies":"Blue Slaver","floor":14,"turns":4},{"damage":8,"enemies":"Slime Boss","floor":16,"turns":9},{"damage":2,"enemies":"Spheric Guardian","floor":18,"turns":3},{"damage":0,"enemies":"Chosen","floor":19,"turns":4},{"damage":5,"enemies":"Snake Plant","floor":22,"turns":5},{"damage":5,"enemies":"Gremlin Leader","floor":24,"turns":7},{"damage":20,"enemies":"Book of Stabbing","floor":27,"turns":6},{"damage":0,"enemies":"Cultist and Chosen","floor":29,"turns":6},{"damage":0,"enemies":"Centurion and Healer","floor":31,"turns":6},{"damage":4,"enemies":"Champ","floor":33,"turns":9},{"damage":26,"enemies":"3 Darklings","floor":35,"turns":3},{"damage":2,"enemies":"3 Shapes","floor":36,"turns":3},{"damage":15,"enemies":"Writhing Mass","floor":38,"turns":6},{"damage":21,"enemies":"Transient","floor":39,"turns":3}],"seed_played":"5756332681771492783","potions_obtained":[{"floor":5,"key":"GhostInAJar"},{"floor":7,"key":"SmokeBomb"},{"floor":11,"key":"Energy Potion"},{"floor":16,"key":"Poison Potion"},{"floor":24,"key":"Ancient Potion"},{"floor":29,"key":"Swift Potion"},{"floor":31,"key":"FearPotion"}],"is_trial":false,"path_per_floor":["M","M","M","$","M","?","M","M","T","R","E","M","R","M","R","B",null,"M","M","?","$","M","R","E","R","T","E","R","M","?","M","R","B",null,"M","M","$","M","M"],"character_chosen":"THE_SILENT","items_purchased":["Apotheosis","Well Laid Plans","Deflect","Turnip","Infinite Blades","PreservedInsect"],"campfire_rested":3,"item_purchase_floors":[4,4,4,21,21,37],"current_hp_per_floor":[63,63,63,63,50,50,49,43,43,61,61,55,55,54,54,46,63,61,61,61,61,56,56,51,51,51,31,49,49,49,49,63,59,63,37,35,35,20,0],"gold":15,"neow_bonus":"TWO_FIFTY_GOLD","is_prod":false,"is_daily":false,"chose_seed":false,"campfire_upgraded":4,"win_rate":0,"timestamp":1555776703,"path_taken":["M","M","M","$","M","?","M","?","T","R","E","M","R","M","R","BOSS","M","M","?","$","M","R","E","R","T","E","R","M","?","M","R","BOSS","M","M","$","M","M"],"build_version":"2019-01-23","purchased_purges":2,"victory":false,"max_hp_per_floor":[63,63,63,63,63,63,63,63,63,63,63,63,63,63,63,63,63,63,63,63,63,63,63,63,63,63,63,63,63,63,63,63,63,63,63,63,63,63,63],"card_choices":[{"not_picked":["Dodge and Roll","Flying Knee","Sucker Punch"],"picked":"SKIP","floor":1},{"not_picked":["Predator","Deflect"],"picked":"Infinite Blades","floor":2},{"not_picked":["Bane","Quick Slash"],"picked":"Catalyst","floor":3},{"not_picked":["PiercingWail","Cloak And Dagger"],"picked":"Dagger Spray","floor":5},{"not_picked":["Finisher","Leg Sweep"],"picked":"Acrobatics","floor":7},{"not_picked":["Prepared","Acrobatics"],"picked":"Deadly Poison","floor":8},{"not_picked":["Escape Plan","Skewer"],"picked":"Distraction","floor":11},{"not_picked":["Outmaneuver","Acrobatics"],"picked":"PiercingWail","floor":12},{"not_picked":["Noxious Fumes","Blade Dance"],"picked":"Accuracy","floor":14},{"not_picked":["Phantasmal Killer","Die Die Die"],"picked":"Tools of the Trade","floor":16},{"not_picked":["Escape Plan","Eviscerate+1","Calculated Gamble+1"],"picked":"SKIP","floor":18},{"not_picked":["Backflip","Underhanded Strike"],"picked":"Blur+1","floor":19},{"not_picked":["Blade Dance","Reflex"],"picked":"Noxious Fumes+1","floor":22},{"not_picked":["Die Die Die","Flechettes","Riddle With Holes"],"picked":"SKIP","floor":24},{"not_picked":["Deflect","Sucker Punch+1","Outmaneuver"],"picked":"SKIP","floor":27},{"not_picked":["Bane","Endless Agony"],"picked":"Flying Knee","floor":29},{"not_picked":["Endless Agony+1","Malaise"],"picked":"Deadly Poison+1","floor":31},{"not_picked":["Venomology","Unload"],"picked":"Corpse Explosion","floor":33},{"not_picked":["Heel Hook","Prepared+1"],"picked":"Cloak And Dagger+1","floor":35},{"not_picked":["Footwork+1","Finisher"],"picked":"Bouncing Flask+1","floor":36},{"not_picked":["Predator","Skewer+1"],"picked":"Acrobatics+1","floor":38}],"player_experience":372986,"relics_obtained":[{"floor":9,"key":"Lantern"},{"floor":11,"key":"Anchor"},{"floor":24,"key":"Bag of Marbles"},{"floor":26,"key":"Bottled Flame"},{"floor":27,"key":"Omamori"}],"event_choices":[{"damage_healed":0,"gold_gain":0,"player_choice":"Trade","damage_taken":0,"relics_obtained":["CultistMask"],"max_hp_gain":0,"max_hp_loss":0,"event_name":"FaceTrader","floor":6,"gold_loss":0},{"damage_healed":0,"gold_gain":99,"player_choice":"Stole From Cult","damage_taken":0,"max_hp_gain":0,"max_hp_loss":0,"event_name":"Nest","floor":20,"gold_loss":0},{"damage_healed":0,"gold_gain":0,"player_choice":"Upgraded","damage_taken":0,"max_hp_gain":0,"max_hp_loss":0,"event_name":"Upgrade Shrine","floor":30,"gold_loss":0,"cards_upgraded":["Flying Knee"]}],"is_beta":false,"boss_relics":[{"not_picked":["Busted Crown","Philosopher\u0027s Stone"],"picked":"Empty Cage"},{"not_picked":["Snecko Eye","HoveringKite"],"picked":"Sozu"}],"items_purged_floors":[4,37],"is_endless":false,"potions_floor_spawned":[5,7,11,16,24,29,31,33],"killed_by":"Transient","ascension_level":1}