{"gold_per_floor":[111,111,124,124,144,144,175,187,213,213,244,244,29,42,42,120,120,138,156,175,175],"floor_reached":21,"playtime":1456,"items_purged":[],"score":482,"play_id":"98fe7100-9b5f-43bb-9e76-e0888610022d","local_time":"20190901015531","is_ascension_mode":true,"campfire_choices":[{"data":"Sunder","floor":6,"key":"SMITH"},{"floor":10,"key":"REST"},{"data":"Zap","floor":12,"key":"SMITH"},{"data":"Barrage","floor":15,"key":"SMITH"}],"neow_cost":"NONE","seed_source_timestamp":206266858919966,"circlet_count":0,"master_deck":["AscendersBane","Strike_B","Strike_B","Strike_B","Strike_B","Defend_B","Defend_B","Defend_B","Defend_B","Zap+1","Dualcast","Compile Driver","Capacitor","Zap+1","Sunder+1","Cold Snap","Seek","Streamline","Barrage+1","Coolheaded","Machine Learning","Stack","Hologram","Cold Snap"],"relics":["Cracked Core","Bag of Marbles","Strawberry","Lantern","Sling","Sozu"],"potions_floor_usage":[3,7],"damage_taken":[{"damage":8,"enemies":"Small Slimes","floor":1,"turns":3},{"damage":7,"enemies":"Jaw Worm","floor":3,"turns":3},{"damage":6,"enemies":"Cultist","floor":5,"turns":3},{"damage":26,"enemies":"Lagavulin","floor":7,"turns":6},{"damage":4,"enemies":"Looter","floor":8,"turns":3},{"damage":27,"enemies":"3 Sentries","floor":11,"turns":6},{"damage":8,"enemies":"Blue Slaver","floor":14,"turns":2},{"damage":0,"enemies":"Slime Boss","floor":16,"turns":7},{"damage":22,"enemies":"3 Byrds","floor":18,"turns":4},{"damage":0,"enemies":"Spheric Guardian","floor":19,"turns":3},{"damage":40,"enemies":"Shelled Parasite and Fungi","floor":20,"turns":6},{"damage":9,"enemies":"Centurion and Healer","floor":21,"turns":2}],"seed_played":"8783123187623120451","potions_obtained":[{"floor":3,"key":"Fruit Juice"},{"floor":5,"key":"Poison Potion"},{"floor":8,"key":"Dexterity Potion"}],"is_trial":false,"path_per_floor":["M","?","M","?","M","R","E","M","T","R","E","R","$","M","R","B",null,"M","M","M","M"],"character_chosen":"DEFECT","items_purchased":["Sling"],"campfire_rested":1,"item_purchase_floors":[13],"current_hp_per_floor":[56,61,59,59,53,53,27,23,30,56,29,29,29,21,21,21,71,49,49,9,0],"gold":175,"neow_bonus":"UPGRADE_CARD","is_prod":false,"is_daily":false,"chose_seed":false,"campfire_upgraded":3,"win_rate":0,"timestamp":1567317331,"path_taken":["M","?","M","?","M","R","E","M","T","R","E","R","$","M","R","BOSS","M","M","?","M"],"build_version":"2019-07-17","purchased_purges":0,"victory":false,"max_hp_per_floor":[71,76,81,81,81,81,81,81,88,88,88,88,88,88,88,88,88,88,88,88,88],"card_choices":[{"not_picked":["Stack","Hologram"],"picked":"Compile Driver","floor":1},{"not_picked":["Gash","Turbo"],"picked":"Capacitor","floor":3},{"not_picked":["Conserve Battery","Force Field"],"picked":"Cold Snap","floor":5},{"not_picked":["Ball Lightning","Barrage"],"picked":"Seek","floor":7},{"not_picked":["Go for the Eyes","Hologram"],"picked":"Streamline","floor":8},{"not_picked":["White Noise","Scrape"],"picked":"Barrage","floor":11},{"not_picked":["Streamline","Steam Power"],"picked":"Coolheaded","floor":14},{"not_picked":["Reboot","Creative AI"],"picked":"Machine Learning","floor":16},{"not_picked":["Redo","Hologram"],"picked":"Stack","floor":18},{"not_picked":["Stack","Gash"],"picked":"Hologram","floor":19},{"not_picked":["Gash","Beam Cell"],"picked":"Cold Snap","floor":20}],"player_experience":1927053,"relics_obtained":[{"floor":7,"key":"Bag of Marbles"},{"floor":9,"key":"Strawberry"},{"floor":11,"key":"Lantern"}],"event_choices":[{"damage_healed":0,"gold_gain":0,"player_choice":"Donut","damage_taken":0,"max_hp_gain":5,"max_hp_loss":0,"event_name":"Big Fish","floor":2,"gold_loss":0},{"damage_healed":0,"gold_gain":0,"player_choice":"2 cards matched","damage_taken":0,"max_hp_gain":0,"max_hp_loss":0,"event_name":"Match and Keep!","floor":4,"gold_loss":0,"cards_obtained":["Zap","Sunder"]}],"is_beta":false,"boss_relics":[{"not_picked":["Snecko Eye","Calling Bell"],"picked":"Sozu"}],"items_purged_floors":[],"is_endless":false,"potions_floor_spawned":[3,5,8,18,20],"killed_by":"Centurion and Healer","ascension_level":20}