{"gold_per_floor":[216,227,244,394,414,414,426,426,477,89,117,117,117,137,137,137],"floor_reached":16,"playtime":1117,"items_purged":["Doubt"],"score":204,"play_id":"18037161-dce8-4090-a822-ba30afcc6782","local_time":"20190417044941","is_ascension_mode":true,"campfire_choices":[{"data":"Neutralize","floor":6,"key":"SMITH"},{"floor":8,"key":"REST"},{"data":"Poisoned Stab","floor":13,"key":"SMITH"},{"data":"Flechettes","floor":15,"key":"SMITH"}],"neow_cost":"NONE","seed_source_timestamp":385086341259475,"circlet_count":0,"master_deck":["AscendersBane","Defend_G+1","Defend_G","Defend_G","Defend_G","Defend_G","Strike_G","Strike_G","Strike_G","Strike_G","Strike_G","Survivor+1","Neutralize+1","Predator","Poisoned Stab+1","Cloak And Dagger","Blur","Infinite Blades","Dash","PiercingWail","Flechettes+1"],"relics":["Ring of the Snake","Anchor","Sling","Pantograph","War Paint"],"potions_floor_usage":[16],"damage_taken":[{"damage":10,"enemies":"Cultist","floor":1,"turns":6},{"damage":0,"enemies":"2 Louse","floor":2,"turns":3},{"damage":3,"enemies":"Jaw Worm","floor":3,"turns":4},{"damage":2,"enemies":"Blue Slaver","floor":5,"turns":4},{"damage":11,"enemies":"Looter","floor":7,"turns":3},{"damage":12,"enemies":"Lagavulin","floor":11,"turns":5},{"damage":0,"enemies":"3 Louse","floor":14,"turns":3},{"damage":58,"enemies":"Hexaghost","floor":16,"turns":14}],"seed_played":"-2423018867609306353","potions_obtained":[{"floor":3,"key":"Dexterity Potion"},{"floor":7,"key":"Explosive Potion"}],"is_trial":false,"path_per_floor":["M","M","M","?","M","R","M","R","T","$","E","?","R","M","R","B"],"character_chosen":"THE_SILENT","items_purchased":["Sling","Dash"],"campfire_rested":1,"item_purchase_floors":[10,10],"current_hp_per_floor":[49,49,46,46,44,44,33,52,52,52,40,29,29,29,29,0],"gold":137,"neow_bonus":"HUNDRED_GOLD","is_prod":false,"is_daily":false,"chose_seed":false,"campfire_upgraded":3,"win_rate":0,"timestamp":1555490981,"path_taken":["M","M","M","?","M","R","M","R","T","$","E","?","R","M","R","BOSS"],"build_version":"2019-01-23","purchased_purges":1,"victory":false,"max_hp_per_floor":[66,66,66,66,66,66,66,66,66,66,66,66,66,66,66,66],"card_choices":[{"not_picked":["Underhanded Strike","Dagger Spray"],"picked":"Predator","floor":1},{"not_picked":["Acrobatics","Underhanded Strike"],"picked":"Poisoned Stab","floor":2},{"not_picked":["Accuracy","Deflect"],"picked":"Cloak And Dagger","floor":3},{"not_picked":["Dodge and Roll","Acrobatics"],"picked":"Blur","floor":5},{"not_picked":["Choke","Finisher"],"picked":"Infinite Blades","floor":7},{"not_picked":["Distraction","Night Terror"],"picked":"PiercingWail","floor":11},{"not_picked":["Dodge and Roll","Eviscerate"],"picked":"Flechettes","floor":14}],"player_experience":1282291,"relics_obtained":[{"floor":9,"key":"Anchor"},{"floor":11,"key":"Pantograph"}],"event_choices":[{"damage_healed":0,"gold_gain":150,"player_choice":"AGREE","damage_taken":0,"max_hp_gain":0,"max_hp_loss":0,"event_name":"Liars Game","floor":4,"gold_loss":0,"cards_obtained":["Doubt"]},{"damage_healed":0,"gold_gain":0,"player_choice":"Success","damage_taken":11,"relics_obtained":["War Paint"],"max_hp_gain":0,"max_hp_loss":0,"event_name":"Scrap Ooze","floor":12,"gold_loss":0}],"is_beta":false,"boss_relics":[],"items_purged_floors":[10],"is_endless":false,"potions_floor_spawned":[3,7,11],"killed_by":"Hexaghost","ascension_level":20}