{"gold_per_floor":[109,109,119,131,206,206,226,226,226,8,24,69,95,112,112,214,214,224,236,251,265,265,265,282,282,309,209,237,255,255,269,269,269],"floor_reached":33,"playtime":1957,"items_purged":["Doubt","Strike_G"],"score":465,"play_id":"adbe5c7f-5c54-4eb2-a78d-23a741d9bd37","local_time":"20181029044239","is_ascension_mode":true,"campfire_choices":[{"data":"Bane","floor":6,"key":"SMITH"},{"data":"Blur","floor":8,"key":"SMITH"},{"data":"Quick Slash","floor":15,"key":"SMITH"},{"data":"Underhanded Strike","floor":23,"key":"SMITH"},{"data":"Cloak And Dagger","floor":25,"key":"SMITH"},{"data":"Acrobatics","floor":30,"key":"SMITH"},{"floor":32,"key":"REST"}],"neow_cost":"NONE","seed_source_timestamp":114201013798338,"circlet_count":0,"master_deck":["Defend_G","Defend_G","Defend_G","Defend_G","Defend_G","Strike_G","Strike_G","Strike_G","Survivor","Neutralize","Acrobatics+1","Bane+1","Blur+1","Underhanded Strike+1","Quick Slash+1","Cloak And Dagger+1","Infinite Blades+1","Adrenaline","Bouncing Flask+1","Backflip+1","Adrenaline","Infinite Blades+1"],"relics":["Cursed Key","Ninja Scroll","Omamori","Pen Nib","Letter Opener","WristBlade","Lantern","Question Card"],"potions_floor_usage":[16,19,24,28,29,33],"damage_taken":[{"damage":2,"enemies":"Small Slimes","floor":1,"turns":4},{"damage":0,"enemies":"2 Louse","floor":3,"turns":3},{"damage":0,"enemies":"Cultist","floor":4,"turns":4},{"damage":0,"enemies":"Large Slime","floor":7,"turns":6},{"damage":0,"enemies":"Exordium Wildlife","floor":11,"turns":4},{"damage":12,"enemies":"Gremlin Nob","floor":13,"turns":4},{"damage":0,"enemies":"3 Louse","floor":14,"turns":3},{"damage":0,"enemies":"Hexaghost","floor":16,"turns":9},{"damage":0,"enemies":"Chosen","floor":18,"turns":4},{"damage":0,"enemies":"3 Byrds","floor":19,"turns":3},{"damage":13,"enemies":"Snake Plant","floor":20,"turns":3},{"damage":4,"enemies":"Sentry and Sphere","floor":21,"turns":4},{"damage":0,"enemies":"3 Cultists","floor":24,"turns":4},{"damage":4,"enemies":"Slavers","floor":28,"turns":4},{"damage":9,"enemies":"Snake Plant","floor":29,"turns":2},{"damage":0,"enemies":"Snecko","floor":31,"turns":3},{"damage":75,"enemies":"Automaton","floor":33,"turns":6}],"seed_played":"-9221014467596237275","potions_obtained":[{"floor":1,"key":"PowerPotion"},{"floor":14,"key":"PowerPotion"},{"floor":16,"key":"Block Potion"},{"floor":18,"key":"Poison Potion"},{"floor":20,"key":"Strength Potion"},{"floor":28,"key":"Strength Potion"}],"is_trial":false,"path_per_floor":["M","?","M","M","?","R","M","R","T","$","M","T","E","M","R","B",null,"M","M","M","M","?","R","M","R","T","$","E","M","R","M","R"],"character_chosen":"THE_SILENT","items_purchased":["Omamori"],"campfire_rested":1,"item_purchase_floors":[10],"current_hp_per_floor":[61,54,54,54,43,43,43,43,43,43,43,43,31,31,31,31,60,60,60,47,43,43,43,43,43,43,43,39,30,30,30,51,0],"gold":269,"neow_bonus":"BOSS_RELIC","is_prod":false,"is_daily":false,"chose_seed":false,"campfire_upgraded":6,"win_rate":0,"timestamp":1540802559,"path_taken":["M","?","M","M","?","R","M","R","T","$","M","?","E","M","R","BOSS","M","M","M","M","?","R","M","R","T","$","E","M","R","M","R","BOSS"],"build_version":"2018-10-25v2","purchased_purges":2,"victory":false,"max_hp_per_floor":[70,70,70,70,70,70,70,70,70,70,70,70,70,70,70,70,70,70,70,70,70,70,70,70,70,70,70,70,70,70,70,70,70],"card_choices":[{"not_picked":["Crippling Poison","Cloak And Dagger"],"picked":"Acrobatics","floor":1},{"not_picked":["Backstab","Acrobatics"],"picked":"Bane","floor":3},{"not_picked":["Setup","Predator"],"picked":"Blur","floor":4},{"not_picked":["Endless Agony","Finisher"],"picked":"Underhanded Strike","floor":7},{"not_picked":["Prepared","Well Laid Plans"],"picked":"Quick Slash","floor":11},{"not_picked":["Dagger Spray","Prepared"],"picked":"Cloak And Dagger","floor":13},{"not_picked":["Phantasmal Killer","Dodge and Roll"],"picked":"Infinite Blades","floor":14},{"not_picked":["Tools of the Trade","Malaise"],"picked":"Adrenaline","floor":16},{"not_picked":["Blade Dance","Cloak And Dagger"],"picked":"Bouncing Flask+1","floor":18},{"not_picked":["Deadly Poison","Acrobatics+1"],"picked":"Backflip+1","floor":19},{"not_picked":["Acrobatics","Deadly Poison","Footwork"],"picked":"SKIP","floor":20},{"not_picked":["Acrobatics","Dodge and Roll","Outmaneuver+1"],"picked":"SKIP","floor":21},{"not_picked":["Distraction","Prepared+1"],"picked":"Adrenaline","floor":24},{"not_picked":["Slice","Underhanded Strike+1","Dash"],"picked":"SKIP","floor":28},{"not_picked":["Backstab","Caltrops","Outmaneuver","Dodge and Roll"],"picked":"SKIP","floor":29},{"not_picked":["Skewer","Predator+1","Outmaneuver"],"picked":"Infinite Blades+1","floor":31}],"player_experience":563692,"relics_obtained":[{"floor":9,"key":"Ninja Scroll"},{"floor":12,"key":"Pen Nib"},{"floor":13,"key":"Letter Opener"},{"floor":26,"key":"Lantern"},{"floor":28,"key":"Question Card"}],"event_choices":[{"cards_removed":["Strike_G"],"damage_healed":0,"gold_gain":0,"player_choice":"Card Removal","damage_taken":7,"max_hp_gain":0,"max_hp_loss":0,"event_name":"Golden Wing","floor":2,"gold_loss":0},{"damage_healed":0,"gold_gain":75,"player_choice":"Gather Gold","damage_taken":11,"max_hp_gain":0,"max_hp_loss":0,"event_name":"World of Goop","floor":5,"gold_loss":0},{"damage_healed":0,"gold_gain":0,"player_choice":"Upgraded","damage_taken":0,"max_hp_gain":0,"max_hp_loss":0,"event_name":"Upgrade Shrine","floor":22,"gold_loss":0,"cards_upgraded":["Infinite Blades"]}],"is_beta":false,"boss_relics":[{"not_picked":["White Beast Statue","Black Star"],"picked":"WristBlade"}],"items_purged_floors":[10,27],"is_endless":false,"potions_floor_spawned":[1,14,16,18,20,21,28],"killed_by":"Automaton","ascension_level":9}