{"gold_per_floor":[115,135,310,260,28,57,57,87,87,87,103,1,19,38,38,134,134,146,146,146,146,22,22,47,62,62,62],"floor_reached":27,"playtime":1774,"items_purged":[],"score":251,"play_id":"92293d5d-30c0-4d36-b59a-1fe8574005ed","local_time":"20190326070057","is_ascension_mode":true,"campfire_choices":[{"data":"Perfected Strike","floor":15,"key":"SMITH"},{"data":"Rupture","floor":23,"key":"SMITH"}],"neow_cost":"CURSE","seed_source_timestamp":40630199977011,"circlet_count":0,"master_deck":["Strike_R","Strike_R","Strike_R","Strike_R","Strike_R","Defend_R","Defend_R","Defend_R","Defend_R","Bash","Exhume","Perfected Strike+1","Headbutt","Rage","Shrug It Off","Inflame","Warcry","Rage","Combust","Flex","Warcry","Double Tap+1","Anger","J.A.X.","RitualDagger","Rupture+1","Perfected Strike","Heavy Blade","Seeing Red"],"relics":["Burning Blood","PreservedInsect","Mercury Hourglass","Vajra","Self Forming Clay","White Beast Statue","Dodecahedron","Bronze Scales"],"potions_floor_usage":[8,16,16,24],"damage_taken":[{"damage":5,"enemies":"2 Louse","floor":1,"turns":3},{"damage":5,"enemies":"Jaw Worm","floor":2,"turns":4},{"damage":10,"enemies":"Gremlin Nob","floor":6,"turns":3},{"damage":1,"enemies":"3 Sentries","floor":8,"turns":4},{"damage":0,"enemies":"Small Slimes","floor":11,"turns":2},{"damage":8,"enemies":"3 Louse","floor":13,"turns":2},{"damage":10,"enemies":"Gremlin Gang","floor":14,"turns":3},{"damage":24,"enemies":"Slime Boss","floor":16,"turns":7},{"damage":0,"enemies":"Spheric Guardian","floor":18,"turns":3},{"damage":46,"enemies":"Slavers","floor":24,"turns":6},{"damage":15,"enemies":"3 Byrds","floor":25,"turns":4},{"damage":25,"enemies":"Centurion and Healer","floor":27,"turns":5}],"seed_played":"2817055109206713946","potions_obtained":[{"floor":2,"key":"AttackPotion"},{"floor":8,"key":"Swift Potion"},{"floor":13,"key":"Ancient Potion"},{"floor":18,"key":"Swift Potion"},{"floor":24,"key":"Strength Potion"},{"floor":25,"key":"LiquidBronze"}],"is_trial":false,"path_per_floor":["M","M","?","?","$","E","?","E","T","?","M","$","M","M","R","B",null,"M","?","?","?","$","R","E","M","T","M"],"character_chosen":"IRONCLAD","items_purchased":["Rage","PreservedInsect","Rage","Combust","Rupture","Perfected Strike"],"campfire_rested":0,"item_purchase_floors":[5,5,12,12,22,22],"current_hp_per_floor":[80,80,80,80,80,76,58,63,63,63,69,69,67,63,63,45,80,80,80,74,74,74,74,34,25,25,0],"gold":62,"neow_bonus":"THREE_RARE_CARDS","is_prod":false,"is_daily":false,"chose_seed":false,"campfire_upgraded":2,"win_rate":0,"timestamp":1553547657,"path_taken":["M","M","?","?","$","E","?","E","T","?","?","$","M","M","R","BOSS","M","?","?","?","$","R","E","?","T","M"],"build_version":"2019-01-23","purchased_purges":0,"victory":false,"max_hp_per_floor":[80,80,80,80,80,80,80,80,80,80,80,80,80,80,80,80,80,80,80,80,80,80,80,80,80,80,80],"card_choices":[{"not_picked":["Feed","Fiend Fire"],"picked":"Exhume","floor":0},{"not_picked":["Whirlwind","Pommel Strike"],"picked":"Perfected Strike","floor":1},{"not_picked":["Warcry","Searing Blow"],"picked":"Headbutt","floor":2},{"not_picked":["Uppercut","Armaments"],"picked":"Shrug It Off","floor":6},{"not_picked":["Fire Breathing","Shrug It Off"],"picked":"Inflame","floor":8},{"not_picked":["Exhume","Bloodletting"],"picked":"Warcry","floor":11},{"not_picked":["Shrug It Off","Anger"],"picked":"Flex","floor":13},{"not_picked":["Evolve","Carnage"],"picked":"Warcry","floor":14},{"not_picked":["Brutality","Reaper"],"picked":"Double Tap","floor":16},{"not_picked":["Reckless Charge+1","Perfected Strike"],"picked":"Anger","floor":18},{"not_picked":["Clash","Body Slam"],"picked":"Heavy Blade","floor":24},{"not_picked":["True Grit","Rampage+1"],"picked":"Seeing Red","floor":25}],"player_experience":147337,"relics_obtained":[{"floor":6,"key":"Mercury Hourglass"},{"floor":8,"key":"Self Forming Clay"},{"floor":24,"key":"Dodecahedron"},{"floor":26,"key":"Bronze Scales"}],"event_choices":[{"damage_healed":0,"gold_gain":175,"player_choice":"AGREE","damage_taken":0,"max_hp_gain":0,"max_hp_loss":0,"event_name":"Liars Game","floor":3,"gold_loss":0,"cards_obtained":["Doubt"]},{"cards_removed":["Doubt"],"damage_healed":0,"gold_gain":0,"player_choice":"Card Removal","damage_taken":0,"max_hp_gain":0,"max_hp_loss":0,"event_name":"The Cleric","floor":4,"gold_loss":50},{"damage_healed":0,"gold_gain":0,"player_choice":"Success","damage_taken":18,"relics_obtained":["Vajra"],"max_hp_gain":0,"max_hp_loss":0,"event_name":"Scrap Ooze","floor":7,"gold_loss":0},{"cards_removed":["Doubt"],"damage_healed":0,"gold_gain":0,"player_choice":"Purged","damage_taken":0,"max_hp_gain":0,"max_hp_loss":0,"event_name":"Purifier","floor":10,"gold_loss":0},{"damage_healed":0,"gold_gain":0,"player_choice":"Obtain J.A.X.","damage_taken":0,"max_hp_gain":0,"max_hp_loss":0,"event_name":"Drug Dealer","floor":19,"gold_loss":0,"cards_obtained":["J.A.X."]},{"damage_healed":0,"gold_gain":0,"player_choice":"Joined the Cult","damage_taken":6,"max_hp_gain":0,"max_hp_loss":0,"event_name":"Nest","floor":20,"gold_loss":0,"cards_obtained":["RitualDagger"]},{"damage_healed":0,"gold_gain":0,"player_choice":"Upgraded","damage_taken":0,"max_hp_gain":0,"max_hp_loss":0,"event_name":"Upgrade Shrine","floor":21,"gold_loss":0,"cards_upgraded":["Double Tap"]}],"is_beta":false,"boss_relics":[{"not_picked":["Busted Crown","Coffee Dripper"],"picked":"White Beast Statue"}],"items_purged_floors":[],"is_endless":false,"potions_floor_spawned":[2,8,13,18,24,25],"killed_by":"Centurion and Healer","ascension_level":1}