{"gold_per_floor":[119,130,143,161,176,176,202,202,226,151,199,215,215,231,231,231],"floor_reached":16,"playtime":1159,"items_purged":["Strike_G"],"score":198,"play_id":"3df1a81d-66d2-45e1-abe1-b0ac469f4ec2","local_time":"20181229015543","is_ascension_mode":true,"campfire_choices":[{"data":"Bane","floor":6,"key":"SMITH"},{"floor":8,"key":"REST"},{"data":"Finisher","floor":13,"key":"SMITH"},{"data":"Backflip","floor":15,"key":"SMITH"}],"neow_cost":"NONE","seed_source_timestamp":692889878773869,"circlet_count":0,"master_deck":["AscendersBane","Defend_G","Defend_G","Defend_G+1","Defend_G","Defend_G","Strike_G","Strike_G","Strike_G","Strike_G","Survivor+1","Neutralize+1","Slice","Deadly Poison","Bane+1","Finisher+1","Backflip+1"],"relics":["Ring of the Snake","War Paint","Centennial Puzzle","Dream Catcher"],"potions_floor_usage":[4,7,14,16],"damage_taken":[{"damage":0,"enemies":"Cultist","floor":1,"turns":4},{"damage":0,"enemies":"2 Louse","floor":2,"turns":2},{"damage":0,"enemies":"Small Slimes","floor":3,"turns":3},{"damage":12,"enemies":"Gremlin Gang","floor":4,"turns":7},{"damage":10,"enemies":"3 Louse","floor":5,"turns":5},{"damage":27,"enemies":"3 Sentries","floor":7,"turns":9},{"damage":3,"enemies":"Looter","floor":12,"turns":2},{"damage":0,"enemies":"Exordium Wildlife","floor":14,"turns":4},{"damage":27,"enemies":"Slime Boss","floor":16,"turns":6}],"seed_played":"694658246389523818","potions_obtained":[{"floor":3,"key":"GamblersBrew"},{"floor":4,"key":"PowerPotion"},{"floor":7,"key":"SkillPotion"},{"floor":12,"key":"PowerPotion"}],"is_trial":false,"path_per_floor":["M","M","M","M","M","R","E","R","T","$","T","M","R","M","R","B"],"character_chosen":"THE_SILENT","items_purchased":[],"campfire_rested":1,"item_purchase_floors":[],"current_hp_per_floor":[59,59,59,47,37,37,10,29,29,29,29,26,26,26,26,0],"gold":231,"neow_bonus":"UPGRADE_CARD","is_prod":false,"is_daily":false,"chose_seed":false,"campfire_upgraded":3,"win_rate":0,"timestamp":1546066543,"path_taken":["M","M","M","M","M","R","E","R","T","$","?","M","R","M","R","BOSS"],"build_version":"2018-12-20","purchased_purges":1,"victory":false,"max_hp_per_floor":[66,66,66,66,66,66,66,66,66,66,66,66,66,66,66,66],"card_choices":[{"not_picked":["PiercingWail","Infinite Blades"],"picked":"Slice","floor":1},{"not_picked":["Backflip","PiercingWail"],"picked":"Deadly Poison","floor":2},{"not_picked":["Backflip","Slice","Flechettes"],"picked":"SKIP","floor":3},{"not_picked":["PiercingWail","Prepared"],"picked":"Bane","floor":4},{"not_picked":["Terror","Backflip"],"picked":"Finisher","floor":5},{"not_picked":["Bane","Eviscerate"],"picked":"Backflip","floor":7},{"not_picked":["Corpse Explosion","Underhanded Strike","Poisoned Stab"],"picked":"SKIP","floor":12},{"not_picked":["Slice","Flying Knee","Dagger Spray"],"picked":"SKIP","floor":14}],"player_experience":1080656,"relics_obtained":[{"floor":7,"key":"War Paint"},{"floor":9,"key":"Centennial Puzzle"},{"floor":11,"key":"Dream Catcher"}],"event_choices":[],"is_beta":false,"boss_relics":[],"items_purged_floors":[10],"is_endless":false,"potions_floor_spawned":[3,4,7,12],"killed_by":"Slime Boss","ascension_level":18}