{"gold_per_floor":[117,4,15,30,30,30,65,65,120,154,166,185,185,31,31,31],"floor_reached":16,"playtime":638,"items_purged":["Strike_G"],"score":171,"play_id":"c081c5e2-8a97-4d81-9bc7-3c48f37a04fa","local_time":"20181201224649","is_ascension_mode":true,"campfire_choices":[{"data":"Riddle With Holes","floor":6,"key":"SMITH"},{"floor":13,"key":"REST"},{"floor":15,"key":"REST"}],"neow_cost":"NONE","seed_source_timestamp":86361128653127,"circlet_count":0,"master_deck":["AscendersBane","Defend_G","Defend_G","Defend_G","Defend_G","Defend_G","Strike_G","Strike_G","Strike_G","Strike_G","Survivor","Neutralize","Riddle With Holes+1","Footwork","PiercingWail","Sucker Punch","Dash","Blade Dance","Dodge and Roll"],"relics":["Ring of the Snake","NeowsBlessing","Oddly Smooth Stone","Art of War","Ornamental Fan","PreservedInsect"],"potions_floor_usage":[7],"damage_taken":[{"damage":0,"enemies":"Cultist","floor":1,"turns":1},{"damage":0,"enemies":"Jaw Worm","floor":3,"turns":1},{"damage":0,"enemies":"2 Louse","floor":4,"turns":1},{"damage":25,"enemies":"Gremlin Nob","floor":7,"turns":5},{"damage":25,"enemies":"3 Sentries","floor":10,"turns":12},{"damage":0,"enemies":"Looter","floor":11,"turns":4},{"damage":2,"enemies":"Large Slime","floor":12,"turns":9},{"damage":56,"enemies":"Slime Boss","floor":16,"turns":9}],"seed_played":"5438830198458661843","potions_obtained":[{"floor":3,"key":"GamblersBrew"},{"floor":4,"key":"Ancient Potion"}],"is_trial":false,"path_per_floor":["M","$","M","M","?","R","E","?","T","E","M","M","R","$","R","B"],"character_chosen":"THE_SILENT","items_purchased":["Footwork","PreservedInsect"],"campfire_rested":2,"item_purchase_floors":[2,14],"current_hp_per_floor":[63,63,63,63,63,63,38,38,38,13,13,11,32,32,53,0],"gold":31,"neow_bonus":"THREE_ENEMY_KILL","is_prod":false,"is_daily":false,"chose_seed":false,"campfire_upgraded":1,"win_rate":0,"timestamp":1543722409,"path_taken":["M","$","?","M","?","R","E","?","T","E","M","M","R","$","R","BOSS"],"build_version":"2018-11-15","purchased_purges":1,"victory":false,"max_hp_per_floor":[70,70,70,70,70,70,70,70,70,70,70,70,70,70,70,70],"card_choices":[{"not_picked":["Bane","Dagger Spray"],"picked":"Riddle With Holes","floor":1},{"not_picked":["Deflect","Corpse Explosion"],"picked":"PiercingWail","floor":3},{"not_picked":["Cloak And Dagger","Slice"],"picked":"Sucker Punch","floor":4},{"not_picked":["Flying Knee","Skewer"],"picked":"Dash","floor":7},{"not_picked":["Skewer","Infinite Blades"],"picked":"Blade Dance","floor":10},{"not_picked":["Quick Slash","Slice","Underhanded Strike"],"picked":"SKIP","floor":11},{"not_picked":["Tactician","Finisher"],"picked":"Dodge and Roll","floor":12}],"player_experience":746427,"relics_obtained":[{"floor":7,"key":"Oddly Smooth Stone"},{"floor":9,"key":"Art of War"},{"floor":10,"key":"Ornamental Fan"}],"event_choices":[{"damage_healed":0,"gold_gain":0,"player_choice":"Leave","damage_taken":0,"max_hp_gain":0,"max_hp_loss":0,"event_name":"The Cleric","floor":5,"gold_loss":0},{"damage_healed":0,"gold_gain":0,"player_choice":"Ignored","damage_taken":0,"max_hp_gain":0,"max_hp_loss":0,"event_name":"Liars Game","floor":8,"gold_loss":0}],"is_beta":false,"boss_relics":[],"items_purged_floors":[2],"is_endless":false,"potions_floor_spawned":[3,4],"killed_by":"Slime Boss","ascension_level":11}