{"gold_per_floor":[118,132,132,132,146,146,160,178,178,194,221,239,255,271,271,369,369,383,383,396,3,23,23,43,43,128,160,160,170,183,196,196,296,296,314,340,340,340,340,340,367,367,392,417,435,454,473,505,505,505],"floor_reached":51,"playtime":2291,"items_purged":[],"score":1067,"play_id":"41d3187e-d93f-4365-95b9-39797dbd756e","local_time":"20190603105911","is_ascension_mode":true,"campfire_choices":[{"data":"Neutralize","floor":6,"key":"SMITH"},{"floor":15,"key":"REST"},{"floor":23,"key":"REST"},{"floor":25,"key":"REST"},{"data":"Sucker Punch","floor":28,"key":"SMITH"},{"floor":32,"key":"REST"},{"floor":40,"key":"REST"},{"floor":42,"key":"REST"},{"floor":49,"key":"REST"}],"neow_cost":"NONE","seed_source_timestamp":62386197019220,"circlet_count":0,"master_deck":["Defend_G","Defend_G","Defend_G","Defend_G","Strike_G","Strike_G","Strike_G","Strike_G","Strike_G","Survivor","Neutralize+1","All Out Attack","Sucker Punch+1","Finisher","Well Laid Plans","PiercingWail","Dagger Throw","Footwork","Cloak And Dagger","Heel Hook","A Thousand Cuts","Envenom","Footwork","Quick Slash","Die Die Die+1","Acrobatics","Backflip","Predator+1","Deflect","Masterful Stab+1","Phantasmal Killer","PiercingWail+1","Violence","Blade Dance+1","Prepared+1","Distraction","Dagger Throw+1","Finisher+1"],"relics":["Ring of the Snake","Bag of Marbles","WarpedTongs","Letter Opener","Ninja Scroll","Sozu","Spirit Poop","Molten Egg 2","Tiny Chest","Pear","Fusion Hammer","Happy Flower","Kunai","Bag of Preparation","Lantern","Pen Nib","Bronze Scales"],"potions_floor_usage":[11,16,50,50],"damage_taken":[{"damage":0,"enemies":"Cultist","floor":1,"turns":3},{"damage":0,"enemies":"2 Louse","floor":2,"turns":3},{"damage":3,"enemies":"Small Slimes","floor":5,"turns":2},{"damage":8,"enemies":"Looter","floor":7,"turns":2},{"damage":4,"enemies":"3 Louse","floor":8,"turns":3},{"damage":0,"enemies":"Lots of Slimes","floor":10,"turns":1},{"damage":20,"enemies":"3 Sentries","floor":11,"turns":6},{"damage":2,"enemies":"2 Fungi Beasts","floor":12,"turns":2},{"damage":0,"enemies":"Red Slaver","floor":13,"turns":2},{"damage":2,"enemies":"Blue Slaver","floor":14,"turns":2},{"damage":28,"enemies":"Hexaghost","floor":16,"turns":11},{"damage":0,"enemies":"2 Thieves","floor":18,"turns":1},{"damage":21,"enemies":"Shell Parasite","floor":20,"turns":6},{"damage":18,"enemies":"Snake Plant","floor":22,"turns":5},{"damage":8,"enemies":"Centurion and Healer","floor":24,"turns":6},{"damage":8,"enemies":"Slavers","floor":27,"turns":5},{"damage":0,"enemies":"Shelled Parasite and Fungi","floor":29,"turns":2},{"damage":5,"enemies":"Snecko","floor":30,"turns":3},{"damage":21,"enemies":"Sentry and Sphere","floor":31,"turns":5},{"damage":48,"enemies":"Champ","floor":33,"turns":12},{"damage":8,"enemies":"Orb Walker","floor":35,"turns":3},{"damage":14,"enemies":"Giant Head","floor":41,"turns":7},{"damage":1,"enemies":"3 Darklings","floor":45,"turns":3},{"damage":16,"enemies":"Maw","floor":46,"turns":6},{"damage":3,"enemies":"Jaw Worm Horde","floor":47,"turns":3},{"damage":26,"enemies":"Reptomancer","floor":48,"turns":6},{"damage":53,"enemies":"Donu and Deca","floor":50,"turns":9}],"seed_played":"4102459914717353725","potions_obtained":[{"floor":1,"key":"Explosive Potion"},{"floor":2,"key":"Weak Potion"},{"floor":5,"key":"LiquidBronze"},{"floor":11,"key":"SpeedPotion"}],"is_trial":false,"path_per_floor":["M","M","?","?","M","R","M","M","T","M","E","M","M","M","R","B",null,"M","?","M","$","M","R","M","R","T","E","R","M","M","M","R","B",null,"M","T","?","?","T","R","E","R","T","T","M","M","M","E","R","B",null],"character_chosen":"THE_SILENT","items_purchased":["Molten Egg 2","Die Die Die+1"],"campfire_rested":7,"item_purchase_floors":[21,21],"current_hp_per_floor":[63,63,63,63,60,60,52,48,48,48,28,26,26,24,45,17,57,57,57,36,36,18,39,31,52,52,54,54,54,49,28,52,4,61,53,53,53,53,53,77,63,80,80,80,79,63,60,34,58,5],"gold":505,"neow_bonus":"RANDOM_COMMON_RELIC","is_prod":false,"is_daily":false,"chose_seed":false,"campfire_upgraded":2,"win_rate":0,"timestamp":1559523551,"path_taken":["M","M","?","?","M","R","M","M","T","?","E","M","M","M","R","BOSS","M","?","M","$","?","R","M","R","T","E","R","M","M","M","R","BOSS","M","?","?","?","?","R","E","R","T","?","M","M","M","E","R","BOSS"],"build_version":"2019-01-23","purchased_purges":0,"victory":true,"max_hp_per_floor":[70,70,70,70,70,70,70,70,70,70,70,70,70,70,70,70,70,70,70,70,70,70,70,70,70,70,80,80,80,80,80,80,80,80,80,80,80,80,80,80,80,80,80,80,80,80,80,80,80,80],"card_choices":[{"not_picked":["Deflect","Deadly Poison"],"picked":"All Out Attack","floor":1},{"not_picked":["Deadly Poison","Riddle With Holes"],"picked":"Sucker Punch","floor":2},{"not_picked":["Infinite Blades","Underhanded Strike"],"picked":"Finisher","floor":5},{"not_picked":["Deflect","Dagger Spray"],"picked":"Well Laid Plans","floor":7},{"not_picked":["Distraction","Infinite Blades"],"picked":"PiercingWail","floor":8},{"not_picked":["Slice","Flying Knee"],"picked":"Dagger Throw","floor":10},{"not_picked":["Deflect","Blade Dance"],"picked":"Footwork","floor":11},{"not_picked":["Acrobatics","Blade Dance"],"picked":"Cloak And Dagger","floor":12},{"not_picked":["Slice","Deflect"],"picked":"Heel Hook","floor":13},{"not_picked":["Eviscerate","Deadly Poison"],"picked":"A Thousand Cuts","floor":14},{"not_picked":["Storm of Steel","Bullet Time"],"picked":"Envenom","floor":16},{"not_picked":["Reflex","Infinite Blades+1"],"picked":"Footwork","floor":18},{"not_picked":["Poisoned Stab","Deadly Poison+1"],"picked":"Quick Slash","floor":20},{"not_picked":["Infinite Blades","Riddle With Holes+1"],"picked":"Acrobatics","floor":22},{"not_picked":["Endless Agony+1","Blade Dance+1"],"picked":"Backflip","floor":24},{"not_picked":["Prepared","Endless Agony+1"],"picked":"Predator+1","floor":27},{"not_picked":["Predator+1","Concentrate"],"picked":"Deflect","floor":29},{"not_picked":["Underhanded Strike+1","Flying Knee+1","Skewer+1"],"picked":"SKIP","floor":30},{"not_picked":["Heel Hook+1","Infinite Blades"],"picked":"Masterful Stab+1","floor":31},{"not_picked":["Night Terror","Glass Knife+1"],"picked":"Phantasmal Killer","floor":33},{"not_picked":["Deflect","Underhanded Strike+1"],"picked":"PiercingWail+1","floor":35},{"not_picked":["Sadistic Nature","The Bomb"],"picked":"Violence","floor":37},{"not_picked":["Poisoned Stab+1","PiercingWail+1"],"picked":"Blade Dance+1","floor":41},{"not_picked":["Reflex","Flying Knee+1"],"picked":"Prepared+1","floor":45},{"not_picked":["Flying Knee+1","Concentrate+1"],"picked":"Distraction","floor":46},{"not_picked":["Sucker Punch+1","Storm of Steel"],"picked":"Dagger Throw+1","floor":47},{"not_picked":["Backflip+1","Slice+1"],"picked":"Finisher+1","floor":48}],"player_experience":808831,"relics_obtained":[{"floor":9,"key":"Letter Opener"},{"floor":11,"key":"Ninja Scroll"},{"floor":26,"key":"Tiny Chest"},{"floor":27,"key":"Pear"},{"floor":36,"key":"Happy Flower"},{"floor":39,"key":"Kunai"},{"floor":41,"key":"Bag of Preparation"},{"floor":43,"key":"Lantern"},{"floor":44,"key":"Pen Nib"},{"floor":48,"key":"Bronze Scales"}],"event_choices":[{"damage_healed":0,"gold_gain":0,"player_choice":"Leave","damage_taken":0,"max_hp_gain":0,"max_hp_loss":0,"event_name":"The Cleric","floor":3,"gold_loss":0},{"damage_healed":0,"gold_gain":0,"player_choice":"Rummage","damage_taken":0,"relics_obtained":["WarpedTongs"],"max_hp_gain":0,"max_hp_loss":0,"event_name":"Accursed Blacksmith","floor":4,"gold_loss":0,"cards_obtained":["Pain"]},{"cards_removed":["Pain"],"damage_healed":0,"gold_gain":0,"player_choice":"Offered Curse","damage_taken":0,"relics_obtained":["Spirit Poop"],"max_hp_gain":0,"max_hp_loss":0,"event_name":"Bonfire Elementals","floor":19,"gold_loss":0},{"damage_healed":0,"gold_gain":0,"player_choice":"Memory 1","damage_taken":0,"max_hp_gain":0,"max_hp_loss":0,"event_name":"SensoryStone","floor":37,"gold_loss":0},{"cards_removed":["Defend_G"],"damage_healed":0,"gold_gain":0,"player_choice":"Removed Skill","damage_taken":0,"max_hp_gain":0,"max_hp_loss":0,"event_name":"Falling","floor":38,"gold_loss":0}],"is_beta":false,"boss_relics":[{"not_picked":["HoveringKite","Calling Bell"],"picked":"Sozu"},{"not_picked":["Busted Crown","Orrery"],"picked":"Fusion Hammer"}],"items_purged_floors":[],"is_endless":false,"potions_floor_spawned":[1,2,5,11,12,18,22,29,45,46],"ascension_level":9}