{"gold_per_floor":[10,25,36,36,1,1,15,15,15,26,26,42,77,77,77,174,174,194,204,215,215,230,230,25,50,50,50],"floor_reached":27,"playtime":8762,"items_purged":[],"score":329,"play_id":"36b33084-5db6-4597-af06-62d37e9becb6","local_time":"20190601084614","is_ascension_mode":true,"campfire_choices":[{"data":"Neutralize","floor":6,"key":"SMITH"},{"data":"Dagger Spray","floor":8,"key":"SMITH"},{"data":"Neutralize","floor":15,"key":"SMITH"},{"floor":23,"key":"REST"}],"neow_cost":"NO_GOLD","seed_source_timestamp":37341192787264,"circlet_count":0,"master_deck":["Defend_G","Defend_G","Defend_G","Defend_G","Defend_G","Strike_G","Strike_G","Strike_G","Strike_G","Strike_G","Survivor","Neutralize+1","Deadly Poison","Dagger Spray+1","Distraction","All Out Attack","Bane","Backflip","Cloak And Dagger","Neutralize+1","Die Die Die","Quick Slash+1","Prepared+1","Outmaneuver+1","Sucker Punch+1","PiercingWail"],"relics":["Ring of the Serpent","FossilizedHelix","Dead Branch","Peace Pipe","Regal Pillow","Medical Kit","WingedGreaves","Girya"],"potions_floor_usage":[12,18,20,22,25,25],"damage_taken":[{"damage":3,"enemies":"Jaw Worm","floor":1,"turns":7},{"damage":0,"enemies":"Small Slimes","floor":2,"turns":2},{"damage":2,"enemies":"Cultist","floor":3,"turns":4},{"damage":0,"enemies":"Blue Slaver","floor":7,"turns":5},{"damage":0,"enemies":"Red Slaver","floor":10,"turns":2},{"damage":0,"enemies":"Large Slime","floor":12,"turns":4},{"damage":10,"enemies":"3 Sentries","floor":13,"turns":6},{"damage":25,"enemies":"Slime Boss","floor":16,"turns":11},{"damage":13,"enemies":"Spheric Guardian","floor":18,"turns":7},{"damage":0,"enemies":"Chosen","floor":19,"turns":5},{"damage":0,"enemies":"Centurion and Healer","floor":20,"turns":3},{"damage":54,"enemies":"Cultist and Chosen","floor":22,"turns":9},{"damage":41,"enemies":"Book of Stabbing","floor":25,"turns":8},{"damage":8,"enemies":"Snake Plant","floor":27,"turns":1}],"seed_played":"211729630064466323","potions_obtained":[{"floor":1,"key":"Fire Potion"},{"floor":12,"key":"EssenceOfSteel"},{"floor":13,"key":"Weak Potion"},{"floor":16,"key":"Block Potion"},{"floor":18,"key":"Block Potion"},{"floor":22,"key":"SteroidPotion"}],"is_trial":false,"path_per_floor":["M","M","M","?","?","R","M","R","T","M","$","M","E","?","R","B",null,"M","M","M","?","M","R","$","E","T","M"],"character_chosen":"THE_SILENT","items_purchased":["Medical Kit"],"campfire_rested":1,"item_purchase_floors":[24],"current_hp_per_floor":[74,74,72,60,81,81,81,81,81,81,81,81,71,71,71,46,75,62,62,62,62,8,48,48,7,7,0],"gold":50,"neow_bonus":"TWENTY_PERCENT_HP_BONUS","is_prod":false,"is_daily":false,"chose_seed":false,"campfire_upgraded":3,"win_rate":0,"timestamp":1559342774,"path_taken":["M","M","M","?","?","R","M","R","T","M","$","M","E","?","R","BOSS","M","?","M","?","M","R","$","E","T","M"],"build_version":"2019-01-23","purchased_purges":0,"victory":false,"max_hp_per_floor":[84,84,84,84,84,84,84,84,84,84,84,84,84,84,84,84,84,84,84,84,84,84,84,84,84,84,84],"card_choices":[{"not_picked":["Choke","Slice"],"picked":"Deadly Poison","floor":1},{"not_picked":["Dagger Throw","Prepared"],"picked":"Dagger Spray","floor":2},{"not_picked":["Blade Dance","Flying Knee"],"picked":"Distraction","floor":3},{"not_picked":["Blade Dance","Tactician"],"picked":"All Out Attack","floor":7},{"not_picked":["Flechettes","Setup"],"picked":"Bane","floor":10},{"not_picked":["PiercingWail","Flying Knee"],"picked":"Backflip","floor":12},{"not_picked":["Die Die Die","Deflect"],"picked":"Cloak And Dagger","floor":13},{"not_picked":["Doppelganger","Glass Knife"],"picked":"Die Die Die","floor":16},{"not_picked":["Flying Knee","Bane+1"],"picked":"Quick Slash+1","floor":18},{"not_picked":["Flechettes+1","Deflect"],"picked":"Prepared+1","floor":19},{"not_picked":["Deflect","Finisher"],"picked":"Outmaneuver+1","floor":20},{"not_picked":["Quick Slash","Outmaneuver+1"],"picked":"Sucker Punch+1","floor":22},{"not_picked":["Masterful Stab","Backflip"],"picked":"PiercingWail","floor":25}],"player_experience":760463,"relics_obtained":[{"floor":9,"key":"Dead Branch"},{"floor":13,"key":"Peace Pipe"},{"floor":21,"key":"Regal Pillow"},{"floor":25,"key":"WingedGreaves"},{"floor":26,"key":"Girya"}],"event_choices":[{"damage_healed":0,"gold_gain":0,"player_choice":"Success","damage_taken":12,"relics_obtained":["FossilizedHelix"],"max_hp_gain":0,"max_hp_loss":0,"event_name":"Scrap Ooze","floor":4,"gold_loss":0},{"damage_healed":21,"gold_gain":0,"player_choice":"Healed","damage_taken":0,"max_hp_gain":0,"max_hp_loss":0,"event_name":"The Cleric","floor":5,"gold_loss":35},{"damage_healed":0,"gold_gain":0,"player_choice":"1 cards matched","damage_taken":0,"max_hp_gain":0,"max_hp_loss":0,"event_name":"Match and Keep!","floor":14,"gold_loss":0,"cards_obtained":["Neutralize"]},{"damage_healed":0,"gold_gain":0,"player_choice":"Relic","damage_taken":0,"max_hp_gain":0,"max_hp_loss":0,"event_name":"Wheel of Change","floor":21,"gold_loss":0}],"is_beta":false,"boss_relics":[{"not_picked":["Sozu","Fusion Hammer"],"picked":"Ring of the Serpent"}],"items_purged_floors":[],"is_endless":false,"potions_floor_spawned":[1,12,13,16,18,22],"killed_by":"Snake Plant","ascension_level":8}