{"gold_per_floor":[114,114,131,151,151,151,209,209,235,41,53,69,69,89,89,190,190,201,54,70,70,44,44,44,44,44,44,59,59,77,77,77,77],"floor_reached":33,"playtime":1235,"items_purged":[],"score":331,"play_id":"96ef9d78-8d99-4b2b-a22a-7acd6c78847d","local_time":"20190516225247","is_ascension_mode":true,"campfire_choices":[{"data":"Wild Strike","floor":6,"key":"SMITH"},{"data":"Pommel Strike","floor":8,"key":"SMITH"},{"data":"Bloodletting","floor":15,"key":"SMITH"},{"data":"Burning Pact","floor":23,"key":"SMITH"},{"data":"Shockwave","floor":25,"key":"SMITH"},{"data":"Flex","floor":27,"key":"SMITH"},{"floor":29,"key":"REST"},{"floor":32,"key":"REST"}],"neow_cost":"NONE","seed_source_timestamp":5660837572859,"circlet_count":0,"master_deck":["Defend_R","Defend_R","Defend_R","Defend_R","Bash+1","Wild Strike+1","Pommel Strike+1","Headbutt","Thunderclap","Shockwave+1","Armaments+1","Bloodletting+1","Fiend Fire","Metallicize+1","Burning Pact+1","Shame","Flex+1","Clumsy","Rampage","Sword Boomerang+1","Bite","Bite","Bite","Bite","Bite"],"relics":["Burning Blood","NeowsBlessing","Tiny Chest","Juzu Bracelet","OrangePellets","Cursed Key","Vajra","Sundial","Strawberry","Smiling Mask"],"potions_floor_usage":[30,33,33],"damage_taken":[{"damage":0,"enemies":"2 Louse","floor":1,"turns":1},{"damage":0,"enemies":"Cultist","floor":3,"turns":1},{"damage":0,"enemies":"Small Slimes","floor":4,"turns":1},{"damage":31,"enemies":"Gremlin Nob","floor":7,"turns":4},{"damage":8,"enemies":"Gremlin Gang","floor":11,"turns":4},{"damage":10,"enemies":"Lots of Slimes","floor":12,"turns":3},{"damage":1,"enemies":"3 Louse","floor":14,"turns":2},{"damage":47,"enemies":"Slime Boss","floor":16,"turns":10},{"damage":22,"enemies":"Spheric Guardian","floor":18,"turns":4},{"damage":10,"enemies":"Shell Parasite","floor":20,"turns":4},{"damage":38,"enemies":"Sentry and Sphere","floor":28,"turns":6},{"damage":25,"enemies":"Centurion and Healer","floor":30,"turns":5},{"damage":90,"enemies":"Champ","floor":33,"turns":10}],"seed_played":"3002112305590388110","potions_obtained":[{"floor":4,"key":"SmokeBomb"},{"floor":5,"key":"EssenceOfSteel"},{"floor":5,"key":"Ancient Potion"},{"floor":30,"key":"EssenceOfSteel"}],"is_trial":false,"path_per_floor":["M","?","M","M","?","R","E","R","T","$","M","M","?","M","R","B",null,"M","$","M","?","$","R","?","R","T","R","M","R","M","?","R","B"],"character_chosen":"IRONCLAD","items_purchased":["OrangePellets","Vajra","Flex"],"campfire_rested":2,"item_purchase_floors":[10,19,22],"current_hp_per_floor":[80,80,80,80,80,80,55,55,55,55,53,49,49,54,54,13,63,47,47,43,43,43,43,50,50,50,50,18,44,25,25,43,0],"gold":77,"neow_bonus":"THREE_ENEMY_KILL","is_prod":false,"is_daily":false,"chose_seed":false,"campfire_upgraded":6,"win_rate":0,"timestamp":1558011167,"path_taken":["M","?","M","?","?","R","E","R","T","$","M","M","?","M","R","BOSS","M","?","M","?","$","R","?","R","T","R","M","R","M","?","R","BOSS"],"build_version":"2019-01-23","purchased_purges":0,"victory":false,"max_hp_per_floor":[80,80,80,80,80,80,80,80,80,80,80,80,80,80,80,80,80,80,80,80,80,80,80,87,87,87,87,87,87,87,60,60,60],"card_choices":[{"not_picked":["Perfected Strike","Blood for Blood"],"picked":"Wild Strike","floor":1},{"not_picked":["Dropkick","Body Slam"],"picked":"Pommel Strike","floor":3},{"not_picked":["Pommel Strike","Infernal Blade"],"picked":"Headbutt","floor":4},{"not_picked":["Hemokinesis","Headbutt"],"picked":"Thunderclap","floor":7},{"not_picked":["Reckless Charge","Sword Boomerang"],"picked":"Shockwave","floor":11},{"not_picked":["Thunderclap","Pommel Strike"],"picked":"Armaments","floor":12},{"not_picked":["Perfected Strike","Headbutt"],"picked":"Bloodletting","floor":14},{"not_picked":["Dark Embrace","Double Tap"],"picked":"Fiend Fire","floor":16},{"not_picked":["Blood for Blood","Hemokinesis"],"picked":"Metallicize+1","floor":18},{"not_picked":["Perfected Strike+1","True Grit"],"picked":"Burning Pact","floor":20},{"not_picked":["Clothesline","Fire Breathing+1"],"picked":"Rampage","floor":28},{"not_picked":["Twin Strike","Shockwave+1"],"picked":"Sword Boomerang+1","floor":30}],"player_experience":628721,"relics_obtained":[{"floor":7,"key":"Tiny Chest"},{"floor":9,"key":"Juzu Bracelet"},{"floor":26,"key":"Smiling Mask"}],"event_choices":[{"damage_healed":0,"gold_gain":0,"player_choice":"Forge","damage_taken":0,"max_hp_gain":0,"max_hp_loss":0,"event_name":"Accursed Blacksmith","floor":2,"gold_loss":0,"cards_upgraded":["Bash"]},{"damage_healed":0,"gold_gain":0,"player_choice":"Got Potions","damage_taken":0,"max_hp_gain":0,"max_hp_loss":0,"event_name":"Lab","floor":5,"gold_loss":0},{"damage_healed":0,"gold_gain":0,"player_choice":"Upgraded","damage_taken":0,"max_hp_gain":0,"max_hp_loss":0,"event_name":"Upgrade Shrine","floor":13,"gold_loss":0,"cards_upgraded":["Armaments"]},{"damage_healed":0,"gold_gain":0,"player_choice":"Stole Relic","damage_taken":0,"relics_obtained":["Sundial"],"max_hp_gain":0,"max_hp_loss":0,"event_name":"Addict","floor":21,"gold_loss":0,"cards_obtained":["Shame"]},{"damage_healed":0,"gold_gain":0,"player_choice":"Opened","damage_taken":0,"relics_obtained":["Strawberry"],"max_hp_gain":0,"max_hp_loss":0,"event_name":"The Mausoleum","floor":24,"gold_loss":0},{"damage_healed":0,"gold_gain":0,"player_choice":"Became a vampire","damage_taken":0,"max_hp_gain":0,"max_hp_loss":27,"event_name":"Vampires","floor":31,"gold_loss":0,"cards_obtained":["Bite","Bite","Bite","Bite","Bite"]}],"is_beta":false,"boss_relics":[{"not_picked":["Busted Crown","Calling Bell"],"picked":"Cursed Key"}],"items_purged_floors":[],"is_endless":false,"potions_floor_spawned":[4,7,30],"killed_by":"Champ","ascension_level":5}