{"gold_per_floor":[109,109,121,138,150,175,175,175,175,175,214,164,164,177,177,302,302,302,302,302,58,58,58,58,58,58,58,58,58,58,58,58,58],"floor_reached":33,"playtime":1772,"items_purged":[],"score":306,"play_id":"3f35bf6f-1ab6-4d93-83cd-4170f4d1e23d","local_time":"20190420234723","is_ascension_mode":true,"campfire_choices":[{"floor":8,"key":"RECALL"},{"floor":10,"key":"REST"},{"floor":13,"key":"REST"},{"data":"Injury","floor":15,"key":"PURGE"},{"floor":23,"key":"REST"},{"floor":25,"key":"REST"},{"floor":28,"key":"REST"},{"data":"Shame","floor":32,"key":"PURGE"}],"neow_cost":"NONE","seed_source_timestamp":34205905067528,"circlet_count":0,"master_deck":["Defend_G","Defend_G","Defend_G","Defend_G","Defend_G","Strike_G","Strike_G","Strike_G","Survivor","Neutralize","Cloak And Dagger","Bullet Time","Quick Slash","Accuracy","Dagger Spray","Dagger Throw","Underhanded Strike","Accuracy","After Image","Deadly Poison","Backflip","Infinite Blades","Dagger Throw","Regret","Adrenaline","Sucker Punch+1","Tactician","Tactician+1","Dodge and Roll+1","Tactician"],"relics":["Fusion Hammer","Mummified Hand","Bloody Idol","Torii","Peace Pipe","Ectoplasm","Dream Catcher","Juzu Bracelet","Anchor","Ornamental Fan","Unceasing Top"],"potions_floor_usage":[14,16,16,30,33],"damage_taken":[{"damage":0,"enemies":"Small Slimes","floor":1,"turns":3},{"damage":0,"enemies":"Jaw Worm","floor":3,"turns":5},{"damage":0,"enemies":"2 Louse","floor":4,"turns":2},{"damage":0,"enemies":"Blue Slaver","floor":5,"turns":6},{"damage":17,"enemies":"Lagavulin","floor":6,"turns":8},{"damage":25,"enemies":"Gremlin Nob","floor":11,"turns":5},{"damage":0,"enemies":"Lots of Slimes","floor":14,"turns":3},{"damage":50,"enemies":"The Guardian","floor":16,"turns":14},{"damage":21,"enemies":"Chosen","floor":18,"turns":7},{"damage":21,"enemies":"Spheric Guardian","floor":20,"turns":6},{"damage":28,"enemies":"Book of Stabbing","floor":24,"turns":6},{"damage":3,"enemies":"Shelled Parasite and Fungi","floor":30,"turns":6},{"damage":12,"enemies":"Slavers","floor":31,"turns":8},{"damage":52,"enemies":"Champ","floor":33,"turns":12}],"seed_played":"540863987955992993","potions_obtained":[{"floor":4,"key":"Energy Potion"},{"floor":11,"key":"SkillPotion"},{"floor":14,"key":"LiquidBronze"},{"floor":16,"key":"Ancient Potion"},{"floor":24,"key":"Explosive Potion"},{"floor":30,"key":"Ancient Potion"},{"floor":31,"key":"SkillPotion"}],"is_trial":false,"path_per_floor":["M","?","M","M","M","E","?","R","T","R","E","?","R","M","R","B",null,"M","?","M","$","?","R","E","R","T","?","R","?","M","E","R","B"],"character_chosen":"THE_SILENT","items_purchased":["Dream Catcher","Infinite Blades","Dagger Throw"],"campfire_rested":5,"item_purchase_floors":[21,21,21],"current_hp_per_floor":[70,70,70,70,70,53,53,53,53,70,45,45,66,66,66,16,70,49,49,28,28,28,49,21,42,42,42,63,63,60,48,48,0],"gold":58,"neow_bonus":"BOSS_RELIC","is_prod":false,"is_daily":false,"chose_seed":false,"campfire_upgraded":0,"win_rate":0,"timestamp":1555768043,"path_taken":["M","?","M","M","M","E","?","R","T","R","E","?","R","M","R","BOSS","M","?","M","$","?","R","E","R","T","?","R","?","M","E","R","BOSS"],"build_version":"2019-01-23","purchased_purges":0,"victory":false,"max_hp_per_floor":[70,70,70,70,70,70,70,70,70,70,70,70,70,70,70,70,70,70,70,70,70,70,70,70,70,70,70,70,70,70,70,70,70],"card_choices":[{"not_picked":["Dagger Spray","Bouncing Flask"],"picked":"Cloak And Dagger","floor":1},{"not_picked":["Slice","Masterful Stab"],"picked":"Quick Slash","floor":3},{"not_picked":["Dagger Spray","Riddle With Holes"],"picked":"Accuracy","floor":4},{"not_picked":["PiercingWail","Tactician"],"picked":"Dagger Spray","floor":5},{"not_picked":["Unload","PiercingWail"],"picked":"Dagger Throw","floor":6},{"not_picked":["Riddle With Holes","Expertise"],"picked":"Underhanded Strike","floor":11},{"not_picked":["Outmaneuver","Sucker Punch"],"picked":"Accuracy","floor":14},{"not_picked":["Wraith Form v2","Glass Knife"],"picked":"After Image","floor":16},{"not_picked":["Underhanded Strike","PiercingWail"],"picked":"Deadly Poison","floor":18},{"not_picked":["Finisher+1","Reflex"],"picked":"Backflip","floor":20},{"not_picked":["Finisher","Dagger Spray+1"],"picked":"Adrenaline","floor":23},{"not_picked":["Catalyst","Concentrate+1"],"picked":"Sucker Punch+1","floor":24},{"not_picked":["Quick Slash+1","Flying Knee"],"picked":"Tactician","floor":25},{"not_picked":["Endless Agony","Quick Slash"],"picked":"Tactician+1","floor":28},{"not_picked":["Skewer+1","Predator+1"],"picked":"Dodge and Roll+1","floor":30},{"not_picked":["Endless Agony+1","Infinite Blades"],"picked":"Tactician","floor":31}],"player_experience":365022,"relics_obtained":[{"floor":6,"key":"Mummified Hand"},{"floor":9,"key":"Torii"},{"floor":11,"key":"Peace Pipe"},{"floor":24,"key":"Juzu Bracelet"},{"floor":26,"key":"Anchor"},{"floor":31,"key":"Unceasing Top"}],"event_choices":[{"damage_healed":0,"gold_gain":0,"cards_transformed":["Strike_G"],"player_choice":"Change","damage_taken":0,"max_hp_gain":0,"max_hp_loss":0,"event_name":"Living Wall","floor":2,"gold_loss":0,"cards_obtained":["Bullet Time"]},{"damage_healed":0,"gold_gain":0,"player_choice":"Take Wound","damage_taken":0,"relics_obtained":["Golden Idol"],"max_hp_gain":0,"max_hp_loss":0,"event_name":"Golden Idol","floor":7,"gold_loss":0,"cards_obtained":["Injury"]},{"cards_removed":["Strike_G"],"damage_healed":0,"gold_gain":0,"player_choice":"Card Removal","damage_taken":0,"max_hp_gain":0,"max_hp_loss":0,"event_name":"The Cleric","floor":12,"gold_loss":50},{"damage_healed":0,"gold_gain":0,"player_choice":"Gave Idol","damage_taken":0,"relics_obtained":["Bloody Idol"],"max_hp_gain":0,"max_hp_loss":0,"event_name":"Forgotten Altar","floor":19,"relics_lost":["Golden Idol"],"gold_loss":0},{"damage_healed":0,"gold_gain":275,"player_choice":"Desecrate","damage_taken":0,"max_hp_gain":0,"max_hp_loss":0,"event_name":"Golden Shrine","floor":22,"gold_loss":0,"cards_obtained":["Regret"]},{"damage_healed":0,"gold_gain":0,"player_choice":"Ignored","damage_taken":0,"max_hp_gain":0,"max_hp_loss":0,"event_name":"Vampires","floor":27,"gold_loss":0},{"damage_healed":0,"gold_gain":0,"player_choice":"Stole Relic","damage_taken":0,"relics_obtained":["Ornamental Fan"],"max_hp_gain":0,"max_hp_loss":0,"event_name":"Addict","floor":29,"gold_loss":0,"cards_obtained":["Shame"]}],"is_beta":false,"boss_relics":[{"not_picked":["Velvet Choker","Philosopher\u0027s Stone"],"picked":"Ectoplasm"}],"items_purged_floors":[],"is_endless":false,"potions_floor_spawned":[4,11,14,16,24,30,31],"killed_by":"Champ","ascension_level":1}