{"gold_per_floor":[109,129,129,144,163,163,88,114,114,114,133,133,159,189,189,189],"floor_reached":16,"playtime":1851,"items_purged":[],"score":209,"play_id":"39d6a45c-5728-4bd5-b415-716938739339","local_time":"20190715142635","is_ascension_mode":true,"campfire_choices":[{"data":"Rage","floor":6,"key":"SMITH"},{"floor":10,"key":"REST"},{"floor":12,"key":"DIG"},{"floor":15,"key":"REST"}],"neow_cost":"NONE","seed_source_timestamp":229322550505294,"circlet_count":0,"master_deck":["AscendersBane","Strike_R","Strike_R","Strike_R","Strike_R","Defend_R","Defend_R","Defend_R","Defend_R","Bash","Brutality","Pommel Strike","Shrug It Off","Rage+1","Sword Boomerang","Power Through","Seeing Red","Offering","Flame Barrier"],"relics":["Burning Blood","Incense Burner","Shovel","Ice Cream","Odd Mushroom","Torii"],"potions_floor_usage":[4,13,16],"damage_taken":[{"damage":12,"enemies":"Cultist","floor":1,"turns":4},{"damage":6,"enemies":"2 Louse","floor":2,"turns":3},{"damage":7,"enemies":"Small Slimes","floor":4,"turns":4},{"damage":15,"enemies":"3 Louse","floor":5,"turns":5},{"damage":54,"enemies":"Gremlin Nob","floor":8,"turns":5},{"damage":3,"enemies":"Blue Slaver","floor":11,"turns":5},{"damage":18,"enemies":"The Mushroom Lair","floor":13,"turns":6},{"damage":24,"enemies":"Lagavulin","floor":14,"turns":8},{"damage":49,"enemies":"Slime Boss","floor":16,"turns":8}],"seed_played":"5068615596764678961","potions_obtained":[{"floor":1,"key":"SmokeBomb"},{"floor":4,"key":"Fruit Juice"},{"floor":8,"key":"SpeedPotion"},{"floor":14,"key":"Explosive Potion"}],"is_trial":false,"path_per_floor":["M","M","?","M","M","R","?","E","T","R","M","R","?","E","R","B"],"character_chosen":"IRONCLAD","items_purchased":[],"campfire_rested":2,"item_purchase_floors":[],"current_hp_per_floor":[62,62,67,71,62,62,62,14,14,39,42,42,30,12,37,0],"gold":189,"neow_bonus":"ONE_RANDOM_RARE_CARD","is_prod":false,"is_daily":false,"chose_seed":false,"campfire_upgraded":1,"win_rate":0,"timestamp":1563215195,"path_taken":["M","M","?","M","M","R","?","E","T","R","M","R","?","E","R","BOSS"],"build_version":"2019-07-05","purchased_purges":0,"victory":false,"max_hp_per_floor":[75,75,80,85,85,85,85,85,85,85,85,85,85,85,85,85],"card_choices":[{"not_picked":["Entrench","Wild Strike"],"picked":"Pommel Strike","floor":1},{"not_picked":["Body Slam","Dropkick"],"picked":"Shrug It Off","floor":2},{"not_picked":["Anger","Body Slam"],"picked":"Rage","floor":4},{"not_picked":["Sentinel","Searing Blow"],"picked":"Sword Boomerang","floor":5},{"not_picked":["Twin Strike","Burning Pact"],"picked":"Power Through","floor":8},{"not_picked":["Second Wind","Pommel Strike"],"picked":"Seeing Red","floor":11},{"not_picked":["Clothesline","Flex"],"picked":"Offering","floor":13},{"not_picked":["Entrench","Second Wind"],"picked":"Flame Barrier","floor":14}],"player_experience":1596614,"relics_obtained":[{"floor":8,"key":"Incense Burner"},{"floor":9,"key":"Shovel"},{"floor":12,"key":"Ice Cream"},{"floor":13,"key":"Odd Mushroom"},{"floor":14,"key":"Torii"}],"event_choices":[{"damage_healed":0,"gold_gain":0,"player_choice":"Donut","damage_taken":0,"max_hp_gain":5,"max_hp_loss":0,"event_name":"Big Fish","floor":3,"gold_loss":0},{"cards_removed":["Strike_R"],"damage_healed":0,"gold_gain":0,"player_choice":"Card Removal","damage_taken":0,"max_hp_gain":0,"max_hp_loss":0,"event_name":"The Cleric","floor":7,"gold_loss":75},{"damage_healed":0,"gold_gain":0,"player_choice":"Fought Mushrooms","damage_taken":0,"max_hp_gain":0,"max_hp_loss":0,"event_name":"Mushrooms","floor":13,"gold_loss":0}],"is_beta":false,"boss_relics":[],"items_purged_floors":[],"is_endless":false,"potions_floor_spawned":[1,4,8,14],"killed_by":"Slime Boss","ascension_level":18}