{"gold_per_floor":[416,491,491,346,346,346,366,366,366,266,277,277,288,302,302,406,406,424,499,302,2,2,29,29,29,97,97,77,88,88,102,102,205,205,216,216,216,236,20,54,54,54,54,87,99,114,134,153,153,153],"floor_reached":51,"playtime":4319,"items_purged":["Strike_G","Defend_G","Defend_G","Strike_G"],"score":1021,"play_id":"17a6e372-f697-4912-b676-08a88140f8df","local_time":"20190820141131","is_ascension_mode":true,"campfire_choices":[{"data":"Well Laid Plans","floor":6.0,"key":"SMITH"},{"data":"Dodge and Roll","floor":8.0,"key":"SMITH"},{"data":"Neutralize","floor":12.0,"key":"SMITH"},{"data":"Skewer","floor":15.0,"key":"SMITH"},{"data":"Bouncing Flask","floor":24.0,"key":"SMITH"},{"data":"Envenom","floor":27.0,"key":"SMITH"},{"data":"Cloak And Dagger","floor":30.0,"key":"SMITH"},{"floor":32.0,"key":"REST"},{"data":"Mayhem","floor":41,"key":"SMITH"},{"floor":49,"key":"REST"}],"neow_cost":"TEN_PERCENT_HP_LOSS","seed_source_timestamp":1489476332100,"circlet_count":0,"master_deck":["Strike_G+1","Defend_G","Defend_G+1","Survivor","Neutralize+1","Dodge and Roll+1","Well Laid Plans+1","After Image","Skewer+1","Envenom+1","Bane","Cloak And Dagger+1","Dash","Bouncing Flask+1","Distraction+1","Corpse Explosion","Noxious Fumes","Mayhem+1","Acrobatics","Finesse","Backflip+1","Noxious Fumes","Backflip+1","Concentrate+1"],"special_seed":0,"relics":["Ring of the Snake","Old Coin","Thread and Needle","Philosopher\u0027s Stone","Ice Cream","Question Card","The Courier","Empty Cage","Art of War","Tough Bandages","Kunai"],"potions_floor_usage":[40,40,45,50],"damage_taken":[{"damage":0.0,"enemies":"Cultist","floor":1.0,"turns":5.0},{"damage":0.0,"enemies":"Jaw Worm","floor":7.0,"turns":5.0},{"damage":0.0,"enemies":"Small Slimes","floor":11.0,"turns":5.0},{"damage":2.0,"enemies":"3 Louse","floor":13.0,"turns":5.0},{"damage":4.0,"enemies":"Exordium Thugs","floor":14.0,"turns":10.0},{"damage":6.0,"enemies":"Hexaghost","floor":16.0,"turns":15.0},{"damage":1.0,"enemies":"Shell Parasite","floor":18.0,"turns":5.0},{"damage":3.0,"enemies":"Book of Stabbing","floor":23.0,"turns":7.0},{"damage":0.0,"enemies":"Chosen","floor":29.0,"turns":4.0},{"damage":0.0,"enemies":"Centurion and Healer","floor":31.0,"turns":5.0},{"damage":28.0,"enemies":"Champ","floor":33.0,"turns":13.0},{"damage":1.0,"enemies":"Orb Walker","floor":35.0,"turns":3.0},{"damage":8.0,"enemies":"3 Shapes","floor":38.0,"turns":5.0},{"damage":0,"enemies":"Reptomancer","floor":40,"turns":6},{"damage":0,"enemies":"Giant Head","floor":44,"turns":8},{"damage":9,"enemies":"Spire Growth","floor":45,"turns":5},{"damage":7,"enemies":"Writhing Mass","floor":46,"turns":7},{"damage":8,"enemies":"Jaw Worm Horde","floor":47,"turns":4},{"damage":15,"enemies":"Transient","floor":48,"turns":5},{"damage":6,"enemies":"Awakened One","floor":50,"turns":12}],"seed_played":"6181425273867540964","potions_obtained":[{"floor":14.0,"key":"SkillPotion"},{"floor":28.0,"key":"GhostInAJar"},{"floor":29.0,"key":"SpeedPotion"},{"floor":31.0,"key":"Energy Potion"},{"floor":33.0,"key":"FearPotion"},{"floor":38.0,"key":"Strength Potion"},{"floor":44,"key":"Fruit Juice"},{"floor":48,"key":"Swift Potion"}],"is_trial":false,"path_per_floor":["M","?","?","$","?","R","M","R","T","$","M","R","M","M","R","B",null,"M","?","$","$","?","E","R","$","T","R","?","M","R","M","R","B",null,"M","?","?","M","$","E","R","$","T","E","M","M","M","M","R","B",null],"character_chosen":"THE_SILENT","items_purchased":["Well Laid Plans","Bane","Cloak And Dagger","Ice Cream","Acrobatics","Finesse"],"campfire_rested":2,"item_purchase_floors":[4,20,20,21,39,39],"current_hp_per_floor":[63,52,52,52,39,39,39,39,39,39,39,39,37,33,33,27,54,53,47,47,47,47,44,44,44,44,44,44,44,44,44,62,34,56,55,55,55,47,47,47,47,47,47,47,43,36,28,13,33,27],"gold":153,"neow_bonus":"ONE_RARE_RELIC","is_prod":false,"is_daily":false,"chose_seed":false,"campfire_upgraded":8,"win_rate":0,"timestamp":1566303091,"path_taken":["M","?","?","$","?","R","M","R","T","$","M","R","M","M","R","BOSS","M","?","?","$","?","E","R","$","T","R","?","M","R","M","R","BOSS","M","?","?","M","$","E","R","$","T","E","M","?","M","M","R","BOSS"],"build_version":"2019-07-17","purchased_purges":4,"victory":true,"max_hp_per_floor":[63,63,63,63,63,63,63,63,63,63,63,63,63,63,63,63,63,63,63,63,63,63,63,63,63,63,63,63,63,63,63,63,63,63,63,63,63,63,63,63,63,63,63,63,68,68,68,68,68,68],"card_choices":[{"not_picked":["Acrobatics","Dagger Spray"],"picked":"Dodge and Roll","floor":1.0},{"not_picked":["Acrobatics","Poisoned Stab","Dagger Throw"],"picked":"SKIP","floor":7.0},{"not_picked":["Riddle With Holes","Dodge and Roll","Outmaneuver"],"picked":"SKIP","floor":11.0},{"not_picked":["Caltrops","Slice"],"picked":"After Image","floor":13.0},{"not_picked":["Catalyst","All Out Attack"],"picked":"Skewer","floor":14.0},{"not_picked":["Adrenaline","Storm of Steel"],"picked":"Envenom","floor":16.0},{"not_picked":["Dagger Throw+1","Underhanded Strike","Heel Hook"],"picked":"SKIP","floor":18.0},{"not_picked":["Noxious Fumes","Quick Slash"],"picked":"Bouncing Flask","floor":23.0},{"not_picked":["Underhanded Strike+1","Dagger Throw","Prepared"],"picked":"Distraction+1","floor":29.0},{"not_picked":["Distraction","Sucker Punch","Slice+1","Tactician"],"picked":"SKIP","floor":31.0},{"not_picked":["Tools of the Trade","Wraith Form v2","Storm of Steel"],"picked":"Corpse Explosion","floor":33.0},{"not_picked":["Bane+1","PiercingWail","Quick Slash+1"],"picked":"Noxious Fumes","floor":35.0},{"not_picked":["Blind","Trip","Forethought"],"picked":"Mayhem","floor":36.0},{"not_picked":["Heel Hook+1","Eviscerate","Poisoned Stab+1","Cloak And Dagger+1"],"picked":"SKIP","floor":38.0},{"not_picked":["Deflect+1","Flechettes","Well Laid Plans"],"picked":"Backflip+1","floor":40},{"not_picked":["Acrobatics+1","Choke","Distraction+1"],"picked":"Noxious Fumes","floor":44},{"not_picked":["Grand Finale","Tactician","PiercingWail","Quick Slash+1"],"picked":"SKIP","floor":45},{"not_picked":["Accuracy+1","Deflect+1","Finisher","Acrobatics+1"],"picked":"SKIP","floor":46},{"not_picked":["Terror","Deflect+1","Dagger Throw+1"],"picked":"Backflip+1","floor":47},{"not_picked":["Skewer","Blade Dance","Setup"],"picked":"Concentrate+1","floor":48}],"player_experience":109826,"relics_obtained":[{"floor":9.0,"key":"Thread and Needle"},{"floor":23.0,"key":"Question Card"},{"floor":26.0,"key":"The Courier"},{"floor":40,"key":"Art of War"},{"floor":43,"key":"Tough Bandages"},{"floor":44,"key":"Kunai"}],"event_choices":[{"damage_healed":0.0,"max_hp_gain":0.0,"max_hp_loss":0.0,"gold_gain":75.0,"event_name":"World of Goop","player_choice":"Gather Gold","floor":2.0,"gold_loss":0.0,"damage_taken":11.0},{"cards_removed":["Strike_G"],"damage_healed":0.0,"max_hp_gain":0.0,"max_hp_loss":0.0,"gold_gain":0.0,"event_name":"Living Wall","player_choice":"Forget","floor":3.0,"gold_loss":0.0,"damage_taken":0.0},{"damage_healed":0.0,"max_hp_gain":0.0,"max_hp_loss":0.0,"gold_gain":0.0,"event_name":"Shining Light","player_choice":"Entered Light","floor":5.0,"gold_loss":0.0,"damage_taken":13.0,"cards_upgraded":["Strike_G","Defend_G"]},{"damage_healed":0.0,"max_hp_gain":0.0,"max_hp_loss":0.0,"gold_gain":75.0,"event_name":"FaceTrader","player_choice":"Touch","floor":19.0,"gold_loss":0.0,"damage_taken":6.0},{"damage_healed":0.0,"max_hp_gain":0.0,"max_hp_loss":0.0,"gold_gain":0.0,"event_name":"The Library","player_choice":"Read","floor":22.0,"gold_loss":0.0,"damage_taken":0.0,"cards_obtained":["Dash"]},{"damage_healed":0.0,"max_hp_gain":0.0,"max_hp_loss":0.0,"gold_gain":0.0,"event_name":"The Woman in Blue","player_choice":"Bought 1 Potion","floor":28.0,"gold_loss":0.0,"damage_taken":0.0},{"damage_healed":0.0,"max_hp_gain":0.0,"max_hp_loss":0.0,"gold_gain":0.0,"event_name":"SensoryStone","player_choice":"Memory 1","floor":36.0,"gold_loss":0.0,"damage_taken":0.0},{"damage_healed":0.0,"max_hp_gain":0.0,"max_hp_loss":0.0,"gold_gain":0.0,"event_name":"Mysterious Sphere","player_choice":"Ignored","floor":37.0,"gold_loss":0.0,"damage_taken":0.0}],"is_beta":false,"boss_relics":[{"not_picked":["Eternal Feather","WristBlade"],"picked":"Philosopher\u0027s Stone"},{"not_picked":["Runic Pyramid","Runic Dome"],"picked":"Empty Cage"}],"items_purged_floors":[4,10,20,39],"is_endless":false,"potions_floor_spawned":[14,29,31,33,38,44,48],"ascension_level":7}