{"gold_per_floor":[117,128,139,118,137,137,154,154,179,205,222,248,24,24,24,98,98,112,212,228,228,5,30,59,59,82,82,115,170,170,186,186,263,263,279,293,693,740,740,770,770,789,842,842,871,871,890,918,918,918,918],"floor_reached":51,"playtime":4595,"items_purged":[],"score":1946,"play_id":"f5620a60-9799-412e-b3ec-9f353f5950c2","local_time":"20190503133530","is_ascension_mode":true,"campfire_choices":[{"data":"Neutralize","floor":6.0,"key":"SMITH"},{"data":"Poisoned Stab","floor":8.0,"key":"SMITH"},{"data":"Caltrops","floor":15.0,"key":"SMITH"},{"floor":25.0,"key":"REST"},{"floor":27.0,"key":"RECALL"},{"floor":32.0,"key":"REST"},{"floor":44.0,"key":"REST"},{"floor":46.0,"key":"REST"},{"floor":49.0,"key":"REST"}],"neow_cost":"NONE","seed_source_timestamp":785115672122664,"circlet_count":0,"master_deck":["AscendersBane","Defend_G","Defend_G","Defend_G","Defend_G","Defend_G","Strike_G","Strike_G","Strike_G","Survivor","Neutralize+1","Malaise","Backstab+1","Well Laid Plans","Poisoned Stab+1","Endless Agony+1","Caltrops+1","Flying Knee","Deadly Poison","Cloak And Dagger","Doppelganger","Cloak And Dagger+1","PiercingWail","Distraction+1","Escape Plan","Footwork","Finisher+1","Night Terror","Acrobatics","Calculated Gamble+1","Backstab","Bane+1","Adrenaline","Backstab","Prepared","Terror+1","Madness","Madness","Parasite","Cloak And Dagger","Endless Agony","Footwork"],"special_seed":0,"relics":["Ring of the Snake","PreservedInsect","Bag of Marbles","Dream Catcher","TwistedFunnel","Fusion Hammer","WingedGreaves","Question Card","Prayer Wheel","Membership Card","Juzu Bracelet","Dead Branch","Whetstone","Ginger","Tiny Chest","Busted Crown","Old Coin","The Specimen","Orichalcum","Art of War","Gremlin Horn"],"potions_floor_usage":[51],"damage_taken":[{"damage":0.0,"enemies":"Cultist","floor":1.0,"turns":4.0},{"damage":3.0,"enemies":"2 Louse","floor":2.0,"turns":3.0},{"damage":2.0,"enemies":"Jaw Worm","floor":3.0,"turns":4.0},{"damage":1.0,"enemies":"Exordium Thugs","floor":4.0,"turns":4.0},{"damage":3.0,"enemies":"Blue Slaver","floor":5.0,"turns":4.0},{"damage":0.0,"enemies":"Looter","floor":7.0,"turns":2.0},{"damage":8.0,"enemies":"Lagavulin","floor":10.0,"turns":6.0},{"damage":4.0,"enemies":"Large Slime","floor":11.0,"turns":5.0},{"damage":10.0,"enemies":"3 Sentries","floor":12.0,"turns":4.0},{"damage":0.0,"enemies":"The Guardian","floor":16.0,"turns":11.0},{"damage":1.0,"enemies":"Chosen","floor":18.0,"turns":3.0},{"damage":13.0,"enemies":"Colosseum Slavers","floor":19.0,"turns":3.0},{"damage":3.0,"enemies":"Colosseum Nobs","floor":19.0,"turns":3.0},{"damage":8.0,"enemies":"2 Thieves","floor":20.0,"turns":4.0},{"damage":10.0,"enemies":"Slavers","floor":23.0,"turns":3.0},{"damage":0.0,"enemies":"Gremlin Leader","floor":24.0,"turns":4.0},{"damage":9.0,"enemies":"Book of Stabbing","floor":28.0,"turns":2.0},{"damage":0.0,"enemies":"Gremlin Leader","floor":29.0,"turns":5.0},{"damage":4.0,"enemies":"Snake Plant","floor":31.0,"turns":3.0},{"damage":46.0,"enemies":"Champ","floor":33.0,"turns":13.0},{"damage":0.0,"enemies":"3 Darklings","floor":35.0,"turns":4.0},{"damage":0.0,"enemies":"Orb Walker","floor":36.0,"turns":1.0},{"damage":4.0,"enemies":"Mind Bloom Boss Battle","floor":37.0,"turns":5.0},{"damage":7.0,"enemies":"2 Orb Walkers","floor":38.0,"turns":4.0},{"damage":0.0,"enemies":"Reptomancer","floor":40.0,"turns":3.0},{"damage":3.0,"enemies":"Writhing Mass","floor":42.0,"turns":4.0},{"damage":0.0,"enemies":"Nemesis","floor":45.0,"turns":4.0},{"damage":0.0,"enemies":"Jaw Worm Horde","floor":47.0,"turns":3.0},{"damage":0.0,"enemies":"Reptomancer","floor":48.0,"turns":2.0},{"damage":30.0,"enemies":"Awakened One","floor":50.0,"turns":16.0},{"damage":48,"enemies":"Donu and Deca","floor":51,"turns":6}],"seed_played":"6852110464524854328","potions_obtained":[{"floor":1.0,"key":"Regen Potion"},{"floor":2.0,"key":"Block Potion"},{"floor":5.0,"key":"Weak Potion"},{"floor":16.0,"key":"AttackPotion"},{"floor":18.0,"key":"Regen Potion"},{"floor":19.0,"key":"FearPotion"},{"floor":23.0,"key":"Swift Potion"},{"floor":35.0,"key":"Poison Potion"},{"floor":37.0,"key":"Block Potion"},{"floor":40.0,"key":"PowerPotion"},{"floor":47.0,"key":"GhostInAJar"},{"floor":48.0,"key":"AttackPotion"}],"is_trial":false,"path_per_floor":["M","M","M","M","M","R","M","R","T","E","M","E","$","?","R","B",null,"M","?","M","T","$","E","E","R","T","R","E","E","?","M","R","B",null,"M","M","?","?","?","E","?","M","T","R","E","R","M","E","R","B","B"],"character_chosen":"THE_SILENT","items_purchased":["TwistedFunnel","Membership Card"],"campfire_rested":5,"item_purchase_floors":[13,22],"current_hp_per_floor":[59,56,54,53,50,50,50,50,50,57,53,43,43,43,43,43,60,59,55,47,47,47,37,37,56,56,56,47,47,47,43,62,16,54,54,54,50,43,31,31,31,28,28,47,47,66,66,66,66,36,0],"gold":918,"neow_bonus":"ONE_RANDOM_RARE_CARD","is_prod":false,"is_daily":false,"chose_seed":false,"campfire_upgraded":3,"win_rate":0,"timestamp":1556904930,"path_taken":["M","M","M","M","M","R","M","R","T","E","M","E","$","?","R","BOSS","M","?","M","?","$","E","E","R","T","R","E","E","?","M","R","BOSS","M","M","?","?","?","E","?","M","T","R","E","R","M","E","R","BOSS","BOSS"],"build_version":"2019-01-23","purchased_purges":0,"victory":false,"max_hp_per_floor":[66,66,66,66,66,66,66,66,66,66,66,66,66,66,66,66,66,66,66,66,66,66,66,66,66,66,66,66,66,66,66,66,66,66,66,66,66,66,66,66,66,66,66,66,66,66,66,66,66,66,66],"card_choices":[{"not_picked":["Flying Knee","Blur"],"picked":"Backstab","floor":1.0},{"not_picked":["Cloak And Dagger","Slice"],"picked":"Well Laid Plans","floor":2.0},{"not_picked":["Quick Slash","Accuracy"],"picked":"Poisoned Stab","floor":3.0},{"not_picked":["Bane","Blur"],"picked":"Endless Agony","floor":4.0},{"not_picked":["Eviscerate","Footwork"],"picked":"Caltrops","floor":5.0},{"not_picked":["Quick Slash","Dodge and Roll"],"picked":"Flying Knee","floor":7.0},{"not_picked":["Flechettes","Expertise"],"picked":"Deadly Poison","floor":10.0},{"not_picked":["Flechettes","Underhanded Strike"],"picked":"Cloak And Dagger","floor":11.0},{"not_picked":["Well Laid Plans","Blade Dance","Reflex"],"picked":"SKIP","floor":12.0},{"not_picked":["Bullet Time","Venomology"],"picked":"Doppelganger","floor":16.0},{"not_picked":["Sucker Punch","Deadly Poison","Dagger Spray"],"picked":"SKIP","floor":18.0},{"not_picked":["Deflect","Deadly Poison"],"picked":"Cloak And Dagger+1","floor":19.0},{"not_picked":["Concentrate","Sucker Punch","Well Laid Plans","PiercingWail"],"picked":"SKIP","floor":20.0},{"not_picked":["Concentrate+1","Distraction","Leg Sweep"],"picked":"PiercingWail","floor":23.0},{"not_picked":["Dagger Throw","Skewer","Cloak And Dagger"],"picked":"Distraction+1","floor":24.0},{"not_picked":["Underhanded Strike","Doppelganger","Dagger Throw+1"],"picked":"Escape Plan","floor":25.0},{"not_picked":["Bane","Acrobatics+1","Dagger Spray"],"picked":"Footwork","floor":28.0},{"not_picked":["Catalyst","Reflex","Dagger Spray+1"],"picked":"Finisher+1","floor":29.0},{"not_picked":["Catalyst","Choke","Poisoned Stab+1"],"picked":"Calculated Gamble+1","floor":31.0},{"not_picked":["Poisoned Stab","Crippling Poison","Deadly Poison"],"picked":"Backstab","floor":31.0},{"not_picked":["Backflip+1","Bouncing Flask","Underhanded Strike"],"picked":"Bane+1","floor":32.0},{"not_picked":["Night Terror","Corpse Explosion","Phantasmal Killer"],"picked":"Adrenaline","floor":33.0},{"not_picked":["Dodge and Roll"],"picked":"Backstab","floor":35.0},{"not_picked":["Dash+1","Dagger Throw"],"picked":"SKIP","floor":35.0},{"not_picked":["Choke"],"picked":"Prepared","floor":36.0},{"not_picked":["Cloak And Dagger+1"],"picked":"Terror+1","floor":36.0},{"not_picked":["Underhanded Strike","PiercingWail"],"picked":"SKIP","floor":40.0},{"not_picked":["Dash"],"picked":"Cloak And Dagger","floor":42.0},{"not_picked":["Blade Dance","Noxious Fumes"],"picked":"SKIP","floor":42.0},{"not_picked":["Dash+1"],"picked":"Endless Agony","floor":44.0},{"not_picked":["Skewer+1","Tactician"],"picked":"SKIP","floor":45.0},{"not_picked":["Poisoned Stab"],"picked":"Footwork","floor":46.0},{"not_picked":["Dagger Throw","Prepared+1"],"picked":"SKIP","floor":47.0},{"not_picked":["Slice+1","Accuracy+1"],"picked":"SKIP","floor":47.0},{"not_picked":["All Out Attack+1","Dagger Throw"],"picked":"SKIP","floor":48.0}],"player_experience":1376093,"relics_obtained":[{"floor":9.0,"key":"PreservedInsect"},{"floor":10.0,"key":"Bag of Marbles"},{"floor":12.0,"key":"Dream Catcher"},{"floor":19.0,"key":"WingedGreaves"},{"floor":19.0,"key":"Question Card"},{"floor":21.0,"key":"Prayer Wheel"},{"floor":23.0,"key":"Juzu Bracelet"},{"floor":24.0,"key":"Dead Branch"},{"floor":26.0,"key":"Whetstone"},{"floor":28.0,"key":"Ginger"},{"floor":29.0,"key":"Tiny Chest"},{"floor":37.0,"key":"Old Coin"},{"floor":38.0,"key":"The Specimen"},{"floor":40.0,"key":"Orichalcum"},{"floor":45.0,"key":"Art of War"},{"floor":48.0,"key":"Gremlin Horn"}],"event_choices":[{"damage_healed":0.0,"max_hp_gain":0.0,"max_hp_loss":0.0,"gold_gain":0.0,"event_name":"The Cleric","player_choice":"Leave","floor":14.0,"gold_loss":0.0,"damage_taken":0.0},{"damage_healed":0.0,"max_hp_gain":0.0,"max_hp_loss":0.0,"gold_gain":0.0,"event_name":"Colosseum","player_choice":"Fight","floor":19.0,"gold_loss":0.0,"damage_taken":0.0},{"damage_healed":0.0,"max_hp_gain":0.0,"max_hp_loss":0.0,"gold_gain":0.0,"event_name":"Colosseum","player_choice":"Fought Nobs","floor":19.0,"gold_loss":0.0,"damage_taken":0.0},{"damage_healed":0.0,"max_hp_gain":0.0,"max_hp_loss":0.0,"gold_gain":0.0,"cards_transformed":["Strike_G","Strike_G"],"event_name":"Drug Dealer","player_choice":"Became Test Subject","floor":30.0,"gold_loss":0.0,"damage_taken":0.0,"cards_obtained":["Night Terror","Acrobatics"]},{"damage_healed":0.0,"max_hp_gain":0.0,"max_hp_loss":0.0,"gold_gain":0.0,"event_name":"MindBloom","player_choice":"Fight","floor":37.0,"gold_loss":0.0,"damage_taken":0.0},{"damage_healed":0.0,"max_hp_gain":0.0,"max_hp_loss":0.0,"gold_gain":0.0,"event_name":"Mysterious Sphere","player_choice":"Fight","floor":38.0,"gold_loss":0.0,"damage_taken":0.0},{"damage_healed":0.0,"max_hp_gain":0.0,"max_hp_loss":0.0,"gold_gain":0.0,"event_name":"Winding Halls","player_choice":"Embrace Madness","floor":39.0,"gold_loss":0.0,"damage_taken":12.0,"cards_obtained":["Madness","Madness"]},{"damage_healed":0.0,"max_hp_gain":0.0,"max_hp_loss":0.0,"gold_gain":0.0,"event_name":"SensoryStone","player_choice":"Memory 1","floor":41.0,"gold_loss":0.0,"damage_taken":0.0}],"is_beta":false,"boss_relics":[{"not_picked":["Runic Dome","Snecko Eye"],"picked":"Fusion Hammer"},{"not_picked":["Calling Bell","Lizard Tail"],"picked":"Busted Crown"}],"items_purged_floors":[],"is_endless":false,"potions_floor_spawned":[1,2,5,16,18,19,23,35,37,40,42,47,48],"killed_by":"Donu and Deca","ascension_level":20}