{"gold_per_floor":[113,127,141,141,141,141,151,169,169,186,205,54,65,125,125,125],"floor_reached":16,"playtime":1008,"items_purged":["Strike_G"],"score":186,"play_id":"31951682-6233-4b2e-8b5d-6b496595de76","local_time":"20181223235437","is_ascension_mode":true,"campfire_choices":[{"data":"Dagger Spray","floor":6,"key":"SMITH"},{"floor":15,"key":"REST"}],"neow_cost":"NONE","seed_source_timestamp":253769912709765,"circlet_count":0,"master_deck":["AscendersBane","Defend_G","Defend_G","Defend_G","Defend_G","Defend_G","Strike_G","Strike_G","Survivor","Neutralize","Quick Slash","Dagger Spray+1","Cloak And Dagger+1","Heel Hook","Skewer","Heel Hook","Well Laid Plans","Deflect"],"relics":["Empty Cage","Anchor","Tiny Chest"],"potions_floor_usage":[14,16],"damage_taken":[{"damage":8,"enemies":"Jaw Worm","floor":1,"turns":11},{"damage":0,"enemies":"2 Louse","floor":2,"turns":4},{"damage":2,"enemies":"Small Slimes","floor":3,"turns":4},{"damage":2,"enemies":"Blue Slaver","floor":7,"turns":5},{"damage":5,"enemies":"Gremlin Gang","floor":8,"turns":6},{"damage":0,"enemies":"2 Fungi Beasts","floor":10,"turns":4},{"damage":6,"enemies":"Large Slime","floor":11,"turns":5},{"damage":1,"enemies":"Gremlin Gang","floor":13,"turns":4},{"damage":26,"enemies":"3 Sentries","floor":14,"turns":10},{"damage":48,"enemies":"The Guardian","floor":16,"turns":17}],"seed_played":"-2555159976525432807","potions_obtained":[{"floor":3,"key":"FearPotion"},{"floor":8,"key":"Regen Potion"},{"floor":10,"key":"FairyPotion"},{"floor":13,"key":"SkillPotion"}],"is_trial":false,"path_per_floor":["M","M","M","?","?","R","M","M","T","M","M","$","M","E","R","B"],"character_chosen":"THE_SILENT","items_purchased":["Heel Hook"],"campfire_rested":1,"item_purchase_floors":[12],"current_hp_per_floor":[51,51,49,49,49,49,47,42,42,42,36,36,35,9,28,0],"gold":125,"neow_bonus":"BOSS_RELIC","is_prod":false,"is_daily":false,"chose_seed":false,"campfire_upgraded":1,"win_rate":0,"timestamp":1545627277,"path_taken":["M","M","M","?","?","R","M","M","T","M","M","$","M","E","R","BOSS"],"build_version":"2018-12-20","purchased_purges":1,"victory":false,"max_hp_per_floor":[66,66,66,66,66,66,66,66,66,66,66,66,66,66,66,66],"card_choices":[{"not_picked":["Poisoned Stab","PiercingWail"],"picked":"Quick Slash","floor":1},{"not_picked":["Quick Slash","Deadly Poison"],"picked":"Dagger Spray","floor":2},{"not_picked":["Prepared","Backflip"],"picked":"Cloak And Dagger","floor":3},{"not_picked":["Blur","PiercingWail","Deflect"],"picked":"SKIP","floor":7},{"not_picked":["Dagger Spray","Sucker Punch"],"picked":"Heel Hook","floor":8},{"not_picked":["Acrobatics","Expertise"],"picked":"Skewer","floor":10},{"not_picked":["Tools of the Trade","Blade Dance","Bouncing Flask"],"picked":"SKIP","floor":11},{"not_picked":["Deadly Poison","Dodge and Roll"],"picked":"Well Laid Plans","floor":13},{"not_picked":["Quick Slash","Underhanded Strike"],"picked":"Deflect","floor":14}],"player_experience":958857,"relics_obtained":[{"floor":9,"key":"Anchor"},{"floor":14,"key":"Tiny Chest"}],"event_choices":[{"damage_healed":0,"gold_gain":0,"player_choice":"Grow","damage_taken":0,"max_hp_gain":0,"max_hp_loss":0,"event_name":"Living Wall","floor":4,"gold_loss":0,"cards_upgraded":["Cloak And Dagger"]},{"damage_healed":0,"gold_gain":0,"player_choice":"Ignored","damage_taken":0,"max_hp_gain":0,"max_hp_loss":0,"event_name":"Liars Game","floor":5,"gold_loss":0}],"is_beta":false,"boss_relics":[],"items_purged_floors":[12],"is_endless":false,"potions_floor_spawned":[3,8,10,13],"killed_by":"The Guardian","ascension_level":15}