{"gold_per_floor":[111,125,125,225,243,243,223,258,258,272,307,25,48,83,83,83],"floor_reached":16,"playtime":634,"items_purged":["Injury"],"score":240,"play_id":"067f6232-80a0-40c8-8e51-7322e4380713","local_time":"20190829150639","is_ascension_mode":true,"campfire_choices":[{"data":"Barrage","floor":6.0,"key":"SMITH"},{"data":"Stack","floor":15,"key":"SMITH"}],"neow_cost":"NONE","seed_source_timestamp":35694996045771,"circlet_count":0,"master_deck":["AscendersBane","Strike_B","Strike_B","Strike_B","Strike_B","Defend_B","Defend_B","Defend_B","Defend_B","Zap","Dualcast","Barrage+1","Cold Snap","Ball Lightning","Leap","Static Discharge+1","Hologram","Stack+1"],"special_seed":0,"relics":["Cracked Core","NeowsBlessing","Golden Idol","Frozen Egg 2","The Courier","Potion Belt","Oddly Smooth Stone","Tiny Chest","Juzu Bracelet"],"potions_floor_usage":[14,16],"damage_taken":[{"damage":0.0,"enemies":"Small Slimes","floor":1.0,"turns":1.0},{"damage":0.0,"enemies":"Cultist","floor":2.0,"turns":1.0},{"damage":0.0,"enemies":"Jaw Worm","floor":5.0,"turns":1.0},{"damage":12.0,"enemies":"3 Sentries","floor":8.0,"turns":6.0},{"damage":9.0,"enemies":"Red Slaver","floor":10.0,"turns":3.0},{"damage":7.0,"enemies":"Gremlin Nob","floor":11.0,"turns":3.0},{"damage":2,"enemies":"2 Fungi Beasts","floor":13,"turns":3},{"damage":6,"enemies":"Lagavulin","floor":14,"turns":6},{"damage":55,"enemies":"Slime Boss","floor":16,"turns":8}],"seed_played":"-6319273091944832647","potions_obtained":[{"floor":1.0,"key":"Fire Potion"},{"floor":7.0,"key":"FairyPotion"},{"floor":8.0,"key":"FocusPotion"},{"floor":11.0,"key":"Strength Potion"},{"floor":13,"key":"SkillPotion"}],"is_trial":false,"path_per_floor":["M","M","?","?","M","R","?","E","T","M","E","$","M","E","R","B"],"character_chosen":"DEFECT","items_purchased":["Oddly Smooth Stone","Tiny Chest"],"campfire_rested":0,"item_purchase_floors":[12,12],"current_hp_per_floor":[64,64,64,64,64,64,64,52,52,43,36,36,34,28,28,0],"gold":83,"neow_bonus":"THREE_ENEMY_KILL","is_prod":false,"is_daily":false,"chose_seed":false,"campfire_upgraded":2,"win_rate":0,"timestamp":1567105599,"path_taken":["M","M","?","?","?","R","?","E","T","M","E","$","M","E","R","BOSS"],"build_version":"2019-07-17","purchased_purges":1,"victory":false,"max_hp_per_floor":[71,71,71,71,71,71,71,71,71,71,71,71,71,71,71,71],"card_choices":[{"not_picked":["Chaos","Hologram"],"picked":"Barrage","floor":1.0},{"not_picked":["Gash","Streamline"],"picked":"Cold Snap","floor":2.0},{"not_picked":["Fusion","Coolheaded"],"picked":"Ball Lightning","floor":5.0},{"not_picked":["Hello World","Tempest","Gash"],"picked":"SKIP","floor":8.0},{"not_picked":["Redo","Gash"],"picked":"Leap","floor":10.0},{"not_picked":["Melter","White Noise"],"picked":"Static Discharge+1","floor":11.0},{"not_picked":["Ball Lightning","White Noise"],"picked":"Hologram","floor":13},{"not_picked":["Reprogram","Beam Cell"],"picked":"Stack","floor":14}],"player_experience":1904805,"relics_obtained":[{"floor":8.0,"key":"Frozen Egg 2"},{"floor":9.0,"key":"The Courier"},{"floor":11.0,"key":"Potion Belt"},{"floor":14,"key":"Juzu Bracelet"}],"event_choices":[{"damage_healed":0.0,"max_hp_gain":0.0,"max_hp_loss":0.0,"gold_gain":0.0,"event_name":"Golden Idol","player_choice":"Take Wound","floor":3.0,"gold_loss":0.0,"damage_taken":0.0,"relics_obtained":["Golden Idol"],"cards_obtained":["Injury"]},{"damage_healed":0.0,"max_hp_gain":0.0,"max_hp_loss":0.0,"gold_gain":100.0,"event_name":"Wheel of Change","player_choice":"Gold","floor":4.0,"gold_loss":0.0,"damage_taken":0.0},{"damage_healed":0.0,"max_hp_gain":0.0,"max_hp_loss":0.0,"gold_gain":0.0,"event_name":"The Woman in Blue","player_choice":"Bought 1 Potion","floor":7.0,"gold_loss":0.0,"damage_taken":0.0}],"is_beta":false,"boss_relics":[],"items_purged_floors":[12],"is_endless":false,"potions_floor_spawned":[1,8,11,13],"killed_by":"Slime Boss","ascension_level":20}