{"gold_per_floor":[11,25,200,17,17,17,48,48,72,91,119,119,144,155,155,257,257,277,187,198,215,229,229,229,246,246,246,246,321,321,175,175,275,275,289,309,21,421,446,477,487,487,487,500,500,600,600,600],"floor_reached":48,"playtime":9279,"items_purged":[],"score":541,"play_id":"a3122e04-368d-4206-a651-48ca724572f1","local_time":"20190911031601","is_ascension_mode":false,"campfire_choices":[{"data":"Buffer","floor":6.0,"key":"SMITH"},{"data":"Chill","floor":12.0,"key":"SMITH"},{"data":"Redo","floor":15.0,"key":"SMITH"},{"floor":23.0,"key":"REST"},{"floor":28,"key":"REST"},{"floor":30,"key":"REST"},{"data":"Hologram","floor":32,"key":"SMITH"},{"floor":42,"key":"REST"},{"floor":45,"key":"REST"}],"neow_cost":"NO_GOLD","seed_source_timestamp":40148640706487,"circlet_count":0,"master_deck":["Strike_B+1","Strike_B","Strike_B+1","Strike_B","Defend_B","Defend_B","Defend_B","Defend_B","Zap+1","Dualcast","Buffer+1","Gash","Chill+1","Force Field","Heatsinks","Redo+1","Stack","Genetic Algorithm+1","All For One","Leap+1","Coolheaded","Auto Shields","Stack","Hologram+1","Gash","All For One","Gash","Leap","Electrodynamics","White Noise+1","Hello World+1","Lockon+1","Loop+1","Gash+1","Aggregate+1","Hologram"],"special_seed":0,"relics":["Cracked Core","PreservedInsect","Bird Faced Urn","Orichalcum","Centennial Puzzle","Juzu Bracelet","Black Star","Potion Belt","Matryoshka","Nuclear Battery","Cables","Old Coin","Blood Vial","Ancient Tea Set","War Paint","Whetstone","DataDisk","Question Card"],"potions_floor_usage":[],"damage_taken":[{"damage":0.0,"enemies":"Cultist","floor":1.0,"turns":3.0},{"damage":0.0,"enemies":"2 Louse","floor":2.0,"turns":2.0},{"damage":10.0,"enemies":"Gremlin Nob","floor":7.0,"turns":4.0},{"damage":0.0,"enemies":"Small Slimes","floor":10.0,"turns":4.0},{"damage":6.0,"enemies":"3 Sentries","floor":11.0,"turns":11.0},{"damage":0.0,"enemies":"3 Louse","floor":14.0,"turns":7.0},{"damage":48.0,"enemies":"The Guardian","floor":16.0,"turns":16.0},{"damage":8.0,"enemies":"Spheric Guardian","floor":18.0,"turns":7.0},{"damage":13.0,"enemies":"Chosen","floor":20.0,"turns":11.0},{"damage":27.0,"enemies":"Centurion and Healer","floor":21.0,"turns":17.0},{"damage":20.0,"enemies":"Sentry and Sphere","floor":22.0,"turns":21.0},{"damage":0.0,"enemies":"Shelled Parasite and Fungi","floor":25.0,"turns":12.0},{"damage":67,"enemies":"Collector","floor":33,"turns":11},{"damage":4,"enemies":"3 Darklings","floor":35,"turns":10},{"damage":13,"enemies":"3 Shapes","floor":36,"turns":7},{"damage":28,"enemies":"Mind Bloom Boss Battle","floor":38,"turns":9},{"damage":17,"enemies":"Nemesis","floor":40,"turns":6},{"damage":7,"enemies":"Spire Growth","floor":41,"turns":6},{"damage":28,"enemies":"Jaw Worm Horde","floor":44,"turns":4},{"damage":114,"enemies":"Time Eater","floor":48,"turns":12}],"seed_played":"3465814433247364939","potions_obtained":[{"floor":7.0,"key":"FearPotion"},{"floor":10.0,"key":"SkillPotion"},{"floor":16.0,"key":"PowerPotion"},{"floor":25.0,"key":"GamblersBrew"},{"floor":36,"key":"Fire Potion"},{"floor":41,"key":"GamblersBrew"}],"is_trial":false,"path_per_floor":["M","M","?","$","?","R","E","?","T","M","E","R","T","M","R","B",null,"M","$","M","M","M","R","?","M","T","?","R","?","R","$","R","B",null,"M","M","$","?","T","E","M","R","T","M","R","?","?","B"],"character_chosen":"DEFECT","items_purchased":["PreservedInsect","Force Field","Coolheaded","Auto Shields","Gash","Leap","PowerPotion","Cables","Lockon"],"campfire_rested":5,"item_purchase_floors":[4,4,19,19,31,31,31,37,37],"current_hp_per_floor":[75,75,75,75,60,60,50,43,43,47,45,45,45,47,47,3,75,67,67,58,35,19,41,41,45,45,45,67,60,75,75,75,10,75,71,66,66,50,50,47,50,72,72,55,75,75,75,0],"gold":600,"neow_bonus":"THREE_RARE_CARDS","is_prod":false,"is_daily":false,"chose_seed":false,"campfire_upgraded":4,"win_rate":0,"timestamp":1568182561,"path_taken":["M","?","?","$","?","R","E","?","T","?","E","R","?","M","R","BOSS","M","$","M","M","M","R","?","M","T","?","R","?","R","$","R","BOSS","M","M","?","?","?","E","M","R","T","M","R","?","?","BOSS"],"build_version":"2019-07-17","purchased_purges":0,"victory":false,"max_hp_per_floor":[75,75,75,75,75,75,75,75,75,75,75,75,75,75,75,75,75,75,75,75,75,75,75,75,75,75,75,75,75,75,75,75,75,75,75,75,75,75,75,75,75,75,75,75,75,75,75,75],"card_choices":[{"not_picked":["Fission","Meteor Strike"],"picked":"Buffer","floor":0.0},{"not_picked":["Streamline","Leap"],"picked":"Gash","floor":1.0},{"not_picked":["Streamline","Self Repair"],"picked":"Chill","floor":2.0},{"not_picked":["Undo","Streamline"],"picked":"Heatsinks","floor":7.0},{"not_picked":["Steam","Compile Driver"],"picked":"Redo","floor":10.0},{"not_picked":["Streamline","Rip and Tear"],"picked":"Stack","floor":11.0},{"not_picked":["Beam Cell","Blizzard"],"picked":"Genetic Algorithm","floor":14.0},{"not_picked":["Echo Form","Reboot"],"picked":"All For One","floor":16.0},{"not_picked":["Sweeping Beam","Beam Cell"],"picked":"Leap","floor":18.0},{"not_picked":["Barrage","Scrape"],"picked":"Stack","floor":20.0},{"not_picked":["Chaos","Genetic Algorithm"],"picked":"Hologram","floor":21.0},{"not_picked":["Coolheaded","Beam Cell"],"picked":"Gash","floor":22.0},{"not_picked":["Hologram+1","Rebound"],"picked":"All For One","floor":25.0},{"not_picked":["Amplify","Meteor Strike"],"picked":"Electrodynamics","floor":33},{"not_picked":["Leap","Steam+1"],"picked":"White Noise+1","floor":35},{"not_picked":["Streamline+1","Coolheaded+1"],"picked":"Hello World+1","floor":36},{"not_picked":["Stack","Ball Lightning"],"picked":"Loop+1","floor":38},{"not_picked":["All For One","Barrage"],"picked":"Gash+1","floor":40},{"not_picked":["Steam","Recycle+1"],"picked":"Aggregate+1","floor":41},{"not_picked":["Loop","Turbo+1","Defragment"],"picked":"Hologram","floor":44}],"player_experience":109858,"relics_obtained":[{"floor":7.0,"key":"Bird Faced Urn"},{"floor":9.0,"key":"Orichalcum"},{"floor":11.0,"key":"Centennial Puzzle"},{"floor":13.0,"key":"Juzu Bracelet"},{"floor":26.0,"key":"Matryoshka"},{"floor":38,"key":"Old Coin"},{"floor":39,"key":"Blood Vial"},{"floor":39,"key":"Ancient Tea Set"},{"floor":40,"key":"War Paint"},{"floor":40,"key":"Whetstone"},{"floor":43,"key":"DataDisk"},{"floor":43,"key":"Question Card"}],"event_choices":[{"damage_healed":0.0,"max_hp_gain":0.0,"max_hp_loss":0.0,"gold_gain":175.0,"event_name":"Liars Game","player_choice":"AGREE","floor":3.0,"gold_loss":0.0,"damage_taken":0.0,"cards_obtained":["Doubt"]},{"damage_healed":0.0,"max_hp_gain":0.0,"max_hp_loss":0.0,"gold_gain":0.0,"event_name":"Shining Light","player_choice":"Entered Light","floor":5.0,"gold_loss":0.0,"damage_taken":15.0,"cards_upgraded":["Zap","Strike_B"]},{"cards_removed":["Doubt"],"damage_healed":0.0,"max_hp_gain":0.0,"max_hp_loss":0.0,"gold_gain":0.0,"event_name":"Golden Wing","player_choice":"Card Removal","floor":8.0,"gold_loss":0.0,"damage_taken":7.0},{"damage_healed":0.0,"max_hp_gain":0.0,"max_hp_loss":0.0,"gold_gain":0.0,"event_name":"WeMeetAgain","player_choice":"Gave Potion","floor":24.0,"gold_loss":0.0,"damage_taken":0.0,"relics_obtained":["Potion Belt"]},{"damage_healed":0,"gold_gain":0,"player_choice":"Ignored","damage_taken":0,"max_hp_gain":0,"max_hp_loss":0,"event_name":"Cursed Tome","floor":27,"gold_loss":0},{"damage_healed":0,"gold_gain":75,"player_choice":"Touch","damage_taken":7,"max_hp_gain":0,"max_hp_loss":0,"event_name":"FaceTrader","floor":29,"gold_loss":0},{"damage_healed":0,"gold_gain":0,"player_choice":"Fight","damage_taken":0,"max_hp_gain":0,"max_hp_loss":0,"event_name":"MindBloom","floor":38,"gold_loss":0},{"damage_healed":0,"gold_gain":100,"player_choice":"Pray","damage_taken":0,"max_hp_gain":0,"max_hp_loss":0,"event_name":"Golden Shrine","floor":46,"gold_loss":0},{"damage_healed":0,"gold_gain":0,"player_choice":"Took Portal","damage_taken":0,"max_hp_gain":0,"max_hp_loss":0,"event_name":"SecretPortal","floor":47,"gold_loss":0}],"is_beta":false,"boss_relics":[{"not_picked":["Snecko Eye","Empty Cage"],"picked":"Black Star"},{"not_picked":["Eternal Feather","Coffee Dripper"],"picked":"Nuclear Battery"}],"items_purged_floors":[],"is_endless":false,"potions_floor_spawned":[7,10,16,20,25,36,41,44],"killed_by":"Time Eater","ascension_level":0}