{"gold_per_floor":[113,38,38,51,63,63,82,82,82,82,51,65,98,98,98,177,177,194,104,121,46,46,46,81,81,81,81,81,81,81],"floor_reached":30,"playtime":1033,"items_purged":["Defend_G"],"score":415,"play_id":"1fccdc8c-c8cc-4f2a-9aac-d9d95fcdc386","local_time":"20181220125243","is_ascension_mode":true,"campfire_choices":[{"data":"Die Die Die","floor":6,"key":"SMITH"},{"data":"Finisher","floor":8,"key":"SMITH"},{"floor":10,"key":"REST"},{"floor":15,"key":"REST"},{"floor":23,"key":"REST"},{"floor":25,"key":"RECALL"},{"data":"Quick Slash","floor":27,"key":"SMITH"}],"neow_cost":"NONE","seed_source_timestamp":580632794505943,"circlet_count":0,"master_deck":["AscendersBane","Defend_G+1","Defend_G","Defend_G","Defend_G","Strike_G","Strike_G","Strike_G+1","Survivor","Neutralize","Die Die Die+1","Finisher+1","Underhanded Strike","Prepared","Sucker Punch","Footwork","Adrenaline","Underhanded Strike+1","Noxious Fumes","Quick Slash+1","RitualDagger","Writhe"],"relics":["Ring of the Snake","Matryoshka","Juzu Bracelet","Paper Crane","Sozu","MutagenicStrength","Meat on the Bone","Frozen Egg 2","Pear","WingedGreaves"],"potions_floor_usage":[7,16,16],"damage_taken":[{"damage":0,"enemies":"Jaw Worm","floor":1,"turns":5},{"damage":0,"enemies":"Small Slimes","floor":4,"turns":3},{"damage":0,"enemies":"2 Louse","floor":5,"turns":2},{"damage":23,"enemies":"Exordium Thugs","floor":7,"turns":5},{"damage":0,"enemies":"Gremlin Gang","floor":12,"turns":2},{"damage":33,"enemies":"Lagavulin","floor":13,"turns":7},{"damage":21,"enemies":"Hexaghost","floor":16,"turns":11},{"damage":11,"enemies":"2 Thieves","floor":18,"turns":3},{"damage":7,"enemies":"Spheric Guardian","floor":20,"turns":4},{"damage":32,"enemies":"Book of Stabbing","floor":24,"turns":7},{"damage":28,"enemies":"Gremlin Leader","floor":30,"turns":6}],"seed_played":"3030704172193109583","potions_obtained":[{"floor":1,"key":"Poison Potion"},{"floor":12,"key":"Weak Potion"},{"floor":13,"key":"SteroidPotion"},{"floor":16,"key":"PowerPotion"}],"is_trial":false,"path_per_floor":["M","$","?","M","M","R","M","R","T","R","?","M","E","?","R","B",null,"M","?","M","?","?","R","E","R","T","R","?","?","E"],"character_chosen":"THE_SILENT","items_purchased":[],"campfire_rested":3,"item_purchase_floors":[],"current_hp_per_floor":[59,59,46,46,46,46,23,23,23,42,42,42,9,6,25,4,51,40,40,33,33,33,52,20,20,30,30,24,24,0],"gold":81,"neow_bonus":"ONE_RANDOM_RARE_CARD","is_prod":false,"is_daily":false,"chose_seed":false,"campfire_upgraded":3,"win_rate":0,"timestamp":1545328363,"path_taken":["M","$","?","M","M","R","M","R","T","R","?","M","E","?","R","BOSS","M","?","M","?","?","R","E","R","T","R","?","?","E"],"build_version":"2018-12-13","purchased_purges":1,"victory":false,"max_hp_per_floor":[66,66,66,66,66,66,66,66,66,66,66,66,66,66,66,66,66,66,66,66,66,66,66,66,66,76,76,76,76,76],"card_choices":[{"not_picked":["Dodge and Roll","Prepared"],"picked":"Finisher","floor":1},{"not_picked":["Concentrate","Catalyst","Skewer"],"picked":"SKIP","floor":4},{"not_picked":["Dagger Throw","Slice"],"picked":"Underhanded Strike","floor":5},{"not_picked":["Bane","Concentrate"],"picked":"Prepared","floor":7},{"not_picked":["Tactician","Eviscerate"],"picked":"Sucker Punch","floor":12},{"not_picked":["PiercingWail","Masterful Stab"],"picked":"Footwork","floor":13},{"not_picked":["Phantasmal Killer","Tools of the Trade"],"picked":"Adrenaline","floor":16},{"not_picked":["Footwork","Prepared"],"picked":"Underhanded Strike","floor":18},{"not_picked":["Deadly Poison","Reflex"],"picked":"Noxious Fumes","floor":20},{"not_picked":["PiercingWail","Underhanded Strike"],"picked":"Quick Slash","floor":24}],"player_experience":926745,"relics_obtained":[{"floor":9,"key":"Matryoshka"},{"floor":13,"key":"Juzu Bracelet"},{"floor":24,"key":"Meat on the Bone"},{"floor":26,"key":"Frozen Egg 2"},{"floor":26,"key":"Pear"}],"event_choices":[{"damage_healed":0,"gold_gain":0,"player_choice":"Entered Light","damage_taken":13,"max_hp_gain":0,"max_hp_loss":0,"event_name":"Shining Light","floor":3,"gold_loss":0,"cards_upgraded":["Defend_G","Strike_G"]},{"damage_healed":0,"gold_gain":0,"player_choice":"Left Gold","damage_taken":0,"max_hp_gain":0,"max_hp_loss":0,"event_name":"World of Goop","floor":11,"gold_loss":31},{"damage_healed":0,"gold_gain":0,"player_choice":"Success","damage_taken":3,"relics_obtained":["Paper Crane"],"max_hp_gain":0,"max_hp_loss":0,"event_name":"Scrap Ooze","floor":14,"gold_loss":0},{"cards_removed":["Strike_G"],"damage_healed":0,"gold_gain":0,"player_choice":"Upgrade and Remove","damage_taken":0,"max_hp_gain":0,"max_hp_loss":0,"event_name":"Designer","floor":19,"gold_loss":90,"cards_upgraded":["Underhanded Strike"]},{"cards_removed":["Strike_G"],"damage_healed":0,"gold_gain":0,"player_choice":"Gave Gold","damage_taken":0,"max_hp_gain":0,"max_hp_loss":0,"event_name":"Beggar","floor":21,"gold_loss":75},{"damage_healed":0,"gold_gain":0,"player_choice":"Inject Mutagens","damage_taken":0,"relics_obtained":["MutagenicStrength"],"max_hp_gain":0,"max_hp_loss":0,"event_name":"Drug Dealer","floor":22,"gold_loss":0},{"damage_healed":0,"gold_gain":0,"player_choice":"Joined the Cult","damage_taken":6,"max_hp_gain":0,"max_hp_loss":0,"event_name":"Nest","floor":28,"gold_loss":0,"cards_obtained":["RitualDagger"]},{"damage_healed":0,"gold_gain":0,"player_choice":"Opened","damage_taken":0,"relics_obtained":["WingedGreaves"],"max_hp_gain":0,"max_hp_loss":0,"event_name":"The Mausoleum","floor":29,"gold_loss":0,"cards_obtained":["Writhe"]}],"is_beta":false,"boss_relics":[{"not_picked":["Calling Bell","Pandora\u0027s Box"],"picked":"Sozu"}],"items_purged_floors":[2],"is_endless":false,"potions_floor_spawned":[1,12,13,16,20],"killed_by":"Gremlin Leader","ascension_level":14}