{"gold_per_floor":[115,115,115,128,152,152,193,193,218,262,281,305,305,329,329,448,448,461,461,474,474,474,474],"floor_reached":23,"playtime":918,"items_purged":[],"score":211,"play_id":"c39047f5-f0d1-41d8-9592-aae06612cd1a","local_time":"20190913035245","is_ascension_mode":true,"campfire_choices":[{"data":"Perfected Strike","floor":6,"key":"SMITH"},{"data":"Immolate","floor":8,"key":"SMITH"},{"data":"Barricade","floor":15,"key":"SMITH"}],"neow_cost":"PERCENT_DAMAGE","seed_source_timestamp":93024558575700,"circlet_count":0,"master_deck":["Strike_R","Strike_R","Strike_R","Strike_R","Defend_R","Defend_R","Defend_R","Defend_R","Bash","Carnage","Immolate+1","Injury","Perfected Strike+1","Burning Pact","Metallicize","Barricade+1","Shrug It Off","Ghostly Armor","Reaper","Berserk+1","Intimidate","Metallicize","Writhe"],"relics":["Burning Blood","Peace Pipe","Bloody Idol","Bag of Marbles","Mercury Hourglass","White Beast Statue","Pantograph"],"potions_floor_usage":[10,16,16,18,20,23,23],"damage_taken":[{"damage":0,"enemies":"Small Slimes","floor":1,"turns":3},{"damage":0,"enemies":"2 Louse","floor":4,"turns":2},{"damage":0,"enemies":"Cultist","floor":5,"turns":2},{"damage":27,"enemies":"Gremlin Nob","floor":7,"turns":4},{"damage":20,"enemies":"Lagavulin","floor":10,"turns":3},{"damage":6,"enemies":"2 Fungi Beasts","floor":11,"turns":2},{"damage":2,"enemies":"Looter","floor":12,"turns":2},{"damage":1,"enemies":"Exordium Wildlife","floor":14,"turns":3},{"damage":28,"enemies":"The Guardian","floor":16,"turns":12},{"damage":7,"enemies":"2 Thieves","floor":18,"turns":3},{"damage":39,"enemies":"Spheric Guardian","floor":20,"turns":7},{"damage":60,"enemies":"Book of Stabbing","floor":23,"turns":7}],"seed_played":"-3041458487793607193","potions_obtained":[{"floor":4,"key":"AttackPotion"},{"floor":7,"key":"Strength Potion"},{"floor":12,"key":"Ancient Potion"},{"floor":14,"key":"Fire Potion"},{"floor":16,"key":"Fire Potion"},{"floor":18,"key":"AttackPotion"},{"floor":20,"key":"SkillPotion"}],"is_trial":false,"path_per_floor":["M","?","?","M","M","R","E","R","T","E","M","M","?","M","R","B",null,"M","?","M","?","?","E"],"character_chosen":"IRONCLAD","items_purchased":[],"campfire_rested":0,"item_purchase_floors":[],"current_hp_per_floor":[62,62,62,68,74,74,53,53,53,39,39,43,48,53,53,37,85,84,84,55,55,55,0],"gold":474,"neow_bonus":"ONE_RARE_RELIC","is_prod":false,"is_daily":false,"chose_seed":false,"campfire_upgraded":3,"win_rate":0,"timestamp":1568314365,"path_taken":["M","?","?","M","M","R","E","R","T","E","M","M","?","M","R","BOSS","M","?","?","?","?","E"],"build_version":"2019-07-17","purchased_purges":0,"victory":false,"max_hp_per_floor":[80,80,80,80,80,80,80,80,80,80,80,80,85,85,85,85,85,85,85,85,85,85,85],"card_choices":[{"not_picked":["Cleave","Sword Boomerang"],"picked":"Carnage","floor":1},{"not_picked":["Heavy Blade","Thunderclap"],"picked":"Perfected Strike","floor":4},{"not_picked":["Cleave","Reckless Charge"],"picked":"Burning Pact","floor":5},{"not_picked":["Whirlwind","Sever Soul"],"picked":"Metallicize","floor":7},{"not_picked":["Heavy Blade","Flame Barrier"],"picked":"Barricade","floor":10},{"not_picked":["Rampage","Sword Boomerang"],"picked":"Shrug It Off","floor":11},{"not_picked":["Blood for Blood","Spot Weakness"],"picked":"Ghostly Armor","floor":12},{"not_picked":["True Grit","Iron Wave"],"picked":"Reaper","floor":14},{"not_picked":["Dark Embrace","Bludgeon"],"picked":"Berserk","floor":16},{"not_picked":["Headbutt","Armaments"],"picked":"Intimidate","floor":18},{"not_picked":["Shrug It Off","Wild Strike"],"picked":"Metallicize","floor":20}],"player_experience":54075,"relics_obtained":[{"floor":7,"key":"Bag of Marbles"},{"floor":10,"key":"Mercury Hourglass"}],"event_choices":[{"damage_healed":0,"gold_gain":0,"cards_transformed":["Strike_R"],"player_choice":"Change","damage_taken":0,"max_hp_gain":0,"max_hp_loss":0,"event_name":"Living Wall","floor":2,"gold_loss":0,"cards_obtained":["Immolate"]},{"damage_healed":0,"gold_gain":0,"player_choice":"Take Wound","damage_taken":0,"relics_obtained":["Golden Idol"],"max_hp_gain":0,"max_hp_loss":0,"event_name":"Golden Idol","floor":3,"gold_loss":0,"cards_obtained":["Injury"]},{"damage_healed":0,"gold_gain":0,"player_choice":"Donut","damage_taken":0,"max_hp_gain":5,"max_hp_loss":0,"event_name":"Big Fish","floor":13,"gold_loss":0},{"damage_healed":0,"gold_gain":0,"player_choice":"Upgraded","damage_taken":0,"max_hp_gain":0,"max_hp_loss":0,"event_name":"Upgrade Shrine","floor":19,"gold_loss":0,"cards_upgraded":["Berserk"]},{"damage_healed":0,"gold_gain":0,"player_choice":"Opened","damage_taken":0,"relics_obtained":["Pantograph"],"max_hp_gain":0,"max_hp_loss":0,"event_name":"The Mausoleum","floor":21,"gold_loss":0,"cards_obtained":["Writhe"]},{"damage_healed":0,"gold_gain":0,"player_choice":"Gave Idol","damage_taken":0,"relics_obtained":["Bloody Idol"],"max_hp_gain":0,"max_hp_loss":0,"event_name":"Forgotten Altar","floor":22,"relics_lost":["Golden Idol"],"gold_loss":0}],"is_beta":false,"boss_relics":[{"not_picked":["Philosopher\u0027s Stone","Busted Crown"],"picked":"White Beast Statue"}],"items_purged_floors":[],"is_endless":false,"potions_floor_spawned":[4,7,12,14,16,18,20],"killed_by":"Book of Stabbing","ascension_level":1}