{"gold_per_floor":[117,132,132,144,144,172,172,203,203,215,215,230,61,61,61,139,139,151,151,151],"floor_reached":20,"playtime":770,"items_purged":[],"score":355,"play_id":"d687dc3d-ada2-48ac-b849-6b5f3c1bd6cf","local_time":"20190729004920","is_ascension_mode":true,"campfire_choices":[{"data":"Barrage","floor":7.0,"key":"SMITH"},{"data":"Darkness","floor":11,"key":"SMITH"},{"data":"Chaos","floor":15,"key":"SMITH"}],"neow_cost":"NONE","seed_source_timestamp":119967280633334,"circlet_count":0,"master_deck":["AscendersBane","Strike_B","Strike_B","Defend_B","Defend_B","Defend_B","Defend_B","Zap","Dualcast","Defragment","Beam Cell","Darkness+1","Barrage+1","Lockon","Chaos+1","Biased Cognition","Chill","Stack","Turbo"],"special_seed":0,"relics":["Cracked Core","Dodecahedron","Thread and Needle","Bottled Tornado","Regal Pillow","Philosopher\u0027s Stone"],"potions_floor_usage":[16],"damage_taken":[{"damage":0.0,"enemies":"Cultist","floor":1.0,"turns":3.0},{"damage":0.0,"enemies":"2 Louse","floor":2.0,"turns":2.0},{"damage":4.0,"enemies":"Small Slimes","floor":4.0,"turns":3.0},{"damage":8.0,"enemies":"Gremlin Nob","floor":6.0,"turns":3.0},{"damage":15.0,"enemies":"Lagavulin","floor":8.0,"turns":5.0},{"damage":6,"enemies":"2 Fungi Beasts","floor":10,"turns":4},{"damage":11,"enemies":"3 Louse","floor":12,"turns":4},{"damage":4,"enemies":"Slime Boss","floor":16,"turns":6},{"damage":39,"enemies":"3 Byrds","floor":18,"turns":4},{"damage":40,"enemies":"Chosen","floor":20,"turns":5}],"seed_played":"6601395946933223121","potions_obtained":[{"floor":0.0,"key":"FearPotion"},{"floor":0.0,"key":"Explosive Potion"},{"floor":2.0,"key":"SkillPotion"},{"floor":5.0,"key":"Fruit Juice"},{"floor":5.0,"key":"Dexterity Potion"},{"floor":10,"key":"Block Potion"},{"floor":12,"key":"SteroidPotion"}],"is_trial":false,"path_per_floor":["M","M","?","M","?","E","R","E","T","M","R","M","$","?","R","B",null,"M","?","M"],"character_chosen":"DEFECT","items_purchased":["Regal Pillow"],"campfire_rested":0,"item_purchase_floors":[13],"current_hp_per_floor":[64,64,64,60,65,57,57,42,42,36,36,25,25,50,50,46,69,30,30,0],"gold":151,"neow_bonus":"THREE_SMALL_POTIONS","is_prod":false,"is_daily":false,"chose_seed":false,"campfire_upgraded":3,"win_rate":0,"timestamp":1564375760,"path_taken":["M","M","?","M","?","E","R","E","T","M","R","?","$","?","R","BOSS","M","?","M"],"build_version":"2019-07-17","purchased_purges":0,"victory":false,"max_hp_per_floor":[71,71,71,71,76,76,76,76,76,76,76,76,76,76,76,76,76,76,76,76],"card_choices":[{"not_picked":["Cold Snap","Blizzard"],"picked":"Defragment","floor":1.0},{"not_picked":["Undo","Storm"],"picked":"Beam Cell","floor":2.0},{"not_picked":["Double Energy","Blizzard"],"picked":"Darkness","floor":4.0},{"not_picked":["Conserve Battery","Aggregate"],"picked":"Barrage","floor":6.0},{"not_picked":["White Noise","FTL"],"picked":"Lockon","floor":8.0},{"not_picked":["Self Repair","Beam Cell","Stack"],"picked":"SKIP","floor":10},{"not_picked":["Skim","Lockon"],"picked":"Chaos","floor":12},{"not_picked":["Meteor Strike","Machine Learning"],"picked":"Biased Cognition","floor":16},{"not_picked":["Sunder+1","Darkness"],"picked":"Chill","floor":18}],"player_experience":1645206,"relics_obtained":[{"floor":6.0,"key":"Dodecahedron"},{"floor":8.0,"key":"Thread and Needle"},{"floor":9.0,"key":"Bottled Tornado"}],"event_choices":[{"damage_healed":0.0,"max_hp_gain":0.0,"max_hp_loss":0.0,"gold_gain":0.0,"event_name":"Liars Game","player_choice":"Ignored","floor":3.0,"gold_loss":0.0,"damage_taken":0.0},{"damage_healed":0.0,"max_hp_gain":0.0,"max_hp_loss":0.0,"gold_gain":0.0,"event_name":"Lab","player_choice":"Got Potions","floor":5.0,"gold_loss":0.0,"damage_taken":0.0},{"damage_healed":25,"gold_gain":0,"player_choice":"Banana","damage_taken":0,"max_hp_gain":0,"max_hp_loss":0,"event_name":"Big Fish","floor":14,"gold_loss":0},{"damage_healed":0,"gold_gain":0,"cards_transformed":["Strike_B","Strike_B"],"player_choice":"Became Test Subject","damage_taken":0,"max_hp_gain":0,"max_hp_loss":0,"event_name":"Drug Dealer","floor":19,"gold_loss":0,"cards_obtained":["Stack","Turbo"]}],"is_beta":false,"boss_relics":[{"not_picked":["Snecko Eye","Orrery"],"picked":"Philosopher\u0027s Stone"}],"items_purged_floors":[],"is_endless":false,"potions_floor_spawned":[1,2,10,12],"killed_by":"Chosen","ascension_level":19}