{"gold_per_floor":[111,122,37,54,54,54,81,81,81,111,111,137,137,155,155,155],"floor_reached":16,"playtime":461,"items_purged":[],"score":183,"play_id":"95ac7777-aa30-45c1-acee-c84dc2146ae9","local_time":"20190623025322","is_ascension_mode":true,"campfire_choices":[{"data":"Sunder","floor":6,"key":"SMITH"},{"floor":8,"key":"REST"},{"floor":11,"key":"REST"},{"data":"Redo","floor":13,"key":"SMITH"},{"data":"Capacitor","floor":15,"key":"SMITH"}],"neow_cost":"TEN_PERCENT_HP_LOSS","seed_source_timestamp":31477365151377,"circlet_count":0,"master_deck":["AscendersBane","Strike_B","Strike_B","Strike_B","Strike_B+1","Defend_B","Defend_B","Defend_B","Defend_B","Zap","Dualcast","Conserve Battery","Coolheaded","Sweeping Beam+1","Sunder+1","Compile Driver","Melter","Stack","Redo+1","Capacitor+1"],"relics":["Cracked Core","Calipers","Shuriken","Bottled Flame","Molten Egg 2","Centennial Puzzle"],"potions_floor_usage":[10],"damage_taken":[{"damage":6,"enemies":"Jaw Worm","floor":1,"turns":4},{"damage":1,"enemies":"Cultist","floor":2,"turns":3},{"damage":5,"enemies":"Small Slimes","floor":4,"turns":3},{"damage":12,"enemies":"Lagavulin","floor":7,"turns":6},{"damage":11,"enemies":"Gremlin Nob","floor":10,"turns":3},{"damage":5,"enemies":"3 Sentries","floor":12,"turns":5},{"damage":0,"enemies":"2 Fungi Beasts","floor":14,"turns":1},{"damage":56,"enemies":"Slime Boss","floor":16,"turns":7}],"seed_played":"-2207126293340367993","potions_obtained":[{"floor":4,"key":"Strength Potion"},{"floor":7,"key":"Dexterity Potion"},{"floor":12,"key":"Weak Potion"}],"is_trial":false,"path_per_floor":["M","M","$","M","?","R","E","R","T","E","R","E","R","M","R","B"],"character_chosen":"DEFECT","items_purchased":["Sweeping Beam","Sunder"],"campfire_rested":2,"item_purchase_floors":[3,3],"current_hp_per_floor":[62,61,61,56,42,42,30,50,50,39,59,54,54,54,54,0],"gold":155,"neow_bonus":"ONE_RARE_RELIC","is_prod":false,"is_daily":false,"chose_seed":false,"campfire_upgraded":3,"win_rate":0,"timestamp":1561222402,"path_taken":["M","M","$","M","?","R","E","R","T","E","R","E","R","M","R","BOSS"],"build_version":"2019-01-23","purchased_purges":0,"victory":false,"max_hp_per_floor":[68,68,68,68,68,68,68,68,68,68,68,68,68,68,68,68],"card_choices":[{"not_picked":["Loop","Ball Lightning"],"picked":"Conserve Battery","floor":1},{"not_picked":["Stack","Conserve Battery"],"picked":"Coolheaded","floor":2},{"not_picked":["Turbo","Sweeping Beam"],"picked":"Compile Driver","floor":4},{"not_picked":["FTL","Storm"],"picked":"Melter","floor":7},{"not_picked":["Auto Shields","Sweeping Beam"],"picked":"Stack","floor":10},{"not_picked":["All For One+1","Doom and Gloom+1"],"picked":"Redo","floor":12},{"not_picked":["Tempest","Coolheaded"],"picked":"Capacitor","floor":14}],"player_experience":871704,"relics_obtained":[{"floor":7,"key":"Shuriken"},{"floor":9,"key":"Bottled Flame"},{"floor":10,"key":"Molten Egg 2"},{"floor":12,"key":"Centennial Puzzle"}],"event_choices":[{"damage_healed":0,"gold_gain":0,"player_choice":"Entered Light","damage_taken":14,"max_hp_gain":0,"max_hp_loss":0,"event_name":"Shining Light","floor":5,"gold_loss":0,"cards_upgraded":["Sweeping Beam","Strike_B"]}],"is_beta":false,"boss_relics":[],"items_purged_floors":[],"is_endless":false,"potions_floor_spawned":[4,7,12],"killed_by":"Slime Boss","ascension_level":11}