{"path_per_floor":["M","M","M","?","T","R","?","R","T","M","M","M","M","$","R","B",null,"M","M","$","?","M","R","M","E","T","R","M","M","M","?","R","B",null,"M","M","M","?","?","R","$","?","T","R","M","E","M","M","R","B"],"character_chosen":"THE_SILENT","items_purchased":["After Image","War Paint","Regen Potion","Masterful Stab","Pen Nib","Bane","Dexterity Potion"],"gold_per_floor":[111,121,136,86,157,157,257,257,310,322,337,357,371,21,21,126,126,136,154,14,14,26,26,46,77,77,77,91,111,129,129,129,227,227,243,263,276,276,276,276,27,27,27,27,45,78,97,112,112,112],"floor_reached":51,"campfire_rested":7,"playtime":4339,"current_hp_per_floor":[58,58,52,52,52,52,52,52,52,51,46,26,19,19,40,43,70,59,36,36,36,27,48,45,15,15,36,36,36,36,36,57,57,70,68,37,29,29,29,50,50,50,50,70,70,61,48,44,65,13],"items_purged":["Strike_G","Regret"],"gold":112,"score":720,"play_id":"fc82e7ae-b00d-41b6-8c13-98d92989b52c","local_time":"20180321002458","is_prod":false,"is_daily":false,"is_ascension_mode":false,"campfire_upgraded":2,"timestamp":1521606298,"path_taken":["M","M","M","?","?","R","?","R","T","M","M","M","M","$","R","BOSS","M","M","$","?","M","R","M","E","T","R","?","M","M","?","R","BOSS","M","M","M","?","?","R","$","?","T","R","M","E","M","M","R","BOSS"],"build_version":"2018-03-15v3","purchased_purges":2,"victory":true,"master_deck":["Defend_G+1","Survivor","Neutralize","Tactician","Wraith Form+1","Flechettes+1","Deflect","Leg Sweep+1","Blade Dance","Expertise","Dodge and Roll","Deflect","After Image","Adrenaline","Poisoned Stab","Masterful Stab","Predator+1","Backstab","Infinite Blades+1","Writhe","Finisher","Prepared","Choke+1","Deadly Poison","Adrenaline","Night Terror+1","Dodge and Roll+1","Tools of the Trade+1","Sucker Punch+1","Eviscerate+1","Footwork+1","Bane","Bane+1","Reflex","Deflect+1","Backstab+1"],"max_hp_per_floor":[70,70,70,70,70,70,70,70,70,70,70,70,70,70,70,70,70,70,70,70,70,70,70,70,70,70,70,70,70,70,70,70,70,70,70,70,70,70,70,70,70,70,70,70,70,70,70,70,70,70],"relics":["Ring of the Snake","Paper Crane","Snake Skull","War Paint","Cursed Key","Tough Bandages","Thread and Needle","Astrolabe","Pen Nib","Omamori","Bag of Preparation","Bottled Tornado"],"card_choices":[{"not_picked":["Dagger Spray","Poisoned Stab"],"picked":"Flechettes"},{"not_picked":["Slice","PiercingWail"],"picked":"Deflect"},{"not_picked":["Backstab","Night Terror"],"picked":"Leg Sweep"},{"not_picked":["Finisher","Predator"],"picked":"Blade Dance"},{"not_picked":["Outmaneuver","Flying Knee"],"picked":"Expertise"},{"not_picked":["Flechettes","Outmaneuver"],"picked":"Dodge and Roll"},{"not_picked":["Expertise","Finisher"],"picked":"Deflect"},{"not_picked":["A Thousand Cuts","Phantasmal Killer"],"picked":"Adrenaline"},{"not_picked":["Poisoned Stab","Blur"],"picked":"Heel Hook"},{"not_picked":["Quick Slash","Blade Dance"],"picked":"Poisoned Stab"},{"not_picked":["Catalyst","Flying Knee"],"picked":"Predator"},{"not_picked":["Flying Knee","Dash"],"picked":"Backstab"},{"not_picked":["Outmaneuver","Heel Hook"],"picked":"Infinite Blades"},{"not_picked":["Dagger Spray","Predator"],"picked":"Finisher"},{"not_picked":["Slice","Acrobatics"],"picked":"Prepared"},{"not_picked":["Dagger Spray","Prepared"],"picked":"Choke"},{"not_picked":["A Thousand Cuts","Doppelganger"],"picked":"Adrenaline"},{"not_picked":["Dagger Spray","Deadly Poison"],"picked":"Sucker Punch"},{"not_picked":["Malaise","Deadly Poison"],"picked":"Eviscerate"},{"not_picked":["Bane","Slice"],"picked":"Footwork"},{"not_picked":["Sucker Punch","Flying Knee"],"picked":"Bane"},{"not_picked":["Doppelganger","Night Terror"],"picked":"Reflex"},{"not_picked":["Backflip","Slice"],"picked":"Deflect"},{"not_picked":["Dodge and Roll","Dagger Spray"],"picked":"Backstab"}],"player_experience":37221,"potions_floor_usage":[12,12,16,16,25,33,33,37,46,50,50,50],"damage_taken":[{"damage":12,"enemies":"Jaw Worm","floor":1,"turns":8},{"damage":0,"enemies":"2 Louse","floor":2,"turns":3},{"damage":6,"enemies":"Cultist","floor":3,"turns":5},{"damage":1,"enemies":"Exordium Wildlife","floor":10,"turns":5},{"damage":5,"enemies":"2 Fungi Beasts","floor":11,"turns":4},{"damage":20,"enemies":"Lots of Slimes","floor":12,"turns":6},{"damage":7,"enemies":"3 Louse","floor":13,"turns":4},{"damage":12,"enemies":"The Guardian","floor":16,"turns":15},{"damage":11,"enemies":"Chosen","floor":18,"turns":4},{"damage":23,"enemies":"3 Byrds","floor":19,"turns":5},{"damage":9,"enemies":"Snecko","floor":22,"turns":6},{"damage":3,"enemies":"Sentry and Sphere","floor":24,"turns":6},{"damage":30,"enemies":"Slavers","floor":25,"turns":6},{"damage":0,"enemies":"Snake Plant","floor":28,"turns":6},{"damage":0,"enemies":"Cultist and Chosen","floor":29,"turns":7},{"damage":0,"enemies":"Snecko","floor":30,"turns":5},{"damage":0,"enemies":"Automaton","floor":33,"turns":11},{"damage":2,"enemies":"3 Darklings","floor":35,"turns":5},{"damage":31,"enemies":"3 Shapes","floor":36,"turns":3},{"damage":8,"enemies":"Sphere and 2 Shapes","floor":37,"turns":7},{"damage":0,"enemies":"Maw","floor":45,"turns":8},{"damage":9,"enemies":"2 Orb Walkers","floor":46,"turns":4},{"damage":13,"enemies":"3 Darklings","floor":47,"turns":5},{"damage":4,"enemies":"4 Shapes","floor":48,"turns":5},{"damage":52,"enemies":"Donu and Deca","floor":50,"turns":10}],"event_choices":[{"event_name":"The Cleric","player_choice":"Card Removal","floor":4,"damage_taken":0},{"event_name":"Golden Shrine","player_choice":"Pray","floor":7,"damage_taken":0},{"event_name":"Back to Basics","player_choice":"Elegance","floor":21,"damage_taken":0},{"event_name":"Transmorgrifier","player_choice":"Transform","floor":31,"damage_taken":0},{"event_name":"Tomb of Lord Red Mask","player_choice":"Ignored","floor":38,"damage_taken":0},{"event_name":"Accursed Blacksmith","player_choice":"Rummage","floor":42,"damage_taken":0}],"boss_relics":[{"not_picked":["Snecko Eye","White Beast Statue"],"picked":"Cursed Key"},{"not_picked":["Black Star","Sozu"],"picked":"Astrolabe"}],"potions_floor_spawned":[2,3,11,19,22,24,29,30,36,45,46,48],"seed_played":"1300242871155032493","ascension_level":0,"is_trial":false}