{"gold_per_floor":[168,179,179,25,25,25,59,77,77,95,95,109,109,124,124,247,247,271,124,124,124,149,149,169,169,196,196,215,255,274,287,287,287],"floor_reached":33,"playtime":1544,"items_purged":["Strike_G"],"score":363,"play_id":"be7c71ea-b7ec-4db5-8952-720e9420063a","local_time":"20180812114652","is_ascension_mode":true,"campfire_choices":[{"floor":6,"key":"REST"},{"floor":13,"key":"REST"},{"data":"Bane","floor":15,"key":"SMITH"},{"data":"Backflip","floor":23,"key":"SMITH"},{"data":"Envenom","floor":25,"key":"SMITH"},{"floor":27,"key":"REST"},{"floor":32,"key":"REST"}],"neow_cost":"NONE","seed_source_timestamp":2737335367193897,"circlet_count":0,"master_deck":["Defend_G","Defend_G+1","Defend_G","Defend_G","Defend_G","Strike_G+1","Strike_G","Strike_G+1","Survivor","Neutralize","Dagger Throw","Deadly Poison","Backflip+1","Bane+1","Envenom+1","Deadly Poison","Bane","Doppelganger","Bouncing Flask+1","Calculated Gamble","Catalyst","Blade Dance+1"],"relics":["Tiny House","Snake Skull","Mango","Anchor","Ornamental Fan","Golden Idol","Runic Dome","Vajra","Oddly Smooth Stone"],"potions_floor_usage":[7,7,24,30,33,33],"damage_taken":[{"damage":7,"enemies":"Jaw Worm","floor":1,"turns":6},{"damage":3,"enemies":"Small Slimes","floor":2,"turns":4},{"damage":25,"enemies":"Lagavulin","floor":7,"turns":6},{"damage":1,"enemies":"Cultist","floor":8,"turns":4},{"damage":0,"enemies":"Exordium Wildlife","floor":10,"turns":3},{"damage":0,"enemies":"Looter","floor":12,"turns":3},{"damage":0,"enemies":"3 Louse","floor":14,"turns":3},{"damage":12,"enemies":"The Guardian","floor":16,"turns":9},{"damage":13,"enemies":"Shell Parasite","floor":18,"turns":4},{"damage":0,"enemies":"Spheric Guardian","floor":22,"turns":3},{"damage":12,"enemies":"Snake Plant","floor":24,"turns":3},{"damage":15,"enemies":"3 Cultists","floor":28,"turns":5},{"damage":6,"enemies":"Book of Stabbing","floor":29,"turns":3},{"damage":4,"enemies":"Chosen and Byrds","floor":30,"turns":4},{"damage":8,"enemies":"Snake Plant","floor":31,"turns":3},{"damage":69,"enemies":"Automaton","floor":33,"turns":6}],"seed_played":"6027837955520888172","potions_obtained":[{"floor":0,"key":"Regen Potion"},{"floor":2,"key":"Energy Potion"},{"floor":7,"key":"Ancient Potion"},{"floor":16,"key":"SkillPotion"},{"floor":18,"key":"SmokeBomb"},{"floor":29,"key":"Block Potion"},{"floor":30,"key":"Energy Potion"}],"is_trial":false,"path_per_floor":["M","M","?","$","?","R","E","M","T","M","?","M","R","M","R","B",null,"M","$","?","?","M","R","M","R","T","R","M","E","M","M","R"],"character_chosen":"THE_SILENT","items_purchased":["Snake Skull","Calculated Gamble"],"campfire_rested":4,"item_purchase_floors":[4,19],"current_hp_per_floor":[61,58,43,43,32,58,48,47,47,47,47,47,71,71,71,59,76,63,63,63,63,63,63,51,51,51,75,60,54,50,42,66,0],"gold":287,"neow_bonus":"BOSS_RELIC","is_prod":false,"is_daily":false,"chose_seed":false,"campfire_upgraded":3,"win_rate":0,"timestamp":1534088812,"path_taken":["M","M","?","$","?","R","E","M","T","M","?","M","R","M","R","BOSS","M","$","?","?","M","R","M","R","T","R","M","E","?","?","R","BOSS"],"build_version":"2018-08-09","purchased_purges":1,"victory":false,"max_hp_per_floor":[75,75,75,75,89,89,89,89,89,89,82,82,82,82,82,82,82,82,82,82,82,82,82,82,82,82,82,82,82,82,82,82,82],"card_choices":[{"not_picked":["Sucker Punch","Distraction"],"picked":"Dagger Throw","floor":0},{"not_picked":["Acrobatics","Riddle With Holes"],"picked":"Deadly Poison","floor":1},{"not_picked":["Deflect","Finisher"],"picked":"Backflip","floor":2},{"not_picked":["Choke","Quick Slash","Caltrops"],"picked":"SKIP","floor":7},{"not_picked":["Slice","Escape Plan"],"picked":"Bane","floor":8},{"not_picked":["Reflex","Calculated Gamble"],"picked":"Envenom","floor":10},{"not_picked":["Calculated Gamble","Underhanded Strike"],"picked":"Deadly Poison","floor":12},{"not_picked":["Backflip","Backstab"],"picked":"Bane","floor":14},{"not_picked":["Night Terror","Wraith Form v2"],"picked":"Doppelganger","floor":16},{"not_picked":["Backflip","Blade Dance"],"picked":"Bouncing Flask+1","floor":18},{"not_picked":["Outmaneuver","Dodge and Roll","All Out Attack"],"picked":"SKIP","floor":22},{"not_picked":["Phantasmal Killer","Bane"],"picked":"Catalyst","floor":24},{"not_picked":["Deadly Poison","Backflip","Acrobatics+1"],"picked":"SKIP","floor":28},{"not_picked":["Cloak And Dagger","Blade Dance","Heel Hook"],"picked":"SKIP","floor":29},{"not_picked":["Finisher+1","PiercingWail+1","Dodge and Roll"],"picked":"SKIP","floor":30},{"not_picked":["Dagger Spray+1","Flying Knee"],"picked":"Blade Dance+1","floor":31}],"player_experience":412641,"relics_obtained":[{"floor":7,"key":"Anchor"},{"floor":9,"key":"Ornamental Fan"},{"floor":26,"key":"Vajra"},{"floor":29,"key":"Oddly Smooth Stone"}],"event_choices":[{"event_name":"Shining Light","player_choice":"Entered Light","floor":3,"damage_taken":0},{"event_name":"Scrap Ooze","player_choice":"success","floor":5,"damage_taken":25},{"event_name":"Golden Idol","player_choice":"Lose Max HP","floor":11,"damage_taken":0},{"event_name":"Back to Basics","player_choice":"Elegance","floor":20,"damage_taken":0},{"event_name":"Vampires","player_choice":"Ignored","floor":21,"damage_taken":0}],"is_beta":false,"boss_relics":[{"not_picked":["Orrery","Cursed Key"],"picked":"Runic Dome"}],"items_purged_floors":[19],"is_endless":false,"potions_floor_spawned":[2,7,16,18,22,29,30],"killed_by":"Automaton","ascension_level":7}