{"gold_per_floor":[113,124,140,65,76,108,108,118,144,109,109,8,36,36,36,112,112,102,117,117,128,128],"floor_reached":22,"playtime":1240,"items_purged":["Strike_G"],"score":333,"play_id":"bb9fdc51-b1ca-41fe-a0b3-fa52fb80f0fa","local_time":"20181221025845","is_ascension_mode":true,"campfire_choices":[{"floor":7.0,"key":"REST"},{"data":"Neutralize","floor":11.0,"key":"SMITH"},{"floor":15,"key":"REST"}],"neow_cost":"NONE","seed_source_timestamp":5348674370242,"circlet_count":0,"master_deck":["AscendersBane","Defend_G","Defend_G","Defend_G","Defend_G","Defend_G","Strike_G","Survivor","Neutralize+1","Underhanded Strike","Backstab","Choke","Infinite Blades","Flying Knee","Malaise","Deflect","Prepared+1","Escape Plan"],"special_seed":0,"relics":["Ring of the Snake","Sundial","Ancient Tea Set","Potion Belt","Nloth\u0027s Gift"],"potions_floor_usage":[13,16,16,19],"damage_taken":[{"damage":1.0,"enemies":"Cultist","floor":1.0,"turns":4.0},{"damage":14.0,"enemies":"Small Slimes","floor":2.0,"turns":5.0},{"damage":0.0,"enemies":"2 Louse","floor":3.0,"turns":3.0},{"damage":20.0,"enemies":"Gremlin Gang","floor":5.0,"turns":7.0},{"damage":44.0,"enemies":"3 Sentries","floor":6.0,"turns":14.0},{"damage":1.0,"enemies":"2 Fungi Beasts","floor":8.0,"turns":3.0},{"damage":15,"enemies":"Lagavulin","floor":13,"turns":5},{"damage":5,"enemies":"Slime Boss","floor":16,"turns":10},{"damage":17,"enemies":"2 Thieves","floor":18,"turns":4},{"damage":0,"enemies":"Chosen","floor":19,"turns":9},{"damage":30,"enemies":"Snecko","floor":21,"turns":7},{"damage":18,"enemies":"Sentry and Sphere","floor":22,"turns":4}],"seed_played":"-3530424741783081299","potions_obtained":[{"floor":2.0,"key":"Regen Potion"},{"floor":6.0,"key":"GhostInAJar"},{"floor":13,"key":"GhostInAJar"},{"floor":18,"key":"EssenceOfSteel"},{"floor":21,"key":"Fire Potion"}],"is_trial":false,"path_per_floor":["M","M","M","$","M","E","R","M","T","?","R","$","E","?","R","B",null,"M","M","?","M","M"],"character_chosen":"THE_SILENT","items_purchased":["PowerPotion","Block Potion"],"campfire_rested":2,"item_purchase_floors":[12,12],"current_hp_per_floor":[64,50,50,50,45,1,22,21,21,39,39,39,24,24,45,40,64,47,47,47,17,0],"gold":128,"neow_bonus":"TEN_PERCENT_HP_BONUS","is_prod":false,"is_daily":false,"chose_seed":false,"campfire_upgraded":1,"win_rate":0,"timestamp":1545379125,"path_taken":["M","M","M","$","?","E","R","M","T","?","R","$","E","?","R","BOSS","M","?","?","?","M"],"build_version":"2018-12-20","purchased_purges":1,"victory":false,"max_hp_per_floor":[72,72,72,72,72,72,72,72,72,72,72,72,72,72,72,72,72,72,72,72,72,72],"card_choices":[{"not_picked":["Deflect","PiercingWail"],"picked":"Underhanded Strike","floor":1.0},{"not_picked":["Sucker Punch","Dagger Spray"],"picked":"Backstab","floor":2.0},{"not_picked":["Blur","Leg Sweep","Underhanded Strike"],"picked":"SKIP","floor":3.0},{"not_picked":["Dagger Spray","Deflect"],"picked":"Choke","floor":5.0},{"not_picked":["Dagger Spray","Predator","Burst"],"picked":"SKIP","floor":6.0},{"not_picked":["Dash","Riddle With Holes"],"picked":"Infinite Blades","floor":8.0},{"not_picked":["Tactician","Deadly Poison"],"picked":"Flying Knee","floor":13},{"not_picked":["Die Die Die","Glass Knife"],"picked":"Malaise","floor":16},{"not_picked":["Sucker Punch","Cloak And Dagger"],"picked":"Deflect","floor":18},{"not_picked":["Acrobatics","Dagger Throw"],"picked":"Prepared+1","floor":19},{"not_picked":["Deadly Poison","PiercingWail"],"picked":"Escape Plan","floor":21}],"player_experience":936185,"relics_obtained":[{"floor":6.0,"key":"Sundial"},{"floor":9.0,"key":"Ancient Tea Set"},{"floor":13,"key":"Potion Belt"}],"event_choices":[{"damage_healed":18.0,"max_hp_gain":0.0,"max_hp_loss":0.0,"gold_gain":0.0,"event_name":"The Cleric","player_choice":"Healed","floor":10.0,"gold_loss":35.0,"damage_taken":0.0},{"cards_removed":["Strike_G"],"damage_healed":0,"gold_gain":0,"player_choice":"Offered Basic","damage_taken":0,"max_hp_gain":0,"max_hp_loss":0,"event_name":"Bonfire Elementals","floor":14,"gold_loss":0},{"damage_healed":0,"gold_gain":0,"player_choice":"Traded Relic","damage_taken":0,"relics_obtained":["Nloth\u0027s Gift"],"max_hp_gain":0,"max_hp_loss":0,"event_name":"N\u0027loth","floor":20,"relics_lost":["Empty Cage"],"gold_loss":0}],"is_beta":false,"boss_relics":[{"not_picked":["Ectoplasm","Astrolabe"],"picked":"Empty Cage"}],"items_purged_floors":[4],"is_endless":false,"potions_floor_spawned":[2,6,13,18,21],"killed_by":"Sentry and Sphere","ascension_level":14}