{"gold_per_floor":[219,236,236,256,267,267,302,314,340,340,370,370,131,150,150,150],"floor_reached":16,"playtime":1478,"items_purged":[],"score":122,"play_id":"5b6045ec-a3a1-4386-a030-78fd948886a9","local_time":"20190912121224","is_ascension_mode":true,"campfire_choices":[{"floor":6,"key":"REST"},{"floor":10,"key":"REST"},{"floor":12,"key":"REST"},{"floor":15,"key":"RECALL"}],"neow_cost":"NONE","seed_source_timestamp":71278496359000,"circlet_count":0,"master_deck":["Strike_G","Strike_G","Strike_G+1","Strike_G","Strike_G","Defend_G","Defend_G","Defend_G","Defend_G","Defend_G+1","Survivor","Neutralize","Footwork","Quick Slash","Flechettes","Acrobatics","Adrenaline","Dagger Throw"],"relics":["Ring of the Snake","Bag of Marbles","Bronze Scales","Singing Bowl"],"potions_floor_usage":[7,7,7,16],"damage_taken":[{"damage":0,"enemies":"2 Louse","floor":1,"turns":4},{"damage":0,"enemies":"Small Slimes","floor":2,"turns":4},{"damage":0,"enemies":"Jaw Worm","floor":4,"turns":4},{"damage":10,"enemies":"Large Slime","floor":5,"turns":9},{"damage":53,"enemies":"Lagavulin","floor":7,"turns":14},{"damage":0,"enemies":"Blue Slaver","floor":8,"turns":4},{"damage":4,"enemies":"Exordium Thugs","floor":14,"turns":4},{"damage":57,"enemies":"Slime Boss","floor":16,"turns":9}],"seed_played":"-9206794235334405091","potions_obtained":[{"floor":1,"key":"Fire Potion"},{"floor":4,"key":"Weak Potion"},{"floor":5,"key":"Weak Potion"},{"floor":8,"key":"GamblersBrew"}],"is_trial":false,"path_per_floor":["M","M","?","M","M","R","E","M","T","R","?","R","$","M","R","B"],"character_chosen":"THE_SILENT","items_purchased":["Singing Bowl"],"campfire_rested":3,"item_purchase_floors":[13],"current_hp_per_floor":[70,70,56,56,46,67,14,14,14,35,35,56,56,54,54,0],"gold":150,"neow_bonus":"HUNDRED_GOLD","is_prod":false,"is_daily":false,"chose_seed":false,"campfire_upgraded":0,"win_rate":0,"timestamp":1568308344,"path_taken":["M","M","?","M","M","R","E","M","T","R","?","R","$","M","R","BOSS"],"build_version":"2019-07-17","purchased_purges":0,"victory":false,"max_hp_per_floor":[70,70,70,70,70,70,70,70,70,70,70,70,70,72,72,72],"card_choices":[{"not_picked":["Dagger Throw","Escape Plan"],"picked":"Footwork","floor":1},{"not_picked":["Deflect","Deadly Poison"],"picked":"Quick Slash","floor":2},{"not_picked":["PiercingWail","Well Laid Plans"],"picked":"Flechettes","floor":4},{"not_picked":["Deadly Poison","Quick Slash"],"picked":"Acrobatics","floor":5},{"not_picked":["Quick Slash","Deflect"],"picked":"Adrenaline","floor":7},{"not_picked":["Deadly Poison","Blade Dance"],"picked":"Dagger Throw","floor":8},{"not_picked":["Tactician","Reflex","Slice"],"picked":"Singing Bowl","floor":14}],"player_experience":351659,"relics_obtained":[{"floor":7,"key":"Bag of Marbles"}],"event_choices":[{"damage_healed":0,"gold_gain":0,"player_choice":"Entered Light","damage_taken":14,"max_hp_gain":0,"max_hp_loss":0,"event_name":"Shining Light","floor":3,"gold_loss":0,"cards_upgraded":["Strike_G","Defend_G"]},{"damage_healed":0,"gold_gain":30,"player_choice":"Searched \u00272\u0027 times","damage_taken":0,"relics_obtained":["Bronze Scales"],"max_hp_gain":0,"max_hp_loss":0,"event_name":"Dead Adventurer","floor":11,"gold_loss":0}],"is_beta":false,"boss_relics":[],"items_purged_floors":[],"is_endless":false,"potions_floor_spawned":[1,4,5,8],"killed_by":"Slime Boss","ascension_level":4}