{"gold_per_floor":[115,134,144,154,174,174,199,199,256,274,274,288,78,91,91,195,195,213,229,229,4,4,32,32,49,122,156,156,3,3,33,33,138,138,156,168,25,25,25,25,57,57,130,130,130,180,180,75,75,75],"floor_reached":51,"playtime":3562,"items_purged":[],"score":1287,"play_id":"dd6f3db5-b2c6-41b0-a313-1147b3b34c24","local_time":"20180724114941","is_ascension_mode":true,"campfire_choices":[{"data":"Havoc","floor":6,"key":"SMITH"},{"data":"Havoc","floor":11,"key":"SMITH"},{"data":"Havoc","floor":15,"key":"SMITH"},{"data":"Transmutation","floor":24,"key":"SMITH"},{"data":"Armaments","floor":28,"key":"SMITH"},{"data":"Armaments","floor":32,"key":"SMITH"},{"data":"Corruption","floor":40,"key":"SMITH"},{"data":"Sentinel","floor":42,"key":"SMITH"},{"data":"Feel No Pain","floor":44,"key":"SMITH"},{"data":"Spot Weakness","floor":47,"key":"SMITH"},{"data":"Flame Barrier","floor":49,"key":"SMITH"}],"neow_cost":"TEN_PERCENT_HP_LOSS","seed_source_timestamp":1093842949026066,"circlet_count":0,"master_deck":["Bash","Havoc+1","Clothesline","Feel No Pain+1","Havoc+1","Carnage","Sentinel+1","Havoc+1","Seeing Red","Transmutation+1","Flame Barrier","Impervious+1","Armaments+1","Sword Boomerang","Warcry+1","Spot Weakness+1","Warcry","Armaments+1","Twin Strike","Thunderclap","Corruption+1","Flame Barrier+1","Shockwave","RitualDagger","Disarm+1","Burning Pact+1","Fiend Fire","Warcry+1","Havoc+1","Panacea"],"relics":["Burning Blood","Dead Branch","Red Skull","Tiny Chest","Pandora\u0027s Box","Oddly Smooth Stone","Omamori","Mercury Hourglass","Bag of Preparation","Lantern","Ice Cream","Coffee Dripper","Vajra","Bird Faced Urn","Blood Vial","Kunai","War Paint"],"potions_floor_usage":[4,5,16,16,50,50,50],"damage_taken":[{"damage":6,"enemies":"Small Slimes","floor":1,"turns":3},{"damage":2,"enemies":"Jaw Worm","floor":2,"turns":3},{"damage":5,"enemies":"Cultist","floor":3,"turns":4},{"damage":28,"enemies":"Exordium Wildlife","floor":4,"turns":6},{"damage":5,"enemies":"3 Louse","floor":5,"turns":2},{"damage":22,"enemies":"3 Sentries","floor":7,"turns":7},{"damage":1,"enemies":"Blue Slaver","floor":10,"turns":5},{"damage":1,"enemies":"2 Fungi Beasts","floor":12,"turns":2},{"damage":1,"enemies":"Exordium Wildlife","floor":14,"turns":3},{"damage":52,"enemies":"Slime Boss","floor":16,"turns":8},{"damage":7,"enemies":"Chosen","floor":18,"turns":6},{"damage":0,"enemies":"Shell Parasite","floor":19,"turns":4},{"damage":0,"enemies":"Slavers","floor":23,"turns":2},{"damage":5,"enemies":"Centurion and Healer","floor":25,"turns":5},{"damage":11,"enemies":"Book of Stabbing","floor":27,"turns":5},{"damage":0,"enemies":"Gremlin Leader","floor":31,"turns":2},{"damage":8,"enemies":"Champ","floor":33,"turns":5},{"damage":15,"enemies":"3 Darklings","floor":35,"turns":4},{"damage":0,"enemies":"Orb Walker","floor":36,"turns":4},{"damage":10,"floor":39,"turns":5},{"damage":3,"enemies":"Giant Head","floor":41,"turns":1},{"damage":17,"enemies":"Time Eater","floor":50,"turns":6}],"seed_played":"-3927821134607556268","potions_obtained":[{"floor":2,"key":"SkillPotion"},{"floor":3,"key":"Explosive Potion"},{"floor":7,"key":"Fire Potion"},{"floor":12,"key":"Regen Potion"},{"floor":25,"key":"Ancient Potion"},{"floor":27,"key":"Explosive Potion"},{"floor":31,"key":"GamblersBrew"},{"floor":33,"key":"EssenceOfSteel"},{"floor":36,"key":"Strength Potion"}],"is_trial":false,"path_per_floor":["M","M","M","M","M","R","E","?","T","M","R","M","$","M","R","B",null,"M","M","?","$","?","E","R","M","T","E","R","$","?","E","R","B",null,"M","M","$","?","?","R","E","R","T","R","$","T","R","$","R","B"],"character_chosen":"IRONCLAD","items_purchased":["Transmutation","Shockwave","Oddly Smooth Stone","Lantern","Vajra","Panacea"],"campfire_rested":0,"item_purchase_floors":[13,21,21,29,37,48],"current_hp_per_floor":[72,72,72,50,51,51,35,40,40,45,45,50,50,55,55,14,77,76,77,63,63,57,66,66,85,85,80,80,80,80,85,85,83,85,76,82,82,85,81,81,85,85,85,85,85,85,85,85,85,84],"gold":75,"neow_bonus":"ONE_RARE_RELIC","is_prod":false,"is_daily":false,"chose_seed":false,"campfire_upgraded":11,"win_rate":0,"timestamp":1532447381,"path_taken":["M","M","M","M","M","R","E","?","T","M","R","M","$","M","R","BOSS","M","M","?","$","?","E","R","M","T","E","R","$","?","E","R","BOSS","M","M","$","?","?","R","E","R","T","R","?","?","R","?","R","BOSS"],"build_version":"2018-07-19v2","purchased_purges":0,"victory":true,"max_hp_per_floor":[72,72,72,72,72,72,72,77,77,77,77,77,77,77,77,77,77,77,77,82,82,82,85,85,85,85,85,85,85,85,85,85,85,85,85,85,85,85,85,85,85,85,85,85,85,85,85,85,85,85],"card_choices":[{"not_picked":["Twin Strike","Thunderclap"],"picked":"Havoc","floor":1},{"not_picked":["Battle Trance","Combust"],"picked":"Clothesline","floor":2},{"not_picked":["Havoc","Cleave"],"picked":"Feel No Pain","floor":3},{"not_picked":["Pommel Strike","Sentinel"],"picked":"Havoc","floor":4},{"not_picked":["Pommel Strike","Anger"],"picked":"Carnage","floor":5},{"not_picked":["Evolve","Inflame"],"picked":"Sentinel","floor":7},{"not_picked":["Warcry","Iron Wave"],"picked":"Havoc","floor":10},{"not_picked":["Juggernaut","Perfected Strike"],"picked":"Seeing Red","floor":12},{"not_picked":["Armaments","Headbutt"],"picked":"Flame Barrier","floor":14},{"not_picked":["Bludgeon","Reaper"],"picked":"Impervious","floor":16},{"not_picked":["Headbutt","Flex"],"picked":"Corruption","floor":18},{"not_picked":["Clothesline+1","Seeing Red"],"picked":"Flame Barrier","floor":19},{"not_picked":["Shockwave+1","Searing Blow+1"],"picked":"Disarm+1","floor":23},{"not_picked":["Twin Strike","Headbutt","Wild Strike+1"],"picked":"SKIP","floor":25},{"not_picked":["Clash","Evolve","Reaper"],"picked":"SKIP","floor":27},{"not_picked":["Perfected Strike+1","Metallicize"],"picked":"Burning Pact+1","floor":31},{"not_picked":["Double Tap","Juggernaut"],"picked":"Fiend Fire","floor":33},{"not_picked":["Clash+1","Headbutt+1"],"picked":"Warcry+1","floor":35},{"not_picked":["Headbutt","Cleave+1","Armaments+1"],"picked":"SKIP","floor":36},{"not_picked":["Intimidate","Immolate"],"picked":"Havoc+1","floor":41}],"player_experience":307714,"relics_obtained":[{"floor":7,"key":"Red Skull"},{"floor":9,"key":"Tiny Chest"},{"floor":23,"key":"Omamori"},{"floor":26,"key":"Mercury Hourglass"},{"floor":27,"key":"Bag of Preparation"},{"floor":31,"key":"Ice Cream"},{"floor":39,"key":"Bird Faced Urn"},{"floor":41,"key":"Blood Vial"},{"floor":43,"key":"Kunai"},{"floor":46,"key":"War Paint"}],"event_choices":[{"event_name":"Big Fish","player_choice":"Donut","floor":8,"damage_taken":0},{"event_name":"Forgotten Altar","player_choice":"Shed Blood","floor":20,"damage_taken":0},{"event_name":"Nest","player_choice":"Joined the Cult","floor":22,"damage_taken":0},{"event_name":"Back to Basics","player_choice":"Elegance","floor":30,"damage_taken":0},{"event_name":"Winding Halls","player_choice":"Writhe","floor":38,"damage_taken":0},{"event_name":"MindBloom","player_choice":"Fight","floor":39,"damage_taken":0}],"is_beta":false,"boss_relics":[{"not_picked":["Eternal Feather","Velvet Choker"],"picked":"Pandora\u0027s Box"},{"not_picked":["Black Blood","Runic Cube"],"picked":"Coffee Dripper"}],"items_purged_floors":[],"is_endless":false,"potions_floor_spawned":[2,3,7,12,25,27,31,33,36,41],"ascension_level":4}