{"gold_per_floor":[117,38,54,54,54,54,90,111,111,124,165,165,208,208,208,208],"floor_reached":16,"playtime":520,"items_purged":[],"score":286,"play_id":"3a4d0ad9-cb6d-4cf8-b0db-a148509da1f6","local_time":"20190503111943","is_ascension_mode":true,"campfire_choices":[{"data":"Noxious Fumes","floor":6,"key":"SMITH"},{"floor":12,"key":"REST"},{"floor":15,"key":"REST"}],"neow_cost":"NONE","seed_source_timestamp":781345818116154,"circlet_count":0,"master_deck":["AscendersBane","Defend_G","Defend_G","Defend_G","Defend_G","Defend_G","Strike_G","Strike_G","Strike_G","Strike_G","Strike_G","Survivor","Neutralize","Backflip","Noxious Fumes+1","Calculated Gamble","Dagger Throw","Quick Slash","Underhanded Strike+1","Escape Plan+1"],"relics":["Ring of the Snake","NeowsBlessing","Golden Idol","Potion Belt","The Courier","Molten Egg 2","Toxic Egg 2"],"potions_floor_usage":[11,13,16,16],"damage_taken":[{"damage":0,"enemies":"Jaw Worm","floor":1,"turns":1},{"damage":0,"enemies":"2 Louse","floor":3,"turns":1},{"damage":0,"enemies":"Gremlin Nob","floor":7,"turns":1},{"damage":1,"enemies":"Cultist","floor":8,"turns":4},{"damage":3,"enemies":"3 Louse","floor":10,"turns":4},{"damage":22,"enemies":"Lagavulin","floor":11,"turns":7},{"damage":24,"enemies":"Gremlin Nob","floor":13,"turns":4},{"damage":37,"enemies":"Slime Boss","floor":16,"turns":8}],"seed_played":"3584873472210202937","potions_obtained":[{"floor":1,"key":"Explosive Potion"},{"floor":7,"key":"FearPotion"},{"floor":11,"key":"Strength Potion"},{"floor":13,"key":"Explosive Potion"}],"is_trial":false,"path_per_floor":["M","$","M","?","?","R","E","M","T","M","E","R","E","?","R","B"],"character_chosen":"THE_SILENT","items_purchased":["Noxious Fumes"],"campfire_rested":2,"item_purchase_floors":[2],"current_hp_per_floor":[59,59,59,59,50,50,50,49,49,46,24,42,18,18,36,0],"gold":208,"neow_bonus":"THREE_ENEMY_KILL","is_prod":false,"is_daily":false,"chose_seed":false,"campfire_upgraded":1,"win_rate":0,"timestamp":1556896783,"path_taken":["M","$","M","?","?","R","E","M","T","?","E","R","E","?","R","BOSS"],"build_version":"2019-01-23","purchased_purges":0,"victory":false,"max_hp_per_floor":[66,66,66,60,60,60,60,60,60,60,60,60,60,60,60,60],"card_choices":[{"not_picked":["Heel Hook","Deflect"],"picked":"Backflip","floor":1},{"not_picked":["PiercingWail","Backflip"],"picked":"Calculated Gamble","floor":3},{"not_picked":["Calculated Gamble","Footwork"],"picked":"Dagger Throw","floor":7},{"not_picked":["Expertise","Prepared","Setup"],"picked":"SKIP","floor":8},{"not_picked":["Dagger Throw","Deflect"],"picked":"Quick Slash","floor":10},{"not_picked":["PiercingWail","Dagger Throw"],"picked":"Underhanded Strike","floor":11},{"not_picked":["Sucker Punch+1","Accuracy"],"picked":"Escape Plan","floor":13}],"player_experience":1372614,"relics_obtained":[{"floor":7,"key":"Potion Belt"},{"floor":9,"key":"The Courier"},{"floor":11,"key":"Molten Egg 2"},{"floor":13,"key":"Toxic Egg 2"}],"event_choices":[{"damage_healed":0,"gold_gain":0,"player_choice":"Lose Max HP","damage_taken":0,"relics_obtained":["Golden Idol"],"max_hp_gain":0,"max_hp_loss":6,"event_name":"Golden Idol","floor":4,"gold_loss":0},{"damage_healed":0,"gold_gain":0,"player_choice":"Damaged","damage_taken":9,"max_hp_gain":0,"max_hp_loss":0,"event_name":"Wheel of Change","floor":5,"gold_loss":0},{"damage_healed":0,"gold_gain":0,"player_choice":"Ignored","damage_taken":0,"max_hp_gain":0,"max_hp_loss":0,"event_name":"Liars Game","floor":14,"gold_loss":0}],"is_beta":false,"boss_relics":[],"items_purged_floors":[],"is_endless":false,"potions_floor_spawned":[1,7,11,13],"killed_by":"Slime Boss","ascension_level":20}