{"gold_per_floor":[113,127,140,140,158,188,188,214,291,291,24,24,50,61,61,61],"floor_reached":16,"playtime":772,"items_purged":["Strike_B"],"score":265,"play_id":"96b0bf4b-74cc-4cbe-9991-7218a859f824","local_time":"20190826015253","is_ascension_mode":true,"campfire_choices":[{"floor":7,"key":"REST"},{"floor":10,"key":"REST"},{"data":"Defragment","floor":15,"key":"SMITH"}],"neow_cost":"NONE","seed_source_timestamp":2543052468758464,"circlet_count":0,"master_deck":["AscendersBane","Strike_B","Strike_B","Strike_B+1","Defend_B","Defend_B","Defend_B","Defend_B","Zap","Dualcast","Compile Driver+1","FTL+1","Rip and Tear","Fusion","Defragment+1","Chill","Redo","Conserve Battery"],"relics":["Cracked Core","Smiling Mask","Boot","Mango","Bottled Lightning","Sling","Whetstone"],"potions_floor_usage":[6,6,8,8,14,16,16],"damage_taken":[{"damage":9,"enemies":"Jaw Worm","floor":1,"turns":4},{"damage":2,"enemies":"Cultist","floor":2,"turns":4},{"damage":3,"enemies":"2 Louse","floor":3,"turns":2},{"damage":6,"enemies":"Looter","floor":5,"turns":2},{"damage":24,"enemies":"Lagavulin","floor":6,"turns":8},{"damage":40,"enemies":"3 Sentries","floor":8,"turns":6},{"damage":14,"enemies":"Lagavulin","floor":13,"turns":6},{"damage":9,"enemies":"Exordium Thugs","floor":14,"turns":6},{"damage":23,"enemies":"Hexaghost","floor":16,"turns":7}],"seed_played":"-6633094125132968710","potions_obtained":[{"floor":2,"key":"SpeedPotion"},{"floor":5,"key":"EntropicBrew"},{"floor":8,"key":"FearPotion"},{"floor":13,"key":"Swift Potion"},{"floor":14,"key":"SteroidPotion"}],"is_trial":false,"path_per_floor":["M","M","M","?","M","E","R","E","T","R","$","?","E","M","R","B"],"character_chosen":"DEFECT","items_purchased":["Sling"],"campfire_rested":2,"item_purchase_floors":[11],"current_hp_per_floor":[55,53,50,50,44,20,41,15,15,40,40,45,31,22,22,0],"gold":61,"neow_bonus":"RANDOM_COMMON_RELIC","is_prod":false,"is_daily":false,"chose_seed":false,"campfire_upgraded":1,"win_rate":0,"timestamp":1566798773,"path_taken":["M","M","M","?","M","E","R","E","T","R","?","?","E","M","R","BOSS"],"build_version":"2019-07-17","purchased_purges":1,"victory":false,"max_hp_per_floor":[71,71,71,71,71,71,71,85,85,85,85,90,90,90,90,90],"card_choices":[{"not_picked":["Redo","Reprogram"],"picked":"Compile Driver","floor":1},{"not_picked":["Recycle","Compile Driver"],"picked":"FTL","floor":2},{"not_picked":["Gash","Storm"],"picked":"Rip and Tear","floor":3},{"not_picked":["BootSequence","Storm"],"picked":"Fusion","floor":5},{"not_picked":["Stack","Redo"],"picked":"Defragment","floor":6},{"not_picked":["Cold Snap","Defragment"],"picked":"Chill","floor":8},{"not_picked":["Compile Driver","Steam"],"picked":"Redo","floor":13},{"not_picked":["Streamline","Fusion"],"picked":"Conserve Battery","floor":14}],"player_experience":1858297,"relics_obtained":[{"floor":6,"key":"Boot"},{"floor":8,"key":"Mango"},{"floor":9,"key":"Bottled Lightning"},{"floor":13,"key":"Whetstone"}],"event_choices":[{"damage_healed":0,"gold_gain":0,"player_choice":"Upgraded","damage_taken":0,"max_hp_gain":0,"max_hp_loss":0,"event_name":"Upgrade Shrine","floor":4,"gold_loss":0,"cards_upgraded":["FTL"]},{"damage_healed":0,"gold_gain":0,"player_choice":"Donut","damage_taken":0,"max_hp_gain":5,"max_hp_loss":0,"event_name":"Big Fish","floor":12,"gold_loss":0}],"is_beta":false,"boss_relics":[],"items_purged_floors":[11],"is_endless":false,"potions_floor_spawned":[2,5,8,13,14],"killed_by":"Hexaghost","ascension_level":20}