{"gold_per_floor":[115,135,135,45,61,61,336,351,351,351,4,4,30,47,47,124,124,134,148,168,178,69,69,69],"floor_reached":24,"playtime":766,"items_purged":[],"score":356,"play_id":"c8cb025b-c921-4e37-9724-ab0d5253f167","local_time":"20190808010444","is_ascension_mode":true,"campfire_choices":[{"data":"Zap","floor":6,"key":"SMITH"},{"floor":10,"key":"REST"},{"data":"Storm","floor":12,"key":"SMITH"},{"floor":15,"key":"REST"},{"floor":23,"key":"REST"}],"neow_cost":"NONE","seed_source_timestamp":73882287683818,"circlet_count":0,"master_deck":["AscendersBane","Strike_B","Strike_B","Strike_B","Strike_B","Defend_B","Defend_B","Defend_B","Defend_B+1","Zap+1","Dualcast","Ball Lightning+1","Compile Driver","Self Repair","Cold Snap","Regret","Auto Shields","Storm+1","Heatsinks","Sweeping Beam","Rainbow","Chill","Gash+1","Capacitor","BootSequence"],"relics":["Cracked Core","Art of War","WingedGreaves","Mummified Hand","FossilizedHelix","Sozu","Singing Bowl"],"potions_floor_usage":[8,13,13,16],"damage_taken":[{"damage":0,"enemies":"2 Louse","floor":1,"turns":2},{"damage":0,"enemies":"Small Slimes","floor":2,"turns":2},{"damage":6,"enemies":"Cultist","floor":5,"turns":3},{"damage":24,"enemies":"Gremlin Gang","floor":8,"turns":3},{"damage":16,"enemies":"3 Sentries","floor":13,"turns":8},{"damage":0,"enemies":"2 Fungi Beasts","floor":14,"turns":2},{"damage":34,"enemies":"The Guardian","floor":16,"turns":10},{"damage":15,"enemies":"Shell Parasite","floor":18,"turns":5},{"damage":8,"enemies":"3 Byrds","floor":19,"turns":6},{"damage":35,"enemies":"Shelled Parasite and Fungi","floor":20,"turns":6},{"damage":13,"enemies":"Snake Plant","floor":21,"turns":4},{"damage":45,"enemies":"Gremlin Leader","floor":24,"turns":5}],"seed_played":"-2070468952349064984","potions_obtained":[{"floor":2,"key":"Weak Potion"},{"floor":5,"key":"AttackPotion"},{"floor":8,"key":"FearPotion"},{"floor":14,"key":"Poison Potion"}],"is_trial":false,"path_per_floor":["M","M","?","$","M","R","?","M","T","R","$","R","E","M","R","B",null,"M","M","M","M","?","R","E"],"character_chosen":"DEFECT","items_purchased":["Self Repair","Mummified Hand","Storm"],"campfire_rested":3,"item_purchase_floors":[4,11,11],"current_hp_per_floor":[64,64,43,43,44,44,44,27,27,48,48,48,32,39,60,33,62,54,53,25,19,19,40,0],"gold":69,"neow_bonus":"RANDOM_COMMON_RELIC","is_prod":false,"is_daily":false,"chose_seed":false,"campfire_upgraded":2,"win_rate":0,"timestamp":1565190284,"path_taken":["M","M","?","$","M","R","?","?","T","R","$","R","E","M","R","BOSS","M","?","M","M","?","R","E"],"build_version":"2019-07-17","purchased_purges":0,"victory":false,"max_hp_per_floor":[71,71,71,71,71,71,71,71,71,71,71,71,71,71,71,71,71,71,71,71,71,71,71,71],"card_choices":[{"not_picked":["Gash","Loop"],"picked":"Ball Lightning","floor":1},{"not_picked":["Skim","Storm"],"picked":"Compile Driver","floor":2},{"not_picked":["Ball Lightning","Steam"],"picked":"Cold Snap","floor":5},{"not_picked":["Steam Power","Rebound"],"picked":"Auto Shields","floor":8},{"not_picked":["Gash","Tempest"],"picked":"Heatsinks","floor":13},{"not_picked":["Darkness","Steam Power"],"picked":"Sweeping Beam","floor":14},{"not_picked":["Thunder Strike","All For One"],"picked":"Rainbow","floor":16},{"not_picked":["Turbo","Cold Snap"],"picked":"Chill","floor":18},{"not_picked":["Leap","Scrape"],"picked":"Gash+1","floor":19},{"not_picked":["Skim","Streamline+1"],"picked":"Capacitor","floor":20},{"not_picked":["Barrage","Streamline"],"picked":"BootSequence","floor":21}],"player_experience":1162462,"relics_obtained":[{"floor":9,"key":"WingedGreaves"},{"floor":13,"key":"FossilizedHelix"}],"event_choices":[{"damage_healed":0,"gold_gain":0,"player_choice":"Entered Light","damage_taken":21,"max_hp_gain":0,"max_hp_loss":0,"event_name":"Shining Light","floor":3,"gold_loss":0,"cards_upgraded":["Defend_B","Ball Lightning"]},{"damage_healed":0,"gold_gain":275,"player_choice":"Desecrate","damage_taken":0,"max_hp_gain":0,"max_hp_loss":0,"event_name":"Golden Shrine","floor":7,"gold_loss":0,"cards_obtained":["Regret"]},{"damage_healed":0,"gold_gain":0,"player_choice":"Paid Gold","damage_taken":0,"relics_obtained":["Singing Bowl"],"max_hp_gain":0,"max_hp_loss":0,"event_name":"WeMeetAgain","floor":22,"gold_loss":109}],"is_beta":false,"boss_relics":[{"not_picked":["Ectoplasm","Tiny House"],"picked":"Sozu"}],"items_purged_floors":[],"is_endless":false,"potions_floor_spawned":[2,5,8,14,19],"killed_by":"Gremlin Leader","ascension_level":16}