{"gold_per_floor":[211,222,222,237,247,247,282,282,282,23,43,43,93,118,118,238,238,256,27,27,46,87,87,111,111,180,180,214,235,12,90,90,219,219,234,12,25,25,25,64,64,64,64,64,77,77,91,111,111,111],"floor_reached":51,"playtime":3202,"items_purged":["Regret","Strike_R"],"score":954,"play_id":"a99e5b3f-73f1-4a58-b1d7-88b41729a7d9","local_time":"20190519124559","is_ascension_mode":true,"campfire_choices":[{"data":"Rampage","floor":6.0,"key":"SMITH"},{"floor":8.0,"key":"REST"},{"floor":15.0,"key":"REST"},{"data":"Inflame","floor":23.0,"key":"SMITH"},{"floor":25.0,"key":"REST"},{"data":"Shrug It Off","floor":27.0,"key":"SMITH"},{"floor":32.0,"key":"REST"},{"data":"Barricade","floor":41.0,"key":"SMITH"},{"data":"Bash","floor":44.0,"key":"SMITH"},{"data":"Wild Strike","floor":46.0,"key":"SMITH"},{"data":"Anger","floor":49,"key":"SMITH"}],"neow_cost":"NONE","seed_source_timestamp":0,"circlet_count":0,"master_deck":["Strike_R+1","Strike_R+1","Strike_R+1","Strike_R+1","Defend_R+1","Defend_R+1","Defend_R+1","Defend_R+1","Bash+1","Shrug It Off+1","Rampage+1","Flame Barrier+1","Impervious+1","Battle Trance+1","Whirlwind","Armaments+1","Wild Strike+1","Infernal Blade+1","Seeing Red+1","Offering+1","Shrug It Off+1","Armaments+1","Inflame+1","True Grit+1","True Grit+1","Body Slam+1","Burning Pact+1","Anger+1","Intimidate+1","Second Wind+1","Bloodletting+1","Barricade+1","Feel No Pain+1","Body Slam+1","Spot Weakness+1","Entrench+1","Panacea+1","Finesse+1","Battle Trance+1","Flex+1","Infernal Blade+1","Hemokinesis+1","True Grit+1","Sever Soul+1","Headbutt+1"],"special_seed":0,"relics":["Burning Blood","Toxic Egg 2","Unceasing Top","Prayer Wheel","Oddly Smooth Stone","Golden Idol","Runic Cube","Red Mask","Shuriken","Bag of Preparation","Bronze Scales","Sundial","Mark of Pain","Art of War","Blue Candle"],"potions_floor_usage":[50,50],"damage_taken":[{"damage":15.0,"enemies":"Jaw Worm","floor":1.0,"turns":5.0},{"damage":7.0,"enemies":"Small Slimes","floor":2.0,"turns":4.0},{"damage":8.0,"enemies":"2 Louse","floor":4.0,"turns":3.0},{"damage":8.0,"enemies":"Blue Slaver","floor":5.0,"turns":5.0},{"damage":49.0,"enemies":"3 Sentries","floor":7.0,"turns":11.0},{"damage":3.0,"enemies":"Exordium Wildlife","floor":11.0,"turns":4.0},{"damage":0.0,"enemies":"Large Slime","floor":14.0,"turns":6.0},{"damage":34.0,"enemies":"Hexaghost","floor":16.0,"turns":12.0},{"damage":7.0,"enemies":"Spheric Guardian","floor":18.0,"turns":6.0},{"damage":0.0,"enemies":"3 Byrds","floor":21.0,"turns":6.0},{"damage":32.0,"enemies":"Masked Bandits","floor":22.0,"turns":5.0},{"damage":13.0,"enemies":"Cultist and Chosen","floor":24.0,"turns":6.0},{"damage":26.0,"enemies":"Gremlin Leader","floor":28.0,"turns":5.0},{"damage":23.0,"enemies":"Centurion and Healer","floor":29.0,"turns":10.0},{"damage":36.0,"enemies":"Automaton","floor":33.0,"turns":11.0},{"damage":17.0,"enemies":"3 Darklings","floor":35.0,"turns":3.0},{"damage":0.0,"enemies":"3 Shapes","floor":37.0,"turns":3.0},{"damage":9.0,"enemies":"Giant Head","floor":40.0,"turns":6.0},{"damage":0.0,"enemies":"Transient","floor":45.0,"turns":5.0},{"damage":7.0,"enemies":"3 Darklings","floor":47.0,"turns":6.0},{"damage":9.0,"enemies":"Jaw Worm Horde","floor":48.0,"turns":3.0},{"damage":47,"enemies":"Awakened One","floor":50,"turns":13}],"seed_played":"7544778613794622832","potions_obtained":[{"floor":5.0,"key":"Ancient Potion"},{"floor":7.0,"key":"Strength Potion"},{"floor":14.0,"key":"SkillPotion"},{"floor":24.0,"key":"Swift Potion"},{"floor":29.0,"key":"Poison Potion"},{"floor":35.0,"key":"Block Potion"},{"floor":47.0,"key":"Dexterity Potion"},{"floor":48.0,"key":"BloodPotion"}],"is_trial":false,"path_per_floor":["M","M","?","M","M","R","E","R","T","$","M","?","?","M","R","B",null,"M","$","?","M","?","R","M","R","T","R","E","M","$","T","R","B",null,"M","$","M","?","$","E","R","?","T","R","M","R","M","M","R","B",null],"character_chosen":"IRONCLAD","items_purchased":["Whirlwind","Oddly Smooth Stone","Inflame","True Grit+1","Bronze Scales","EssenceOfSteel","Spot Weakness+1","Entrench+1","Regen Potion"],"campfire_rested":4,"item_purchase_floors":[10,10,19,19,30,30,36,36,36],"current_hp_per_floor":[63,62,62,60,58,58,15,39,39,39,42,42,42,48,70,42,66,65,65,65,71,45,45,38,60,60,60,40,23,23,23,45,15,59,48,48,54,49,49,61,61,61,61,61,67,67,66,63,63,29],"gold":111,"neow_bonus":"HUNDRED_GOLD","is_prod":false,"is_daily":false,"chose_seed":false,"campfire_upgraded":7,"win_rate":0,"timestamp":1558233959,"path_taken":["M","M","?","M","M","R","E","R","T","$","M","?","?","M","R","BOSS","M","$","?","M","?","R","M","R","T","R","E","M","?","?","R","BOSS","M","$","M","?","$","E","R","?","T","R","M","R","M","M","R","BOSS"],"build_version":"2019-01-23","purchased_purges":2,"victory":true,"max_hp_per_floor":[80,80,80,80,80,80,80,80,80,80,80,74,74,74,74,74,74,74,74,74,74,74,74,74,74,74,74,74,74,74,74,74,74,74,74,74,74,74,74,74,74,74,74,74,74,74,74,74,74,74],"card_choices":[{"not_picked":["Sword Boomerang","Warcry"],"picked":"Shrug It Off","floor":1.0},{"not_picked":["Headbutt","Body Slam"],"picked":"Rampage","floor":2.0},{"not_picked":["Reckless Charge","Heavy Blade"],"picked":"Flame Barrier+1","floor":4.0},{"not_picked":["Anger","Sword Boomerang"],"picked":"Impervious+1","floor":5.0},{"not_picked":["Anger","Clash"],"picked":"Battle Trance+1","floor":7.0},{"not_picked":["Wild Strike","Exhume+1"],"picked":"Armaments+1","floor":11.0},{"not_picked":["Anger","True Grit+1"],"picked":"Wild Strike","floor":11.0},{"not_picked":["True Grit+1","Perfected Strike"],"picked":"Infernal Blade+1","floor":14.0},{"not_picked":["Armaments+1","Combust"],"picked":"Seeing Red+1","floor":14.0},{"not_picked":["Reaper","Brutality"],"picked":"Offering+1","floor":16.0},{"not_picked":["Second Wind+1","Perfected Strike+1"],"picked":"Shrug It Off+1","floor":18.0},{"not_picked":["Clothesline","Iron Wave"],"picked":"Armaments+1","floor":18.0},{"not_picked":["Headbutt","Blood for Blood"],"picked":"True Grit+1","floor":21.0},{"not_picked":["Reckless Charge+1","Limit Break+1"],"picked":"Body Slam+1","floor":21.0},{"not_picked":["Wild Strike","Flame Barrier+1"],"picked":"Burning Pact+1","floor":24.0},{"not_picked":["Whirlwind","Combust+1"],"picked":"Anger","floor":24.0},{"not_picked":["Ghostly Armor+1","Pommel Strike+1"],"picked":"Intimidate+1","floor":28.0},{"not_picked":["Perfected Strike","Searing Blow"],"picked":"Second Wind+1","floor":29.0},{"not_picked":["Wild Strike","Combust+1"],"picked":"Bloodletting+1","floor":29.0},{"not_picked":["Offering+1","Exhume+1"],"picked":"Barricade","floor":33.0},{"not_picked":["Body Slam+1","Dual Wield+1"],"picked":"Feel No Pain+1","floor":35.0},{"not_picked":["Rupture","Body Slam+1","Thunderclap+1"],"picked":"SKIP","floor":35.0},{"not_picked":["Rupture","Thunderclap+1"],"picked":"Body Slam+1","floor":35.0},{"not_picked":["Heavy Blade","Anger+1","Perfected Strike+1"],"picked":"SKIP","floor":37.0},{"not_picked":["Twin Strike+1","Armaments+1","Searing Blow"],"picked":"SKIP","floor":37.0},{"not_picked":["Impatience+1","Dramatic Entrance"],"picked":"Panacea+1","floor":38.0},{"not_picked":["PanicButton+1","Violence+1"],"picked":"Finesse+1","floor":38.0},{"not_picked":["Wild Strike+1","Clash+1"],"picked":"Battle Trance+1","floor":40.0},{"not_picked":["Reckless Charge","Twin Strike"],"picked":"Flex+1","floor":45.0},{"not_picked":["Perfected Strike","Iron Wave+1"],"picked":"Infernal Blade+1","floor":45.0},{"not_picked":["Headbutt","Offering+1"],"picked":"Hemokinesis+1","floor":47.0},{"not_picked":["Perfected Strike","Flex+1"],"picked":"True Grit+1","floor":47.0},{"not_picked":["Feel No Pain","Cleave"],"picked":"Sever Soul+1","floor":48.0},{"not_picked":["Flex+1","Sword Boomerang+1"],"picked":"Headbutt+1","floor":48.0}],"player_experience":642038,"relics_obtained":[{"floor":7.0,"key":"Unceasing Top"},{"floor":9.0,"key":"Prayer Wheel"},{"floor":22.0,"key":"Red Mask"},{"floor":26.0,"key":"Shuriken"},{"floor":28.0,"key":"Bag of Preparation"},{"floor":31.0,"key":"Sundial"},{"floor":40.0,"key":"Art of War"},{"floor":43.0,"key":"Blue Candle"}],"event_choices":[{"damage_healed":0.0,"max_hp_gain":0.0,"max_hp_loss":0.0,"gold_gain":0.0,"event_name":"Big Fish","player_choice":"Box","floor":3.0,"gold_loss":0.0,"damage_taken":0.0,"relics_obtained":["Toxic Egg 2"],"cards_obtained":["Regret"]},{"damage_healed":0.0,"max_hp_gain":0.0,"max_hp_loss":6.0,"gold_gain":0.0,"event_name":"Golden Idol","player_choice":"Lose Max HP","floor":12.0,"gold_loss":0.0,"damage_taken":0.0,"relics_obtained":["Golden Idol"]},{"damage_healed":0.0,"max_hp_gain":0.0,"max_hp_loss":0.0,"gold_gain":50.0,"event_name":"Golden Wing","player_choice":"Gained Gold","floor":13.0,"gold_loss":0.0,"damage_taken":0.0},{"damage_healed":0.0,"max_hp_gain":0.0,"max_hp_loss":0.0,"gold_gain":0.0,"event_name":"Back to Basics","player_choice":"Simplicity","floor":20.0,"gold_loss":0.0,"damage_taken":0.0,"cards_upgraded":["Strike_R","Strike_R","Strike_R","Strike_R","Defend_R","Defend_R","Defend_R","Defend_R"]},{"damage_healed":0.0,"max_hp_gain":0.0,"max_hp_loss":0.0,"gold_gain":0.0,"event_name":"Masked Bandits","player_choice":"Fought Bandits","floor":22.0,"gold_loss":0.0,"damage_taken":0.0},{"damage_healed":0.0,"max_hp_gain":0.0,"max_hp_loss":0.0,"gold_gain":0.0,"event_name":"SensoryStone","player_choice":"Memory 2","floor":38.0,"gold_loss":0.0,"damage_taken":5.0},{"damage_healed":0.0,"max_hp_gain":0.0,"max_hp_loss":0.0,"gold_gain":0.0,"event_name":"The Moai Head","player_choice":"Ignored","floor":42.0,"gold_loss":0.0,"damage_taken":0.0}],"is_beta":false,"boss_relics":[{"not_picked":["Pandora\u0027s Box","Fusion Hammer"],"picked":"Runic Cube"},{"not_picked":["Velvet Choker","Sozu"],"picked":"Mark of Pain"}],"items_purged_floors":[10,19],"is_endless":false,"potions_floor_spawned":[5,7,14,24,29,35,47,48],"ascension_level":6}