{"gold_per_floor":[115,131,149,162,162,192,192,192,192,192,202,202,216,235,235,310,310,321,340,255,266,266,266,281,13,13,13,13,13,43,58,58,133,133,152,171,0,0],"floor_reached":38,"playtime":1577,"items_purged":["Grand Finale"],"score":761,"play_id":"1683d0ff-099e-44fa-ae14-705e81467d8f","local_time":"20190807071325","is_ascension_mode":true,"campfire_choices":[{"data":"Burst","floor":7,"key":"SMITH"},{"data":"Dodge and Roll","floor":10,"key":"SMITH"},{"data":"Footwork","floor":12,"key":"SMITH"},{"data":"Bouncing Flask","floor":15,"key":"SMITH"},{"floor":23,"key":"REST"},{"data":"Tools of the Trade","floor":28,"key":"SMITH"},{"floor":32,"key":"REST"}],"neow_cost":"NONE","seed_source_timestamp":8791106126474,"circlet_count":0,"master_deck":["AscendersBane","Survivor","Neutralize+1","Dodge and Roll+1","Backstab","Dash","Deadly Poison","Burst+1","Footwork+1","Bouncing Flask+1","Poisoned Stab","Corpse Explosion","Finisher","Backstab","Skewer","Tools of the Trade+1","Accuracy","Finisher","Escape Plan","Flying Knee","Poisoned Stab","PiercingWail","Tactician","PiercingWail","Calculated Gamble","Forethought","Heel Hook+1","Noxious Fumes+1","Bullet Time","Escape Plan","Deadly Poison"],"relics":["Ring of the Snake","NeowsBlessing","Thread and Needle","Letter Opener","Whetstone","Pandora\u0027s Box","Vajra","Shuriken","PreservedInsect","Busted Crown","Red Mask"],"potions_floor_usage":[24,33,36,38],"damage_taken":[{"damage":0,"enemies":"Cultist","floor":1,"turns":1},{"damage":0,"enemies":"Small Slimes","floor":2,"turns":1},{"damage":0,"enemies":"2 Louse","floor":3,"turns":1},{"damage":1,"enemies":"2 Fungi Beasts","floor":4,"turns":4},{"damage":10,"enemies":"Gremlin Nob","floor":6,"turns":5},{"damage":0,"enemies":"Blue Slaver","floor":11,"turns":4},{"damage":7,"enemies":"Lots of Slimes","floor":13,"turns":4},{"damage":0,"enemies":"3 Louse","floor":14,"turns":3},{"damage":16,"enemies":"The Guardian","floor":16,"turns":10},{"damage":15,"enemies":"2 Thieves","floor":18,"turns":3},{"damage":2,"enemies":"3 Byrds","floor":19,"turns":4},{"damage":13,"enemies":"Centurion and Healer","floor":21,"turns":5},{"damage":17,"enemies":"Chosen and Byrds","floor":24,"turns":6},{"damage":30,"enemies":"Gremlin Leader","floor":30,"turns":9},{"damage":0,"enemies":"Snake Plant","floor":31,"turns":2},{"damage":33,"enemies":"Collector","floor":33,"turns":10},{"damage":30,"enemies":"3 Darklings","floor":35,"turns":4},{"damage":15,"enemies":"3 Shapes","floor":36,"turns":4},{"damage":15,"enemies":"Spire Growth","floor":38,"turns":3}],"seed_played":"1133853613728737444","potions_obtained":[{"floor":4,"key":"GhostInAJar"},{"floor":6,"key":"Block Potion"},{"floor":8,"key":"FairyPotion"},{"floor":35,"key":"Regen Potion"},{"floor":36,"key":"Poison Potion"}],"is_trial":false,"path_per_floor":["M","M","M","M","T","E","R","?","T","R","M","R","M","M","R","B",null,"M","M","?","M","?","R","M","$","T","?","R","$","E","M","R","B",null,"M","M","?","M"],"character_chosen":"THE_SILENT","items_purchased":["Forethought","GhostInAJar"],"campfire_rested":2,"item_purchase_floors":[25,25],"current_hp_per_floor":[59,59,59,58,58,48,48,48,48,48,48,48,41,41,41,25,56,41,39,39,26,26,45,28,28,28,41,41,41,11,11,30,6,51,21,11,11,0],"gold":0,"neow_bonus":"THREE_ENEMY_KILL","is_prod":false,"is_daily":false,"chose_seed":false,"campfire_upgraded":5,"win_rate":0,"timestamp":1565126005,"path_taken":["M","M","M","?","?","E","R","?","T","R","M","R","M","M","R","BOSS","M","M","?","M","?","R","M","$","T","?","R","?","E","?","R","BOSS","M","M","?","M"],"build_version":"2019-07-17","purchased_purges":1,"victory":false,"max_hp_per_floor":[66,66,66,66,66,66,66,66,66,66,66,66,66,66,66,66,66,66,66,66,66,66,66,66,66,66,66,66,66,66,66,66,66,66,66,66,66,66],"card_choices":[{"not_picked":["Sucker Punch","Blade Dance"],"picked":"Dodge and Roll","floor":1},{"not_picked":["Quick Slash","Dodge and Roll"],"picked":"Backstab","floor":2},{"not_picked":["Masterful Stab","Slice"],"picked":"Dash","floor":3},{"not_picked":["Masterful Stab","Deflect"],"picked":"Deadly Poison","floor":4},{"not_picked":["Distraction","PiercingWail"],"picked":"Burst","floor":6},{"not_picked":["Slice","Catalyst"],"picked":"Footwork","floor":11},{"not_picked":["Prepared","Dagger Throw"],"picked":"Bouncing Flask","floor":13},{"not_picked":["Dodge and Roll","All Out Attack"],"picked":"Poisoned Stab","floor":14},{"not_picked":["Malaise","After Image"],"picked":"Corpse Explosion","floor":16},{"not_picked":["All Out Attack","Deadly Poison+1"],"picked":"PiercingWail","floor":18},{"not_picked":["Dodge and Roll","Flechettes"],"picked":"Tactician","floor":19},{"not_picked":["Sucker Punch","Reflex"],"picked":"PiercingWail","floor":21},{"not_picked":["Masterful Stab","Doppelganger"],"picked":"Calculated Gamble","floor":24},{"not_picked":["Burst","Eviscerate"],"picked":"Heel Hook+1","floor":30},{"not_picked":["Bouncing Flask","Setup"],"picked":"Noxious Fumes+1","floor":31},{"not_picked":["Storm of Steel","After Image"],"picked":"Bullet Time","floor":33},{"not_picked":[],"picked":"Escape Plan","floor":35},{"not_picked":[],"picked":"Deadly Poison","floor":36}],"player_experience":1154920,"relics_obtained":[{"floor":5,"key":"Thread and Needle"},{"floor":6,"key":"Letter Opener"},{"floor":9,"key":"Whetstone"},{"floor":26,"key":"Shuriken"},{"floor":30,"key":"PreservedInsect"}],"event_choices":[{"damage_healed":0,"gold_gain":0,"player_choice":"Got Potions","damage_taken":0,"max_hp_gain":0,"max_hp_loss":0,"event_name":"Lab","floor":8,"gold_loss":0},{"damage_healed":0,"gold_gain":0,"player_choice":"Obtained Relic","damage_taken":0,"relics_obtained":["Vajra"],"max_hp_gain":0,"max_hp_loss":0,"event_name":"Addict","floor":20,"gold_loss":85},{"damage_healed":0,"gold_gain":0,"player_choice":"Ignored","damage_taken":0,"max_hp_gain":0,"max_hp_loss":0,"event_name":"Ghosts","floor":22,"gold_loss":0},{"damage_healed":13,"gold_gain":0,"player_choice":"Heal","damage_taken":0,"max_hp_gain":0,"max_hp_loss":0,"event_name":"The Library","floor":27,"gold_loss":0},{"damage_healed":0,"gold_gain":0,"player_choice":"Paid","damage_taken":0,"relics_obtained":["Red Mask"],"max_hp_gain":0,"max_hp_loss":0,"event_name":"Tomb of Lord Red Mask","floor":37,"gold_loss":171}],"is_beta":false,"boss_relics":[{"not_picked":["Orrery","Black Star"],"picked":"Pandora\u0027s Box"},{"not_picked":["Coffee Dripper","Ring of the Serpent"],"picked":"Busted Crown"}],"items_purged_floors":[25],"is_endless":false,"potions_floor_spawned":[4,6,13,18,21,30,35,36],"killed_by":"Spire Growth","ascension_level":16}