{"gold_per_floor":[117,117,117,267,292,292,323,335,347,359,17,92,116,159,159,159],"floor_reached":16,"playtime":353,"items_purged":[],"score":249,"play_id":"8382a297-0dd5-4856-8e01-e242ce1ee124","local_time":"20190906085532","is_ascension_mode":true,"campfire_choices":[{"data":"Zap","floor":6,"key":"SMITH"},{"data":"Undo","floor":8,"key":"SMITH"},{"floor":15,"key":"REST"}],"neow_cost":"NONE","seed_source_timestamp":74982253842896,"circlet_count":0,"master_deck":["AscendersBane","Strike_B","Strike_B","Strike_B","Strike_B","Defend_B","Defend_B","Defend_B","Defend_B","Zap+1","Dualcast","Chill","Injury","Doubt","Undo+1","Doom and Gloom","Defragment","Mind Blast","Compile Driver","Hologram","Hello World"],"relics":["Cracked Core","NeowsBlessing","Letter Opener","Golden Idol","MawBank","Peace Pipe","Mercury Hourglass","Dream Catcher","Anchor"],"potions_floor_usage":[14],"damage_taken":[{"damage":0,"enemies":"2 Louse","floor":1,"turns":1},{"damage":0,"enemies":"Small Slimes","floor":5,"turns":1},{"damage":0,"enemies":"Lagavulin","floor":7,"turns":2},{"damage":12,"enemies":"Jaw Worm","floor":13,"turns":2},{"damage":21,"enemies":"3 Sentries","floor":14,"turns":6},{"damage":37,"enemies":"The Guardian","floor":16,"turns":8}],"seed_played":"1534873572686933639","potions_obtained":[{"floor":7,"key":"SmokeBomb"},{"floor":13,"key":"SneckoOil"}],"is_trial":false,"path_per_floor":["M","?","?","?","M","R","E","R","T","T","$","?","M","E","R","B"],"character_chosen":"DEFECT","items_purchased":["Defragment","Dream Catcher","Mind Blast"],"campfire_rested":1,"item_purchase_floors":[11,11,11],"current_hp_per_floor":[64,53,53,53,53,53,53,53,53,53,53,42,30,9,30,0],"gold":159,"neow_bonus":"THREE_ENEMY_KILL","is_prod":false,"is_daily":false,"chose_seed":false,"campfire_upgraded":2,"win_rate":0,"timestamp":1567724132,"path_taken":["M","?","?","?","M","R","E","R","T","?","$","?","M","E","R","BOSS"],"build_version":"2019-07-17","purchased_purges":0,"victory":false,"max_hp_per_floor":[71,71,71,71,71,71,71,71,71,71,71,71,71,71,71,71],"card_choices":[{"not_picked":["Beam Cell","Conserve Battery"],"picked":"Chill","floor":1},{"not_picked":["Static Discharge","Rebound"],"picked":"Undo","floor":5},{"not_picked":["Conserve Battery","Buffer"],"picked":"Doom and Gloom","floor":7},{"not_picked":["Auto Shields","Scrape"],"picked":"Compile Driver","floor":13},{"not_picked":["Steam","Genetic Algorithm"],"picked":"Hologram","floor":14},{"not_picked":["Turbo","Thunder Strike"],"picked":"Hello World","floor":15}],"player_experience":1259255,"relics_obtained":[{"floor":7,"key":"MawBank"},{"floor":9,"key":"Peace Pipe"},{"floor":10,"key":"Mercury Hourglass"},{"floor":14,"key":"Anchor"}],"event_choices":[{"damage_healed":0,"gold_gain":0,"player_choice":"Success","damage_taken":11,"relics_obtained":["Letter Opener"],"max_hp_gain":0,"max_hp_loss":0,"event_name":"Scrap Ooze","floor":2,"gold_loss":0},{"damage_healed":0,"gold_gain":0,"player_choice":"Take Wound","damage_taken":0,"relics_obtained":["Golden Idol"],"max_hp_gain":0,"max_hp_loss":0,"event_name":"Golden Idol","floor":3,"gold_loss":0,"cards_obtained":["Injury"]},{"damage_healed":0,"gold_gain":150,"player_choice":"AGREE","damage_taken":0,"max_hp_gain":0,"max_hp_loss":0,"event_name":"Liars Game","floor":4,"gold_loss":0,"cards_obtained":["Doubt"]},{"damage_healed":0,"gold_gain":75,"player_choice":"Gather Gold","damage_taken":11,"max_hp_gain":0,"max_hp_loss":0,"event_name":"World of Goop","floor":12,"gold_loss":0}],"is_beta":false,"boss_relics":[],"items_purged_floors":[],"is_endless":false,"potions_floor_spawned":[7,13],"killed_by":"The Guardian","ascension_level":18}