{"gold_per_floor":[113,129,141,216,14,46,46,56,56,56,84,133,146,165,165,270,270,289,300,320,270,280,280,314,314,314,314,1,32,44,44,44,148,148,166,166,166],"floor_reached":38,"playtime":1668,"items_purged":[],"score":624,"play_id":"2b417650-f491-4426-9c95-a20d08902ca8","local_time":"20190909222738","is_ascension_mode":false,"campfire_choices":[{"data":"Perfected Strike","floor":7.0,"key":"SMITH"},{"data":"Perfected Strike","floor":10.0,"key":"SMITH"},{"data":"Metallicize","floor":15.0,"key":"SMITH"},{"data":"Bludgeon","floor":23.0,"key":"SMITH"},{"data":"Flame Barrier","floor":25.0,"key":"SMITH"},{"data":"Bash","floor":27,"key":"SMITH"},{"data":"Double Tap","floor":32,"key":"SMITH"}],"neow_cost":"","seed_source_timestamp":91316398823400,"circlet_count":0,"master_deck":["Strike_R","Strike_R","Strike_R","Strike_R","Strike_R","Defend_R","Defend_R","Defend_R","Defend_R","Bash+1","Pommel Strike","Ghostly Armor","Perfected Strike+1","Perfected Strike+1","Carnage","Metallicize+1","Bludgeon+1","True Grit+1","Flame Barrier+1","Flame Barrier","Pommel Strike","Double Tap+1","Twin Strike+1","Ghostly Armor+1","Shame","Bludgeon","Armaments+1"],"special_seed":0,"relics":["Burning Blood","TungstenRod","Self Forming Clay","Paper Frog","Pear","Orichalcum","Snecko Eye","Shuriken","Pen Nib","Bottled Flame","InkBottle","SlaversCollar"],"potions_floor_usage":[29,33,33,37,37],"damage_taken":[{"damage":1.0,"enemies":"Cultist","floor":1.0,"turns":4.0},{"damage":8.0,"enemies":"Jaw Worm","floor":2.0,"turns":4.0},{"damage":5.0,"enemies":"Small Slimes","floor":3.0,"turns":4.0},{"damage":7.0,"enemies":"3 Sentries","floor":6.0,"turns":7.0},{"damage":1.0,"enemies":"Exordium Thugs","floor":8.0,"turns":5.0},{"damage":17.0,"enemies":"Gremlin Nob","floor":11.0,"turns":4.0},{"damage":5.0,"enemies":"Large Slime","floor":13.0,"turns":3.0},{"damage":9.0,"enemies":"Lots of Slimes","floor":14.0,"turns":5.0},{"damage":16.0,"enemies":"The Guardian","floor":16.0,"turns":16.0},{"damage":0.0,"enemies":"Spheric Guardian","floor":18.0,"turns":3.0},{"damage":0.0,"enemies":"Chosen","floor":19.0,"turns":2.0},{"damage":6.0,"enemies":"3 Cultists","floor":20.0,"turns":4.0},{"damage":11.0,"enemies":"Snake Plant","floor":22.0,"turns":2.0},{"damage":8.0,"enemies":"Book of Stabbing","floor":24.0,"turns":5.0},{"damage":13,"enemies":"Slavers","floor":29,"turns":4},{"damage":0,"enemies":"Centurion and Healer","floor":30,"turns":3},{"damage":12,"enemies":"Champ","floor":33,"turns":7},{"damage":0,"enemies":"3 Shapes","floor":35,"turns":3},{"damage":13,"enemies":"Awakened One","floor":37,"turns":7}],"seed_played":"4395328220991452982","potions_obtained":[{"floor":1.0,"key":"PowerPotion"},{"floor":6.0,"key":"Swift Potion"},{"floor":8.0,"key":"Weak Potion"},{"floor":14.0,"key":"Swift Potion"},{"floor":19.0,"key":"Poison Potion"},{"floor":22.0,"key":"PowerPotion"},{"floor":24.0,"key":"PowerPotion"},{"floor":29,"key":"Fire Potion"},{"floor":30,"key":"PowerPotion"},{"floor":33,"key":"GamblersBrew"}],"is_trial":false,"path_per_floor":["M","M","M","?","$","E","R","M","T","R","E","T","M","M","R","B",null,"M","M","M","?","M","R","E","R","T","R","$","E","M","?","R","B",null,"M","?","B",null],"character_chosen":"IRONCLAD","items_purchased":["Perfected Strike","TungstenRod","Pen Nib","Double Tap"],"campfire_rested":0,"item_purchase_floors":[5,5,28,28],"current_hp_per_floor":[80,78,79,68,68,67,67,72,72,72,71,71,72,69,69,59,90,90,90,90,90,85,85,83,83,83,83,83,76,82,82,82,76,90,90,90,83],"gold":166,"neow_bonus":"","is_prod":false,"is_daily":false,"chose_seed":false,"campfire_upgraded":7,"win_rate":0.0,"timestamp":1568082458,"path_taken":["M","M","M","?","$","E","R","M","T","R","E","?","M","M","R","BOSS","M","M","M","?","M","R","E","R","T","R","?","E","M","?","R","BOSS","M","?","BOSS"],"build_version":"2019-09-09v2","purchased_purges":0,"victory":true,"max_hp_per_floor":[80,80,80,80,80,80,80,80,80,80,90,90,90,90,90,90,90,90,90,90,90,90,90,90,90,90,90,90,90,90,90,90,90,90,90,90,90],"card_choices":[{"not_picked":["Iron Wave","Flex"],"picked":"Pommel Strike","floor":1.0},{"not_picked":["Battle Trance","Clothesline"],"picked":"Ghostly Armor","floor":2.0},{"not_picked":["Warcry","Blood for Blood"],"picked":"Perfected Strike","floor":3.0},{"not_picked":["Headbutt","Dual Wield","Hemokinesis"],"picked":"SKIP","floor":6.0},{"not_picked":["Body Slam","Rupture","Sword Boomerang"],"picked":"SKIP","floor":8.0},{"not_picked":["Fiend Fire","Rupture"],"picked":"Carnage","floor":11.0},{"not_picked":["Armaments","Warcry"],"picked":"Metallicize","floor":13.0},{"not_picked":["Pommel Strike","Entrench","Anger"],"picked":"SKIP","floor":14.0},{"not_picked":["Barricade","Fiend Fire"],"picked":"Bludgeon","floor":16.0},{"not_picked":["Thunderclap","Sword Boomerang"],"picked":"True Grit+1","floor":18.0},{"not_picked":["Pommel Strike","Entrench"],"picked":"Flame Barrier","floor":19.0},{"not_picked":["Battle Trance","Warcry"],"picked":"Flame Barrier","floor":20.0},{"not_picked":["Shrug It Off","Flex","Intimidate"],"picked":"SKIP","floor":22.0},{"not_picked":["Blood for Blood","Power Through"],"picked":"Pommel Strike","floor":24.0},{"not_picked":["Feel No Pain","Brutality"],"picked":"Twin Strike+1","floor":29},{"not_picked":["Iron Wave+1","Cleave"],"picked":"Ghostly Armor+1","floor":30},{"not_picked":["Berserk","Double Tap"],"picked":"Bludgeon","floor":33},{"not_picked":["Clothesline","Perfected Strike"],"picked":"Armaments+1","floor":35}],"player_experience":0,"relics_obtained":[{"floor":6.0,"key":"Self Forming Clay"},{"floor":9.0,"key":"Paper Frog"},{"floor":11.0,"key":"Pear"},{"floor":12.0,"key":"Orichalcum"},{"floor":24.0,"key":"Shuriken"},{"floor":29,"key":"Bottled Flame"}],"event_choices":[{"damage_healed":0.0,"max_hp_gain":0.0,"max_hp_loss":0.0,"gold_gain":75.0,"event_name":"World of Goop","player_choice":"Gather Gold","floor":4.0,"gold_loss":0.0,"damage_taken":11.0},{"damage_healed":0.0,"max_hp_gain":0.0,"max_hp_loss":0.0,"gold_gain":0.0,"event_name":"The Joust","player_choice":"Bet on Murderer","floor":21.0,"gold_loss":50.0,"damage_taken":0.0},{"damage_healed":0,"gold_gain":0,"player_choice":"Stole Relic","damage_taken":0,"relics_obtained":["InkBottle"],"max_hp_gain":0,"max_hp_loss":0,"event_name":"Addict","floor":31,"gold_loss":0,"cards_obtained":["Shame"]},{"damage_healed":0,"gold_gain":0,"player_choice":"Took Portal","damage_taken":0,"max_hp_gain":0,"max_hp_loss":0,"event_name":"SecretPortal","floor":36,"gold_loss":0}],"is_beta":true,"boss_relics":[{"not_picked":["SacredBark","Runic Cube"],"picked":"Snecko Eye"},{"not_picked":["Astrolabe","Tiny House"],"picked":"SlaversCollar"}],"items_purged_floors":[],"is_endless":false,"potions_floor_spawned":[1,6,8,14,19,22,24,29,30,33],"ascension_level":0}