{"gold_per_floor":[110,121,135,135,135,164,181,181,208,225,241,253,253,268,268,366,366,378,378,393,405,11,11,11],"floor_reached":24,"playtime":1957,"items_purged":[],"score":232,"play_id":"b1e45f75-3375-4d29-8de2-180dc5f8621d","local_time":"20190422070812","is_ascension_mode":true,"campfire_choices":[{"floor":8,"key":"REST"},{"data":"Neutralize","floor":13,"key":"SMITH"},{"data":"Caltrops","floor":15,"key":"SMITH"},{"floor":23,"key":"REST"}],"neow_cost":"TEN_PERCENT_HP_LOSS","seed_source_timestamp":55592897115914,"circlet_count":0,"master_deck":["Defend_G","Defend_G","Defend_G","Defend_G","Defend_G","Strike_G","Strike_G","Strike_G","Survivor","Neutralize+1","Bandage Up","Secret Technique","Infinite Blades","Dagger Throw","Footwork","Caltrops+1","Bouncing Flask","Backstab","Prepared","Underhanded Strike","After Image+1","Backflip","Tactician","After Image","Dagger Throw"],"relics":["Ring of the Snake","Ancient Tea Set","Omamori","WristBlade","Medical Kit"],"potions_floor_usage":[6,7,7,16,20,20,21],"damage_taken":[{"damage":2,"enemies":"Jaw Worm","floor":1,"turns":4},{"damage":0,"enemies":"2 Louse","floor":2,"turns":4},{"damage":2,"enemies":"Cultist","floor":3,"turns":5},{"damage":21,"enemies":"3 Sentries","floor":6,"turns":11},{"damage":7,"enemies":"Gremlin Gang","floor":7,"turns":8},{"damage":17,"enemies":"Exordium Thugs","floor":10,"turns":6},{"damage":5,"enemies":"Red Slaver","floor":11,"turns":5},{"damage":0,"enemies":"2 Fungi Beasts","floor":12,"turns":4},{"damage":0,"enemies":"3 Louse","floor":14,"turns":4},{"damage":4,"enemies":"Hexaghost","floor":16,"turns":7},{"damage":11,"enemies":"Chosen","floor":18,"turns":6},{"damage":7,"enemies":"2 Thieves","floor":20,"turns":5},{"damage":36,"enemies":"Cultist and Chosen","floor":21,"turns":8},{"damage":44,"enemies":"3 Cultists","floor":24,"turns":5}],"seed_played":"-1228727037399593504","potions_obtained":[{"floor":2,"key":"GamblersBrew"},{"floor":3,"key":"Weak Potion"},{"floor":6,"key":"SkillPotion"},{"floor":7,"key":"Strength Potion"},{"floor":14,"key":"SpeedPotion"},{"floor":18,"key":"Poison Potion"},{"floor":20,"key":"AttackPotion"}],"is_trial":false,"path_per_floor":["M","M","M","?","?","E","M","R","T","M","M","M","R","M","R","B",null,"M","?","M","M","$","R","M"],"character_chosen":"THE_SILENT","items_purchased":["Medical Kit","After Image","Dagger Throw"],"campfire_rested":2,"item_purchase_floors":[22,22,22],"current_hp_per_floor":[61,63,63,56,56,39,36,54,54,41,40,44,44,48,48,48,63,54,54,51,19,19,37,0],"gold":11,"neow_bonus":"RANDOM_COLORLESS_2","is_prod":false,"is_daily":false,"chose_seed":false,"campfire_upgraded":2,"win_rate":0,"timestamp":1555880892,"path_taken":["M","M","M","?","?","E","?","R","T","M","M","?","R","M","R","BOSS","M","?","M","?","$","R","M"],"build_version":"2019-01-23","purchased_purges":0,"victory":false,"max_hp_per_floor":[63,63,63,63,63,63,63,63,63,63,63,63,63,63,63,63,63,63,63,63,63,63,63,63],"card_choices":[{"not_picked":["Expertise","Deadly Poison"],"picked":"Infinite Blades","floor":1},{"not_picked":["Sucker Punch","Backflip","Reflex"],"picked":"SKIP","floor":2},{"not_picked":["Finisher","Backflip"],"picked":"Dagger Throw","floor":3},{"not_picked":["Expertise","Acrobatics"],"picked":"Footwork","floor":6},{"not_picked":["Riddle With Holes","Bane"],"picked":"Caltrops","floor":7},{"not_picked":["Setup","Underhanded Strike"],"picked":"Bouncing Flask","floor":10},{"not_picked":["Infinite Blades","Outmaneuver"],"picked":"Backstab","floor":11},{"not_picked":["Skewer","Bouncing Flask"],"picked":"Prepared","floor":12},{"not_picked":["Finisher","Outmaneuver"],"picked":"Underhanded Strike","floor":14},{"not_picked":["Die Die Die","Unload"],"picked":"After Image","floor":16},{"not_picked":["Deadly Poison","Outmaneuver+1","Underhanded Strike"],"picked":"SKIP","floor":18},{"not_picked":["Crippling Poison","Eviscerate"],"picked":"Backflip","floor":20},{"not_picked":["Bane","Prepared"],"picked":"Tactician","floor":21}],"player_experience":433117,"relics_obtained":[{"floor":6,"key":"Ancient Tea Set"},{"floor":9,"key":"Omamori"}],"event_choices":[{"cards_removed":["Strike_G"],"damage_healed":0,"gold_gain":0,"player_choice":"Card Removal","damage_taken":7,"max_hp_gain":0,"max_hp_loss":0,"event_name":"Golden Wing","floor":4,"gold_loss":0},{"cards_removed":["Strike_G"],"damage_healed":0,"gold_gain":0,"player_choice":"Purged","damage_taken":0,"max_hp_gain":0,"max_hp_loss":0,"event_name":"Purifier","floor":5,"gold_loss":0},{"damage_healed":0,"gold_gain":0,"player_choice":"Upgraded","damage_taken":0,"max_hp_gain":0,"max_hp_loss":0,"event_name":"Upgrade Shrine","floor":19,"gold_loss":0,"cards_upgraded":["After Image"]}],"is_beta":false,"boss_relics":[{"not_picked":["Fusion Hammer","Sozu"],"picked":"WristBlade"}],"items_purged_floors":[],"is_endless":false,"potions_floor_spawned":[2,3,6,7,14,18,20],"killed_by":"3 Cultists","ascension_level":3}