{"gold_per_floor":[109,129,148,167,5,38,38,72,95,105,116,147,157,168,168,242,242,258,258,208,225,236,265,285,285],"floor_reached":25,"playtime":1909,"items_purged":[],"score":486,"play_id":"d08d0f02-2d8c-42f3-acc2-b8abd423234d","local_time":"20190801032146","is_ascension_mode":true,"campfire_choices":[{"data":"Bash","floor":7.0,"key":"SMITH"},{"data":"Heavy Blade","floor":15.0,"key":"SMITH"}],"neow_cost":"NONE","seed_source_timestamp":0,"circlet_count":0,"master_deck":["AscendersBane","Strike_R","Strike_R","Strike_R","Strike_R","Strike_R","Defend_R+1","Defend_R+1","Defend_R","Defend_R","Bash+1","Clothesline","Flame Barrier","Spot Weakness","Cleave","Metallicize","Heavy Blade+1","Offering","Ghostly","Ghostly","Ghostly","Reaper","Warcry+1"],"special_seed":0,"relics":["Burning Blood","Anchor","Singing Bowl","War Paint","Art of War","Pen Nib","Velvet Choker","Shovel"],"potions_floor_usage":[25],"damage_taken":[{"damage":1.0,"enemies":"Cultist","floor":1.0,"turns":3.0},{"damage":4.0,"enemies":"Jaw Worm","floor":2.0,"turns":4.0},{"damage":0.0,"enemies":"2 Louse","floor":3.0,"turns":2.0},{"damage":2.0,"enemies":"2 Fungi Beasts","floor":4.0,"turns":4.0},{"damage":10.0,"enemies":"3 Sentries","floor":6.0,"turns":7.0},{"damage":29.0,"enemies":"Lagavulin","floor":8.0,"turns":8.0},{"damage":8.0,"enemies":"Gremlin Gang","floor":10.0,"turns":4.0},{"damage":2.0,"enemies":"Exordium Thugs","floor":11.0,"turns":5.0},{"damage":34.0,"enemies":"Gremlin Nob","floor":12.0,"turns":4.0},{"damage":0.0,"enemies":"2 Fungi Beasts","floor":13.0,"turns":3.0},{"damage":3.0,"enemies":"Exordium Wildlife","floor":14.0,"turns":4.0},{"damage":38.0,"enemies":"The Guardian","floor":16.0,"turns":14.0},{"damage":22.0,"enemies":"Spheric Guardian","floor":18.0,"turns":4.0},{"damage":12.0,"enemies":"Chosen","floor":21.0,"turns":3.0},{"damage":20.0,"enemies":"Snecko","floor":22.0,"turns":7.0},{"damage":23.0,"enemies":"Slavers","floor":23.0,"turns":7.0},{"damage":9.0,"enemies":"Centurion and Healer","floor":24.0,"turns":12.0},{"damage":32,"enemies":"Book of Stabbing","floor":25,"turns":6}],"seed_played":"-1334479432911866316","potions_obtained":[{"floor":0.0,"key":"Energy Potion"},{"floor":0.0,"key":"SkillPotion"},{"floor":1.0,"key":"AttackPotion"},{"floor":4.0,"key":"Weak Potion"},{"floor":11.0,"key":"FearPotion"},{"floor":12.0,"key":"PowerPotion"},{"floor":13.0,"key":"BloodPotion"},{"floor":18.0,"key":"SpeedPotion"},{"floor":21.0,"key":"Dexterity Potion"}],"is_trial":false,"path_per_floor":["M","M","M","M","$","E","R","E","T","M","M","E","M","M","R","B",null,"M","?","?","M","M","E","M","E"],"character_chosen":"IRONCLAD","items_purchased":["Anchor"],"campfire_rested":0,"item_purchase_floors":[5],"current_hp_per_floor":[73,75,75,75,75,73,73,52,52,50,56,28,36,41,41,30,71,57,43,43,39,27,10,28,0],"gold":285,"neow_bonus":"THREE_SMALL_POTIONS","is_prod":false,"is_daily":false,"chose_seed":false,"campfire_upgraded":2,"win_rate":0,"timestamp":1564644106,"path_taken":["M","M","M","?","$","E","R","E","T","M","M","E","M","M","R","BOSS","M","?","?","M","M","E","M","E"],"build_version":"2019-07-17","purchased_purges":0,"victory":false,"max_hp_per_floor":[75,75,75,75,75,77,77,79,79,79,81,81,83,85,85,85,85,87,43,43,45,47,47,47,47],"card_choices":[{"not_picked":["Spot Weakness","Wild Strike"],"picked":"Clothesline","floor":1.0},{"not_picked":["Evolve","Twin Strike"],"picked":"Flame Barrier","floor":2.0},{"not_picked":["Dropkick","Bloodletting"],"picked":"Spot Weakness","floor":3.0},{"not_picked":["Pommel Strike","Wild Strike"],"picked":"Cleave","floor":4.0},{"not_picked":["Anger","Spot Weakness","Power Through"],"picked":"Singing Bowl","floor":6.0},{"not_picked":["Infernal Blade","Warcry","Perfected Strike"],"picked":"Singing Bowl","floor":8.0},{"not_picked":["Twin Strike","Shockwave"],"picked":"Metallicize","floor":10.0},{"not_picked":["Burning Pact","Thunderclap","Iron Wave"],"picked":"Singing Bowl","floor":11.0},{"not_picked":["Pommel Strike","Uppercut"],"picked":"Heavy Blade","floor":12.0},{"not_picked":["Wild Strike","Warcry","Whirlwind"],"picked":"Singing Bowl","floor":13.0},{"not_picked":["Immolate","Thunderclap","Headbutt"],"picked":"Singing Bowl","floor":14.0},{"not_picked":["Barricade","Impervious"],"picked":"Offering","floor":16.0},{"not_picked":["Havoc","Body Slam","Armaments"],"picked":"Singing Bowl","floor":18.0},{"not_picked":["Clash","Thunderclap","Evolve"],"picked":"Singing Bowl","floor":21.0},{"not_picked":["Anger","Flame Barrier","Heavy Blade"],"picked":"Singing Bowl","floor":22.0},{"not_picked":["Pommel Strike","Evolve+1"],"picked":"Reaper","floor":23.0},{"not_picked":["Dual Wield","Clash"],"picked":"Warcry+1","floor":24.0}],"player_experience":1663242,"relics_obtained":[{"floor":6.0,"key":"Singing Bowl"},{"floor":8.0,"key":"War Paint"},{"floor":9.0,"key":"Art of War"},{"floor":12.0,"key":"Pen Nib"},{"floor":23.0,"key":"Shovel"}],"event_choices":[{"damage_healed":0.0,"max_hp_gain":0.0,"max_hp_loss":44.0,"gold_gain":0.0,"event_name":"Ghosts","player_choice":"Became a Ghost","floor":19.0,"gold_loss":0.0,"damage_taken":0.0,"cards_obtained":["Ghostly","Ghostly","Ghostly"]},{"damage_healed":0.0,"max_hp_gain":0.0,"max_hp_loss":0.0,"gold_gain":0.0,"event_name":"The Joust","player_choice":"Bet on Murderer","floor":20.0,"gold_loss":50.0,"damage_taken":0.0}],"is_beta":false,"boss_relics":[{"not_picked":["Ectoplasm","Runic Pyramid"],"picked":"Velvet Choker"}],"items_purged_floors":[],"is_endless":false,"potions_floor_spawned":[1,4,11,12,13,18,21],"killed_by":"Book of Stabbing","ascension_level":19}