{"gold_per_floor":[109,128,145,161,161,161,239,264,316,316,326,326,326,344,344,415,415,428,428,428,87,98,98,117,117,174,203,214,214],"floor_reached":29,"playtime":86708,"items_purged":["Strike_G"],"score":490,"play_id":"d0e0964d-64a9-405f-aa3d-c6e3a704cd5b","local_time":"20190328032416","is_ascension_mode":true,"campfire_choices":[{"data":"Neutralize","floor":6.0,"key":"SMITH"},{"floor":10.0,"key":"REST"},{"floor":13.0,"key":"REST"},{"data":"Predator","floor":15.0,"key":"SMITH"},{"data":"Well Laid Plans","floor":23,"key":"SMITH"},{"data":"Underhanded Strike","floor":25,"key":"SMITH"}],"neow_cost":"NONE","seed_source_timestamp":0,"circlet_count":0,"master_deck":["AscendersBane","Defend_G","Defend_G","Defend_G","Defend_G","Defend_G","Survivor","Neutralize+1","Underhanded Strike+1","Well Laid Plans+1","Dagger Throw","Bullet Time+1","Predator+1","Night Terror+1","Dash+1","Heel Hook+1","Phantasmal Killer+1","Necronomicurse","Ghostly+1","Ghostly+1","Ghostly+1","Dodge and Roll+1","Riddle With Holes","PiercingWail+1"],"special_seed":0,"relics":["Ring of the Snake","Toxic Egg 2","Ancient Tea Set","Bronze Scales","Gremlin Horn","Astrolabe","Necronomicon","Question Card","Tiny Chest","Oddly Smooth Stone"],"potions_floor_usage":[27,28],"damage_taken":[{"damage":1.0,"enemies":"Cultist","floor":1.0,"turns":4.0},{"damage":3.0,"enemies":"Jaw Worm","floor":2.0,"turns":4.0},{"damage":1.0,"enemies":"2 Louse","floor":3.0,"turns":5.0},{"damage":6.0,"enemies":"Looter","floor":4.0,"turns":4.0},{"damage":36.0,"enemies":"3 Sentries","floor":8.0,"turns":13.0},{"damage":4.0,"enemies":"Large Slime","floor":11.0,"turns":5.0},{"damage":0.0,"enemies":"Red Slaver","floor":14.0,"turns":2.0},{"damage":24.0,"enemies":"The Guardian","floor":16.0,"turns":13.0},{"damage":0,"enemies":"Spheric Guardian","floor":18,"turns":3},{"damage":1,"enemies":"Shell Parasite","floor":22,"turns":4},{"damage":0,"enemies":"Snake Plant","floor":24,"turns":4},{"damage":24,"enemies":"Gremlin Leader","floor":27,"turns":5},{"damage":0,"enemies":"Shelled Parasite and Fungi","floor":28,"turns":2},{"damage":12,"enemies":"Book of Stabbing","floor":29,"turns":6}],"seed_played":"-5279460401614982376","potions_obtained":[{"floor":2.0,"key":"GhostInAJar"},{"floor":4.0,"key":"FearPotion"},{"floor":18,"key":"Swift Potion"},{"floor":27,"key":"SkillPotion"}],"is_trial":false,"path_per_floor":["M","M","M","M","?","R","T","E","T","R","M","?","R","M","R","B",null,"M","?","?","$","M","R","M","R","T","E","M","E"],"character_chosen":"THE_SILENT","items_purchased":["Question Card"],"campfire_rested":2,"item_purchase_floors":[21],"current_hp_per_floor":[64,61,60,54,47,47,47,11,11,32,28,10,31,31,31,7,56,56,35,35,35,34,34,34,34,34,10,10,0],"gold":214,"neow_bonus":"TEN_PERCENT_HP_BONUS","is_prod":false,"is_daily":false,"chose_seed":false,"campfire_upgraded":4,"win_rate":0,"timestamp":1553757856,"path_taken":["M","M","M","M","?","R","?","E","T","R","?","?","R","M","R","BOSS","M","?","?","$","M","R","M","R","T","E","M","E"],"build_version":"2019-01-23","purchased_purges":1,"victory":false,"max_hp_per_floor":[72,72,72,72,72,72,72,72,72,72,72,72,72,72,72,72,72,72,72,36,36,36,36,36,36,36,36,36,36],"card_choices":[{"not_picked":["Acrobatics","Deflect"],"picked":"Underhanded Strike","floor":1.0},{"not_picked":["Catalyst","Setup","Acrobatics"],"picked":"SKIP","floor":2.0},{"not_picked":["Heel Hook","Blur"],"picked":"Well Laid Plans","floor":3.0},{"not_picked":["Skewer","Riddle With Holes"],"picked":"Dagger Throw","floor":4.0},{"not_picked":["Eviscerate","Slice"],"picked":"Bullet Time+1","floor":8.0},{"not_picked":["Dagger Spray","Poisoned Stab"],"picked":"Predator","floor":11.0},{"not_picked":["Quick Slash","All Out Attack","Dagger Spray"],"picked":"SKIP","floor":14.0},{"not_picked":["Tools of the Trade","Envenom"],"picked":"Night Terror+1","floor":16.0},{"not_picked":["Poisoned Stab","Riddle With Holes","Dagger Throw"],"picked":"SKIP","floor":18},{"not_picked":["Poisoned Stab","Sucker Punch","Catalyst+1","Outmaneuver+1"],"picked":"SKIP","floor":22},{"not_picked":["Accuracy","Deadly Poison+1","Predator"],"picked":"Dodge and Roll+1","floor":24},{"not_picked":["Distraction+1","Bane","Deadly Poison+1"],"picked":"Riddle With Holes","floor":27},{"not_picked":["Blade Dance+1","Finisher","Bane"],"picked":"PiercingWail+1","floor":28}],"player_experience":1188994,"relics_obtained":[{"floor":7.0,"key":"Toxic Egg 2"},{"floor":8.0,"key":"Ancient Tea Set"},{"floor":9.0,"key":"Bronze Scales"},{"floor":19,"key":"Necronomicon"},{"floor":26,"key":"Tiny Chest"},{"floor":27,"key":"Oddly Smooth Stone"}],"event_choices":[{"cards_removed":["Strike_G"],"damage_healed":0.0,"max_hp_gain":0.0,"max_hp_loss":0.0,"gold_gain":0.0,"event_name":"Golden Wing","player_choice":"Card Removal","floor":5.0,"gold_loss":0.0,"damage_taken":7.0},{"damage_healed":0.0,"max_hp_gain":0.0,"max_hp_loss":0.0,"gold_gain":0.0,"event_name":"Scrap Ooze","player_choice":"Success","floor":12.0,"gold_loss":0.0,"damage_taken":18.0,"relics_obtained":["Gremlin Horn"]},{"damage_healed":0,"gold_gain":0,"player_choice":"Obtained Book","damage_taken":21,"max_hp_gain":0,"max_hp_loss":0,"event_name":"Cursed Tome","floor":19,"gold_loss":0},{"damage_healed":0,"gold_gain":0,"player_choice":"Became a Ghost","damage_taken":0,"max_hp_gain":0,"max_hp_loss":36,"event_name":"Ghosts","floor":20,"gold_loss":0,"cards_obtained":["Ghostly","Ghostly","Ghostly"]}],"is_beta":false,"boss_relics":[{"not_picked":["Black Star","Runic Pyramid"],"picked":"Astrolabe"}],"items_purged_floors":[21],"is_endless":false,"potions_floor_spawned":[2,4,18,27],"killed_by":"Book of Stabbing","ascension_level":20}