{"gold_per_floor":[117,192,205,205,79,110,126,126,126,126,150,164,184,195,195,195],"floor_reached":16,"playtime":798,"items_purged":["Strike_G"],"score":153,"play_id":"fd73aeec-9bdf-4edd-80c6-dbc3f244343a","local_time":"20181103194526","is_ascension_mode":true,"campfire_choices":[{"floor":8,"key":"REST"},{"data":"Concentrate","floor":10,"key":"SMITH"},{"floor":15,"key":"REST"}],"neow_cost":"TEN_PERCENT_HP_LOSS","seed_source_timestamp":601465256048739,"circlet_count":0,"master_deck":["AscendersBane","Defend_G","Defend_G","Defend_G","Defend_G","Strike_G","Strike_G","Strike_G","Survivor","Neutralize","Dagger Spray","Eviscerate+1","Dodge and Roll","Dagger Throw","Escape Plan","Concentrate+1","PiercingWail"],"special_seed":0,"relics":["Ring of the Snake","Tough Bandages","Frozen Egg 2","PreservedInsect"],"potions_floor_usage":[6,6],"damage_taken":[{"damage":0.0,"enemies":"2 Louse","floor":1.0,"turns":2.0},{"damage":3.0,"enemies":"Small Slimes","floor":3.0,"turns":4.0},{"damage":45,"enemies":"Gremlin Nob","floor":6,"turns":6},{"damage":0,"enemies":"Jaw Worm","floor":7,"turns":5},{"damage":1,"enemies":"Gremlin Gang","floor":12,"turns":3},{"damage":0,"enemies":"Red Slaver","floor":13,"turns":2},{"damage":13,"enemies":"Large Slime","floor":14,"turns":11},{"damage":26,"enemies":"The Guardian","floor":16,"turns":5}],"seed_played":"6760098623166826759","potions_obtained":[{"floor":1.0,"key":"Block Potion"}],"is_trial":false,"path_per_floor":["M","?","M","M","?","$","E","M","R","T","R","T","M","M","M","R","B"],"character_chosen":"THE_SILENT","items_purchased":["Strength Potion"],"campfire_rested":2,"item_purchase_floors":[5],"current_hp_per_floor":[63,52,49,49,49,4,4,22,22,22,22,21,21,8,26,0],"gold":195,"neow_bonus":"TRANSFORM_TWO_CARDS","is_prod":false,"is_daily":false,"chose_seed":false,"campfire_upgraded":1,"win_rate":0,"timestamp":1541288726,"path_taken":["M","?","M","?","$","E","M","R","T","R","?","M","M","M","R","BOSS"],"build_version":"2018-11-01","purchased_purges":1,"victory":false,"max_hp_per_floor":[63,63,63,63,63,63,63,63,63,63,63,63,63,63,63,63],"card_choices":[{"not_picked":["PiercingWail","Deadly Poison"],"picked":"Dodge and Roll","floor":1.0},{"not_picked":["Slice","Cloak And Dagger"],"picked":"Dagger Throw","floor":3},{"not_picked":["Deadly Poison","Blur"],"picked":"Escape Plan","floor":6},{"not_picked":["Quick Slash","Venomology"],"picked":"Concentrate","floor":7},{"not_picked":["Slice","Bouncing Flask","Well Laid Plans+1"],"picked":"SKIP","floor":12},{"not_picked":["Cloak And Dagger","Blade Dance","Choke"],"picked":"SKIP","floor":13},{"not_picked":["Prepared","Quick Slash"],"picked":"PiercingWail","floor":14}],"player_experience":592055,"relics_obtained":[{"floor":6,"key":"Tough Bandages"},{"floor":9,"key":"Frozen Egg 2"},{"floor":11,"key":"PreservedInsect"}],"event_choices":[{"damage_healed":0.0,"max_hp_gain":0.0,"max_hp_loss":0.0,"gold_gain":75.0,"event_name":"World of Goop","player_choice":"Gather Gold","floor":2.0,"gold_loss":0.0,"damage_taken":11.0},{"damage_healed":0,"gold_gain":0,"player_choice":"Grow","damage_taken":0,"max_hp_gain":0,"max_hp_loss":0,"event_name":"Living Wall","floor":4,"gold_loss":0,"cards_upgraded":["Eviscerate"]}],"is_beta":false,"boss_relics":[],"items_purged_floors":[5],"is_endless":false,"potions_floor_spawned":[1],"killed_by":"The Guardian","ascension_level":10}