{"gold_per_floor":[119,138,13,13,27,27,27,27,50,81,92,111,111,130,130,130],"floor_reached":16,"playtime":619,"items_purged":["Strike_G"],"score":173,"play_id":"ab79391a-6673-4a40-b4e8-8eef42456353","local_time":"20181217113758","is_ascension_mode":true,"campfire_choices":[{"data":"Bane","floor":6,"key":"SMITH"},{"floor":13,"key":"REST"},{"data":"Bouncing Flask","floor":15,"key":"SMITH"}],"neow_cost":"NONE","seed_source_timestamp":317346761349658,"circlet_count":0,"master_deck":["AscendersBane","Defend_G","Defend_G","Defend_G","Defend_G","Defend_G","Strike_G","Strike_G","Strike_G","Survivor","Neutralize","Crippling Poison+1","Bane+1","Poisoned Stab","Noxious Fumes","PiercingWail","Bouncing Flask+1","Prepared","Sucker Punch"],"relics":["Ring of the Snake","NeowsBlessing","Lantern","Incense Burner"],"potions_floor_usage":[10,16],"damage_taken":[{"damage":0,"enemies":"2 Louse","floor":1,"turns":1},{"damage":0,"enemies":"Cultist","floor":2,"turns":1},{"damage":0,"enemies":"Small Slimes","floor":5,"turns":1},{"damage":26,"enemies":"3 Sentries","floor":10,"turns":9},{"damage":12,"enemies":"Exordium Thugs","floor":11,"turns":4},{"damage":1,"enemies":"Red Slaver","floor":12,"turns":3},{"damage":4,"enemies":"Lots of Slimes","floor":14,"turns":3},{"damage":44,"enemies":"Slime Boss","floor":16,"turns":6}],"seed_played":"-2388495945392615829","potions_obtained":[{"floor":1,"key":"SpeedPotion"},{"floor":2,"key":"GamblersBrew"},{"floor":5,"key":"AttackPotion"}],"is_trial":false,"path_per_floor":["M","M","$","?","M","R","$","?","T","E","M","M","R","M","R","B"],"character_chosen":"THE_SILENT","items_purchased":["Poisoned Stab"],"campfire_rested":1,"item_purchase_floors":[3],"current_hp_per_floor":[59,59,59,59,59,59,59,52,52,26,14,13,32,28,28,0],"gold":130,"neow_bonus":"THREE_ENEMY_KILL","is_prod":false,"is_daily":false,"chose_seed":false,"campfire_upgraded":2,"win_rate":0,"timestamp":1545064678,"path_taken":["M","M","$","?","M","R","?","?","T","E","M","?","R","M","R","BOSS"],"build_version":"2018-12-13","purchased_purges":1,"victory":false,"max_hp_per_floor":[66,66,66,66,66,66,66,66,66,66,66,66,66,66,66,66],"card_choices":[{"not_picked":["All Out Attack","Cloak And Dagger"],"picked":"Crippling Poison","floor":1},{"not_picked":["Accuracy","Blur"],"picked":"Bane","floor":2},{"not_picked":["Endless Agony","Heel Hook"],"picked":"Noxious Fumes","floor":5},{"not_picked":["Cloak And Dagger","Bane"],"picked":"PiercingWail","floor":10},{"not_picked":["Bane","Cloak And Dagger"],"picked":"Bouncing Flask","floor":11},{"not_picked":["Quick Slash","Dodge and Roll"],"picked":"Prepared","floor":12},{"not_picked":["Caltrops","Dash"],"picked":"Sucker Punch","floor":14}],"player_experience":887724,"relics_obtained":[{"floor":9,"key":"Lantern"},{"floor":10,"key":"Incense Burner"}],"event_choices":[{"damage_healed":0,"gold_gain":0,"player_choice":"Upgraded","damage_taken":0,"max_hp_gain":0,"max_hp_loss":0,"event_name":"Upgrade Shrine","floor":4,"gold_loss":0,"cards_upgraded":["Crippling Poison"]},{"cards_removed":["Strike_G"],"damage_healed":0,"gold_gain":0,"player_choice":"Card Removal","damage_taken":7,"max_hp_gain":0,"max_hp_loss":0,"event_name":"Golden Wing","floor":8,"gold_loss":0}],"is_beta":false,"boss_relics":[],"items_purged_floors":[3],"is_endless":false,"potions_floor_spawned":[1,2,5],"killed_by":"Slime Boss","ascension_level":14}