{"gold_per_floor":[119,194,94,94,106,106,106,120,143,143,43,43,54,67,67,171,171,160,176,195,205,221,221],"floor_reached":23,"playtime":1123,"items_purged":["Strike_R","Strike_R"],"score":241,"play_id":"5c54f356-6531-401f-8e3a-f28fc9b715ed","local_time":"20180727112336","is_ascension_mode":true,"campfire_choices":[{"data":"Armaments","floor":6,"key":"SMITH"},{"data":"Fiend Fire","floor":10,"key":"SMITH"},{"data":"Ghostly Armor","floor":12,"key":"SMITH"},{"data":"Bash","floor":15,"key":"SMITH"}],"neow_cost":"NONE","seed_source_timestamp":1353930774347524,"circlet_count":0,"master_deck":["Strike_R","Strike_R","Defend_R","Defend_R","Defend_R","Bash+1","Fiend Fire+1","Spot Weakness+1","Armaments+1","Ghostly Armor+1","Shrug It Off"],"relics":["Burning Blood","Orichalcum","Busted Crown"],"potions_floor_usage":[16,23],"damage_taken":[{"damage":0,"enemies":"2 Louse","floor":1,"turns":4},{"damage":2,"enemies":"Small Slimes","floor":5,"turns":4},{"damage":0,"enemies":"Jaw Worm","floor":8,"turns":2},{"damage":14,"enemies":"Gremlin Gang","floor":13,"turns":8},{"damage":4,"enemies":"Red Slaver","floor":14,"turns":5},{"damage":30,"enemies":"The Guardian","floor":16,"turns":10},{"damage":10,"enemies":"2 Thieves","floor":18,"turns":4},{"damage":0,"enemies":"Shell Parasite","floor":19,"turns":6},{"damage":14,"enemies":"Centurion and Healer","floor":20,"turns":7},{"damage":11,"enemies":"Cultist and Chosen","floor":21,"turns":8},{"damage":9,"enemies":"Snake Plant","floor":22,"turns":4},{"damage":65,"enemies":"Slavers","floor":23,"turns":5}],"seed_played":"2150611836251392009","potions_obtained":[{"floor":1,"key":"SteroidPotion"},{"floor":14,"key":"PowerPotion"},{"floor":21,"key":"Explosive Potion"}],"is_trial":false,"path_per_floor":["M","?","$","?","M","R","?","M","T","R","$","R","M","M","R","B",null,"M","M","M","M","M"],"character_chosen":"IRONCLAD","items_purchased":["Armaments"],"campfire_rested":0,"item_purchase_floors":[3],"current_hp_per_floor":[78,67,67,60,64,64,64,70,70,70,70,70,62,64,64,40,70,66,72,64,59,56,0],"gold":221,"neow_bonus":"TRANSFORM_CARD","is_prod":false,"is_daily":false,"chose_seed":false,"campfire_upgraded":4,"win_rate":0,"timestamp":1532705016,"path_taken":["M","?","$","?","?","R","?","M","T","R","?","R","M","M","R","BOSS","M","M","M","M","M","E"],"build_version":"2018-07-26","purchased_purges":2,"victory":false,"max_hp_per_floor":[80,80,80,80,80,80,80,80,80,80,80,80,80,80,80,80,80,80,80,80,80,80,80],"card_choices":[{"not_picked":["Intimidate","Shrug It Off"],"picked":"Spot Weakness","floor":1},{"not_picked":["Flex","Sever Soul"],"picked":"Ghostly Armor","floor":5},{"not_picked":["Spot Weakness","Perfected Strike"],"picked":"Shrug It Off","floor":8},{"not_picked":["True Grit","Warcry","Shrug It Off"],"picked":"SKIP","floor":13},{"not_picked":["Sentinel","Spot Weakness","Combust"],"picked":"SKIP","floor":14},{"not_picked":["Anger+1"],"picked":"SKIP","floor":18},{"not_picked":["Evolve"],"picked":"SKIP","floor":19},{"not_picked":["Warcry"],"picked":"SKIP","floor":20},{"not_picked":["Wild Strike+1"],"picked":"SKIP","floor":21},{"not_picked":["Perfected Strike"],"picked":"SKIP","floor":22}],"player_experience":323351,"relics_obtained":[{"floor":9,"key":"Orichalcum"}],"event_choices":[{"event_name":"World of Goop","player_choice":"Gather Gold","floor":2,"damage_taken":0},{"event_name":"Golden Wing","player_choice":"Card Removal","floor":4,"damage_taken":0},{"event_name":"Living Wall","player_choice":"Grow","floor":7,"damage_taken":0}],"is_beta":false,"boss_relics":[{"not_picked":["White Beast Statue","Sozu"],"picked":"Busted Crown"}],"items_purged_floors":[3,11],"is_endless":false,"potions_floor_spawned":[1,14,21],"killed_by":"Slavers","ascension_level":6}