{"gold_per_floor":[16,16,16,16,31,66,13,13,13,44,59,79,79,79,79,172,172,192,5,0,20,35,35],"floor_reached":23,"playtime":999,"items_purged":[],"score":338,"play_id":"e23dfbc6-4acb-441c-9b00-8ee20cb80c70","local_time":"20190706053249","is_ascension_mode":true,"campfire_choices":[{"data":"Neutralize","floor":8,"key":"SMITH"},{"floor":13,"key":"REST"},{"floor":15,"key":"REST"}],"neow_cost":"NO_GOLD","seed_source_timestamp":16895766612352,"circlet_count":0,"master_deck":["AscendersBane","Strike_G","Strike_G","Strike_G","Strike_G","Strike_G","Defend_G","Defend_G","Defend_G","Defend_G","Defend_G+1","Survivor","Neutralize+1","Die Die Die","Predator+1","Crippling Poison","Backflip","Quick Slash","Sucker Punch","PiercingWail","Adrenaline","Die Die Die","Cloak And Dagger","Apotheosis","Deadly Poison","PiercingWail+1","Dodge and Roll"],"relics":["Ring of the Snake","Golden Idol","Matryoshka","Pantograph","Kunai","Pear","WristBlade"],"potions_floor_usage":[10,12],"damage_taken":[{"damage":2,"enemies":"Small Slimes","floor":1,"turns":3},{"damage":0,"enemies":"Cultist","floor":5,"turns":3},{"damage":21,"enemies":"3 Sentries","floor":6,"turns":8},{"damage":24,"enemies":"Gremlin Nob","floor":10,"turns":5},{"damage":5,"enemies":"2 Louse","floor":11,"turns":3},{"damage":5,"enemies":"Large Slime","floor":12,"turns":8},{"damage":50,"enemies":"The Guardian","floor":16,"turns":16},{"damage":6,"enemies":"3 Byrds","floor":18,"turns":5},{"damage":13,"enemies":"Spheric Guardian","floor":21,"turns":4},{"damage":25,"enemies":"Shelled Parasite and Fungi","floor":22,"turns":8},{"damage":23,"enemies":"Gremlin Leader","floor":23,"turns":5}],"seed_played":"6378832776333705512","potions_obtained":[{"floor":6,"key":"Energy Potion"},{"floor":11,"key":"Energy Potion"},{"floor":21,"key":"Ancient Potion"}],"is_trial":false,"path_per_floor":["M","?","?","?","M","E","$","R","T","E","M","M","R","?","R","B",null,"M","$","?","M","M","E"],"character_chosen":"THE_SILENT","items_purchased":["Quick Slash","Apotheosis","Deadly Poison"],"campfire_rested":2,"item_purchase_floors":[7,19,19],"current_hp_per_floor":[57,57,57,51,51,30,30,30,30,16,11,6,28,13,35,10,60,54,54,54,41,16,0],"gold":35,"neow_bonus":"THREE_RARE_CARDS","is_prod":false,"is_daily":false,"chose_seed":false,"campfire_upgraded":1,"win_rate":0,"timestamp":1562355169,"path_taken":["M","?","?","?","M","E","$","R","T","E","?","M","R","?","R","BOSS","M","$","?","M","M","E"],"build_version":"2019-07-01","purchased_purges":0,"victory":false,"max_hp_per_floor":[66,66,66,66,66,66,66,66,66,76,76,76,76,76,76,76,76,76,76,76,76,76,76],"card_choices":[{"not_picked":["Phantasmal Killer","Doppelganger"],"picked":"Die Die Die","floor":0},{"not_picked":["Underhanded Strike","Outmaneuver"],"picked":"Predator","floor":1},{"not_picked":["Prepared","Cloak And Dagger"],"picked":"Crippling Poison","floor":5},{"not_picked":["Prepared","Flying Knee"],"picked":"Backflip","floor":6},{"not_picked":["Skewer","Flying Knee"],"picked":"Sucker Punch","floor":10},{"not_picked":["All Out Attack","Acrobatics"],"picked":"PiercingWail","floor":11},{"not_picked":["Skewer","Outmaneuver"],"picked":"Adrenaline","floor":12},{"not_picked":["Unload","Bullet Time"],"picked":"Die Die Die","floor":16},{"not_picked":["Bane","Flying Knee"],"picked":"Cloak And Dagger","floor":18},{"not_picked":["Accuracy","Dagger Spray"],"picked":"PiercingWail+1","floor":21},{"not_picked":["Outmaneuver","Terror"],"picked":"Dodge and Roll","floor":22}],"player_experience":942031,"relics_obtained":[{"floor":6,"key":"Matryoshka"},{"floor":9,"key":"Pantograph"},{"floor":9,"key":"Kunai"},{"floor":10,"key":"Pear"}],"event_choices":[{"damage_healed":0,"gold_gain":0,"player_choice":"Take Wound","damage_taken":0,"relics_obtained":["Golden Idol"],"max_hp_gain":0,"max_hp_loss":0,"event_name":"Golden Idol","floor":2,"gold_loss":0,"cards_obtained":["Injury"]},{"cards_removed":["Injury"],"damage_healed":0,"gold_gain":0,"player_choice":"Forget","damage_taken":0,"max_hp_gain":0,"max_hp_loss":0,"event_name":"Living Wall","floor":3,"gold_loss":0},{"damage_healed":0,"gold_gain":0,"player_choice":"Damaged","damage_taken":6,"max_hp_gain":0,"max_hp_loss":0,"event_name":"Wheel of Change","floor":4,"gold_loss":0},{"damage_healed":0,"gold_gain":0,"player_choice":"Entered Light","damage_taken":15,"max_hp_gain":0,"max_hp_loss":0,"event_name":"Shining Light","floor":14,"gold_loss":0,"cards_upgraded":["Predator","Defend_G"]},{"damage_healed":0,"gold_gain":0,"player_choice":"Paid Fearfully","damage_taken":0,"max_hp_gain":0,"max_hp_loss":0,"event_name":"Masked Bandits","floor":20,"gold_loss":5}],"is_beta":false,"boss_relics":[{"not_picked":["Sozu","Lizard Tail"],"picked":"WristBlade"}],"items_purged_floors":[],"is_endless":false,"potions_floor_spawned":[6,11,21],"killed_by":"Gremlin Leader","ascension_level":14}