{"gold_per_floor":[110,125,125,125,145,196,196,227,298,298,36,36,50,84,84,188,188,203,203,232,246,107,107,141,141,141,153,181,213,225,257,269,281],"floor_reached":33,"playtime":1228,"items_purged":[],"score":298,"play_id":"047ebd8e-d5e5-4223-8c07-f2d94df8550a","local_time":"20190328171119","is_ascension_mode":false,"campfire_choices":[{"data":"Spot Weakness","floor":7,"key":"SMITH"},{"floor":10,"key":"REST"},{"data":"Infernal Blade","floor":12,"key":"SMITH"},{"floor":15,"key":"REST"},{"floor":23,"key":"REST"},{"floor":25,"key":"REST"},{"data":"Barricade","floor":27,"key":"SMITH"},{"floor":32,"key":"REST"}],"neow_cost":"NONE","seed_source_timestamp":10914385683895,"circlet_count":0,"master_deck":["Strike_R","Strike_R","Strike_R","Strike_R","Strike_R","Defend_R","Defend_R","Defend_R","Defend_R","Bash","Juggernaut","Reckless Charge","Warcry","Spot Weakness+1","Perfected Strike","Infernal Blade+1","Evolve","Body Slam","Clash","Impervious","Armaments","J.A.X.","Pommel Strike","Headbutt","Barricade+1","Perfected Strike","Ghostly Armor+1","Twin Strike","Dual Wield"],"relics":["Burning Blood","Bronze Scales","Matryoshka","Orichalcum","Ornamental Fan","Red Skull","Potion Belt","Runic Cube","Red Mask","Pear","Letter Opener","MawBank"],"potions_floor_usage":[8,14,16,16,28,29],"damage_taken":[{"damage":10,"enemies":"Cultist","floor":1,"turns":4},{"damage":5,"enemies":"2 Louse","floor":2,"turns":4},{"damage":5,"enemies":"Jaw Worm","floor":5,"turns":4},{"damage":29,"enemies":"3 Sentries","floor":8,"turns":7},{"damage":7,"enemies":"3 Louse","floor":13,"turns":3},{"damage":21,"enemies":"Lagavulin","floor":14,"turns":5},{"damage":24,"enemies":"The Guardian","floor":16,"turns":6},{"damage":20,"enemies":"Chosen","floor":18,"turns":5},{"damage":27,"enemies":"Masked Bandits","floor":20,"turns":4},{"damage":17,"enemies":"2 Thieves","floor":21,"turns":3},{"damage":35,"enemies":"Book of Stabbing","floor":24,"turns":5},{"damage":49,"enemies":"3 Cultists","floor":28,"turns":6},{"damage":8,"enemies":"Snecko","floor":29,"turns":5},{"damage":20,"enemies":"Snake Plant","floor":31,"turns":3},{"damage":60,"enemies":"Automaton","floor":33,"turns":8}],"seed_played":"-1071251977735781111","potions_obtained":[{"floor":1,"key":"Explosive Potion"},{"floor":2,"key":"Poison Potion"},{"floor":8,"key":"SteroidPotion"},{"floor":13,"key":"Energy Potion"},{"floor":24,"key":"Regen Potion"},{"floor":29,"key":"Fruit Juice"}],"is_trial":false,"path_per_floor":["M","M","?","?","M","T","R","E","T","R","$","R","M","E","R","B",null,"M","?","?","M","$","R","E","R","T","R","M","M","$","M","R","B"],"character_chosen":"IRONCLAD","items_purchased":["Red Skull","Infernal Blade","Evolve","Barricade"],"campfire_rested":5,"item_purchase_floors":[11,11,11,22],"current_hp_per_floor":[76,77,77,70,71,71,71,48,48,72,72,72,71,56,80,62,80,66,66,45,34,34,58,39,66,66,66,35,38,38,24,52,0],"gold":281,"neow_bonus":"ONE_RANDOM_RARE_CARD","is_prod":false,"is_daily":false,"chose_seed":false,"campfire_upgraded":3,"win_rate":0,"timestamp":1553757079,"path_taken":["M","?","?","?","M","?","R","E","T","R","$","R","M","E","R","BOSS","M","?","?","M","$","R","E","R","T","R","M","?","?","M","R","BOSS"],"build_version":"2019-01-23","purchased_purges":0,"victory":false,"max_hp_per_floor":[80,80,80,80,80,80,80,80,80,80,80,80,80,80,80,80,80,80,80,80,80,80,80,90,90,90,90,90,95,95,95,95,95],"card_choices":[{"not_picked":["Sentinel","True Grit"],"picked":"Reckless Charge","floor":1},{"not_picked":["Ghostly Armor","Hemokinesis"],"picked":"Warcry","floor":2},{"not_picked":["Burning Pact","Clothesline"],"picked":"Spot Weakness","floor":5},{"not_picked":["Armaments","Sword Boomerang"],"picked":"Perfected Strike","floor":8},{"not_picked":["Shrug It Off","Bludgeon"],"picked":"Body Slam","floor":13},{"not_picked":["Battle Trance","Warcry"],"picked":"Clash","floor":14},{"not_picked":["Brutality","Immolate"],"picked":"Impervious","floor":16},{"not_picked":["Anger","Burning Pact"],"picked":"Armaments","floor":18},{"not_picked":["Wild Strike","Entrench"],"picked":"Pommel Strike","floor":20},{"not_picked":["True Grit+1","Sword Boomerang"],"picked":"Headbutt","floor":21},{"not_picked":["Pummel","Havoc+1"],"picked":"Perfected Strike","floor":24},{"not_picked":["Sword Boomerang","Warcry"],"picked":"Ghostly Armor+1","floor":28},{"not_picked":["Hemokinesis+1","Headbutt"],"picked":"Twin Strike","floor":29},{"not_picked":["Clash","Body Slam"],"picked":"Dual Wield","floor":31}],"player_experience":235616,"relics_obtained":[{"floor":8,"key":"Matryoshka"},{"floor":9,"key":"Orichalcum"},{"floor":9,"key":"Ornamental Fan"},{"floor":14,"key":"Potion Belt"},{"floor":20,"key":"Red Mask"},{"floor":24,"key":"Pear"},{"floor":26,"key":"Letter Opener"},{"floor":26,"key":"MawBank"}],"event_choices":[{"damage_healed":0,"gold_gain":0,"player_choice":"Box","damage_taken":0,"relics_obtained":["Bronze Scales"],"max_hp_gain":0,"max_hp_loss":0,"event_name":"Big Fish","floor":3,"gold_loss":0,"cards_obtained":["Regret"]},{"cards_removed":["Regret"],"damage_healed":0,"gold_gain":0,"player_choice":"Card Removal","damage_taken":7,"max_hp_gain":0,"max_hp_loss":0,"event_name":"Golden Wing","floor":4,"gold_loss":0},{"damage_healed":0,"gold_gain":0,"player_choice":"Obtain J.A.X.","damage_taken":0,"max_hp_gain":0,"max_hp_loss":0,"event_name":"Drug Dealer","floor":19,"gold_loss":0,"cards_obtained":["J.A.X."]},{"damage_healed":0,"gold_gain":0,"player_choice":"Fought Bandits","damage_taken":0,"max_hp_gain":0,"max_hp_loss":0,"event_name":"Masked Bandits","floor":20,"gold_loss":0}],"is_beta":false,"boss_relics":[{"not_picked":["Runic Dome","Snecko Eye"],"picked":"Runic Cube"}],"items_purged_floors":[],"is_endless":false,"potions_floor_spawned":[1,2,8,13,24,29],"killed_by":"Automaton","ascension_level":0}