{"gold_per_floor":[17,36,51,69,86,86,116,116,116,146,146,157,177,206,206,279,279,295,295,48,66,9,40,40,51,51,77,77,96,21,41,41,115,115,128,143,156,173,187,187],"floor_reached":40,"playtime":3263,"items_purged":["Strike_R"],"score":830,"play_id":"fed14a1b-f27e-475c-ae76-faa28908cb1e","local_time":"20190709024240","is_ascension_mode":true,"campfire_choices":[{"data":"Double Tap","floor":6,"key":"SMITH"},{"floor":8,"key":"REST"},{"floor":15,"key":"REST"},{"floor":24,"key":"REST"},{"floor":28,"key":"REST"},{"floor":32,"key":"REST"}],"neow_cost":"NO_GOLD","seed_source_timestamp":3074677335247,"circlet_count":0,"master_deck":["AscendersBane","Strike_R","Strike_R","Strike_R","Strike_R","Defend_R","Defend_R","Defend_R","Defend_R","Bash","Feed","Headbutt","Power Through","Double Tap+1","Combust","Spot Weakness","Anger","True Grit","Pommel Strike","Rupture","Pommel Strike","Reaper","Shockwave","Evolve","Infernal Blade","True Grit","Cleave","Battle Trance","Body Slam","Inflame+1","Flame Barrier","Heavy Blade","Fiend Fire","Havoc+1","Sentinel","Sword Boomerang+1","True Grit+1","Fire Breathing","Exhume","Intimidate"],"relics":["Burning Blood","Shuriken","Pantograph","Odd Mushroom","Ancient Tea Set","Fusion Hammer","Kunai","Ginger","Dodecahedron","Prayer Wheel","Bird Faced Urn","Lizard Tail"],"potions_floor_usage":[7,10,10,13,16,16,27,37,40],"damage_taken":[{"damage":6,"enemies":"Cultist","floor":1,"turns":4},{"damage":6,"enemies":"2 Louse","floor":2,"turns":3},{"damage":16,"enemies":"Jaw Worm","floor":3,"turns":6},{"damage":23,"enemies":"Exordium Thugs","floor":4,"turns":5},{"damage":11,"enemies":"2 Fungi Beasts","floor":5,"turns":3},{"damage":39,"enemies":"Gremlin Nob","floor":7,"turns":4},{"damage":21,"enemies":"The Mushroom Lair","floor":10,"turns":5},{"damage":14,"enemies":"3 Louse","floor":12,"turns":7},{"damage":2,"enemies":"Lots of Slimes","floor":13,"turns":3},{"damage":23,"enemies":"Lagavulin","floor":14,"turns":5},{"damage":39,"enemies":"Hexaghost","floor":16,"turns":9},{"damage":39,"enemies":"2 Thieves","floor":18,"turns":4},{"damage":11,"enemies":"3 Byrds","floor":21,"turns":6},{"damage":55,"enemies":"Slavers","floor":23,"turns":5},{"damage":22,"enemies":"Snecko","floor":25,"turns":7},{"damage":47,"enemies":"Book of Stabbing","floor":27,"turns":6},{"damage":8,"enemies":"Snake Plant","floor":29,"turns":3},{"damage":13,"enemies":"Centurion and Healer","floor":31,"turns":6},{"damage":139,"enemies":"Automaton","floor":33,"turns":12},{"damage":25,"enemies":"3 Shapes","floor":35,"turns":9},{"damage":28,"enemies":"Orb Walker","floor":36,"turns":4},{"damage":59,"enemies":"Spire Growth","floor":37,"turns":6},{"damage":28,"enemies":"4 Shapes","floor":38,"turns":7},{"damage":34,"enemies":"Jaw Worm Horde","floor":39,"turns":4},{"damage":81,"enemies":"Reptomancer","floor":40,"turns":2}],"seed_played":"-4192702387775037103","potions_obtained":[{"floor":2,"key":"EssenceOfSteel"},{"floor":5,"key":"GamblersBrew"},{"floor":7,"key":"Dexterity Potion"},{"floor":10,"key":"Energy Potion"},{"floor":13,"key":"SpeedPotion"},{"floor":14,"key":"Block Potion"},{"floor":18,"key":"Ancient Potion"},{"floor":25,"key":"Swift Potion"},{"floor":36,"key":"Block Potion"},{"floor":37,"key":"EssenceOfSteel"},{"floor":39,"key":"PowerPotion"}],"is_trial":false,"path_per_floor":["M","M","M","M","M","R","E","R","T","?","?","M","M","E","R","B",null,"M","?","$","M","?","E","R","M","T","E","R","M","$","M","R","B",null,"M","M","M","M","M","E"],"character_chosen":"IRONCLAD","items_purchased":["Kunai"],"campfire_rested":5,"item_purchase_floors":[20],"current_hp_per_floor":[71,74,67,53,51,51,18,45,45,33,33,28,32,15,43,35,81,63,63,63,73,73,45,76,70,70,43,75,78,78,93,114,9,88,80,68,39,28,68,0],"gold":187,"neow_bonus":"THREE_RARE_CARDS","is_prod":false,"is_daily":false,"chose_seed":false,"campfire_upgraded":1,"win_rate":0,"timestamp":1562604160,"path_taken":["M","M","?","M","M","R","E","R","T","?","?","M","?","E","R","BOSS","M","?","$","M","?","E","R","?","T","E","R","?","$","M","R","BOSS","M","?","M","M","M","E"],"build_version":"2019-07-05","purchased_purges":1,"victory":false,"max_hp_per_floor":[78,81,84,87,90,90,90,90,90,93,93,96,96,96,96,96,96,99,99,99,102,102,105,105,108,108,108,108,111,111,114,114,114,114,117,117,117,120,120,120],"card_choices":[{"not_picked":["Fiend Fire","Immolate"],"picked":"Feed","floor":0},{"not_picked":["Thunderclap","Wild Strike"],"picked":"Headbutt","floor":1},{"not_picked":["Clash","Ghostly Armor"],"picked":"Power Through","floor":2},{"not_picked":["Clothesline","Dropkick"],"picked":"Double Tap","floor":3},{"not_picked":["Perfected Strike","Sword Boomerang"],"picked":"Combust","floor":4},{"not_picked":["Body Slam","Reckless Charge"],"picked":"Spot Weakness","floor":5},{"not_picked":["Flame Barrier","Combust"],"picked":"Anger","floor":7},{"not_picked":["Sentinel","Pommel Strike"],"picked":"True Grit","floor":10},{"not_picked":["Fire Breathing","Sever Soul"],"picked":"Pommel Strike","floor":12},{"not_picked":["Flex","Havoc"],"picked":"Rupture","floor":13},{"not_picked":["Combust","Anger"],"picked":"Pommel Strike","floor":14},{"not_picked":["Impervious","Immolate"],"picked":"Reaper","floor":16},{"not_picked":["Twin Strike+1","Power Through"],"picked":"Shockwave","floor":18},{"not_picked":["Sword Boomerang","Clash"],"picked":"Infernal Blade","floor":21},{"not_picked":["Twin Strike","Iron Wave"],"picked":"True Grit","floor":23},{"not_picked":["Heavy Blade","Iron Wave"],"picked":"Cleave","floor":25},{"not_picked":["Barricade","Thunderclap"],"picked":"Battle Trance","floor":27},{"not_picked":["Havoc","Flex"],"picked":"Body Slam","floor":29},{"not_picked":["Thunderclap","Iron Wave"],"picked":"Inflame+1","floor":29},{"not_picked":["Shrug It Off","Warcry"],"picked":"Flame Barrier","floor":31},{"not_picked":["Anger","Cleave","Heavy Blade"],"picked":"SKIP","floor":31},{"not_picked":["Anger","Cleave"],"picked":"Heavy Blade","floor":31},{"not_picked":["Double Tap","Immolate"],"picked":"Fiend Fire","floor":33},{"not_picked":["Wild Strike+1","Burning Pact"],"picked":"Havoc+1","floor":35},{"not_picked":["Searing Blow","Carnage"],"picked":"Sentinel","floor":35},{"not_picked":["Fire Breathing","Whirlwind"],"picked":"Sword Boomerang+1","floor":36},{"not_picked":["True Grit","Clash","Power Through"],"picked":"SKIP","floor":36},{"not_picked":["Cleave+1","Intimidate+1"],"picked":"True Grit+1","floor":37},{"not_picked":["Evolve","Thunderclap","Twin Strike+1"],"picked":"SKIP","floor":37},{"not_picked":["Fire Breathing","Bloodletting","Evolve"],"picked":"SKIP","floor":38},{"not_picked":["Havoc+1","Iron Wave+1","Carnage+1"],"picked":"SKIP","floor":38},{"not_picked":["Bloodletting","Evolve"],"picked":"Fire Breathing","floor":38},{"not_picked":["Havoc+1","Iron Wave+1","Carnage+1"],"picked":"SKIP","floor":38},{"not_picked":["Anger","Thunderclap"],"picked":"Exhume","floor":39},{"not_picked":["Perfected Strike","Cleave"],"picked":"Intimidate","floor":39}],"player_experience":956214,"relics_obtained":[{"floor":7,"key":"Shuriken"},{"floor":9,"key":"Pantograph"},{"floor":10,"key":"Odd Mushroom"},{"floor":14,"key":"Ancient Tea Set"},{"floor":23,"key":"Dodecahedron"},{"floor":26,"key":"Prayer Wheel"},{"floor":27,"key":"Bird Faced Urn"}],"event_choices":[{"damage_healed":0,"gold_gain":0,"player_choice":"Fought Mushrooms","damage_taken":0,"max_hp_gain":0,"max_hp_loss":0,"event_name":"Mushrooms","floor":10,"gold_loss":0},{"damage_healed":0,"gold_gain":0,"player_choice":"Ignored","damage_taken":0,"max_hp_gain":0,"max_hp_loss":0,"event_name":"Liars Game","floor":11,"gold_loss":0},{"damage_healed":0,"gold_gain":0,"player_choice":"Read","damage_taken":0,"max_hp_gain":0,"max_hp_loss":0,"event_name":"The Library","floor":19,"gold_loss":0,"cards_obtained":["Evolve"]},{"damage_healed":0,"gold_gain":0,"player_choice":"Paid Gold","damage_taken":0,"relics_obtained":["Ginger"],"max_hp_gain":0,"max_hp_loss":0,"event_name":"WeMeetAgain","floor":22,"gold_loss":57}],"is_beta":false,"boss_relics":[{"not_picked":["Calling Bell","Busted Crown"],"picked":"Fusion Hammer"},{"not_picked":["Philosopher\u0027s Stone","Velvet Choker"],"picked":"Lizard Tail"}],"items_purged_floors":[30],"is_endless":false,"potions_floor_spawned":[2,5,7,10,13,14,18,25,36,37,39],"killed_by":"Reptomancer","ascension_level":14}