{"gold_per_floor":[118,43,43,53,65,65,65,97,97,97,114,114,144,164,164,164],"floor_reached":16,"playtime":660,"items_purged":["Strike_G"],"score":176,"play_id":"23552b13-4813-435a-8b25-59ec7e441795","local_time":"20181209232715","is_ascension_mode":true,"campfire_choices":[{"data":"Choke","floor":6,"key":"SMITH"},{"floor":10,"key":"RECALL"},{"data":"Cloak And Dagger","floor":12,"key":"SMITH"},{"data":"Backflip","floor":15,"key":"SMITH"}],"neow_cost":"NONE","seed_source_timestamp":511773375002396,"circlet_count":0,"master_deck":["AscendersBane","Defend_G","Defend_G","Defend_G","Defend_G","Defend_G","Strike_G","Strike_G","Strike_G","Strike_G","Survivor","Neutralize","Finesse","Cloak And Dagger+1","Poisoned Stab","Choke+1","Prepared","Cloak And Dagger+1","Calculated Gamble","Backflip+1"],"relics":["Ring of the Snake","Sundial","Lantern","Bag of Preparation"],"potions_floor_usage":[8,11,16],"damage_taken":[{"damage":0,"enemies":"2 Louse","floor":1,"turns":4},{"damage":0,"enemies":"Cultist","floor":4,"turns":4},{"damage":0,"enemies":"Small Slimes","floor":5,"turns":4},{"damage":15,"enemies":"Lagavulin","floor":8,"turns":6},{"damage":0,"enemies":"Gremlin Gang","floor":11,"turns":3},{"damage":24,"enemies":"Gremlin Nob","floor":13,"turns":4},{"damage":0,"enemies":"Lots of Slimes","floor":14,"turns":3},{"damage":47,"enemies":"Slime Boss","floor":16,"turns":11}],"seed_played":"-3783457003489657059","potions_obtained":[{"floor":1,"key":"Explosive Potion"},{"floor":7,"key":"Strength Potion"},{"floor":8,"key":"Regen Potion"}],"is_trial":false,"path_per_floor":["M","$","?","M","M","R","?","E","T","R","M","R","E","M","R","B"],"character_chosen":"THE_SILENT","items_purchased":[],"campfire_rested":0,"item_purchase_floors":[],"current_hp_per_floor":[63,63,63,63,63,63,63,48,48,48,48,48,24,24,24,0],"gold":164,"neow_bonus":"RANDOM_COLORLESS","is_prod":false,"is_daily":false,"chose_seed":false,"campfire_upgraded":3,"win_rate":0,"timestamp":1544416035,"path_taken":["M","$","?","M","M","R","?","E","T","R","M","R","E","M","R","BOSS"],"build_version":"2018-12-06","purchased_purges":1,"victory":false,"max_hp_per_floor":[70,70,70,70,70,70,70,70,70,70,70,70,70,70,70,70],"card_choices":[{"not_picked":["Blade Dance","Dodge and Roll"],"picked":"Cloak And Dagger","floor":1},{"not_picked":["Deadly Poison","Flying Knee"],"picked":"Poisoned Stab","floor":4},{"not_picked":["Endless Agony","Leg Sweep"],"picked":"Choke","floor":5},{"not_picked":["PiercingWail","Eviscerate"],"picked":"Prepared","floor":8},{"not_picked":["Quick Slash","Acrobatics"],"picked":"Cloak And Dagger","floor":11},{"not_picked":["Endless Agony","Setup"],"picked":"Calculated Gamble","floor":13},{"not_picked":["Dodge and Roll","Distraction"],"picked":"Backflip","floor":14}],"player_experience":850326,"relics_obtained":[{"floor":8,"key":"Sundial"},{"floor":9,"key":"Lantern"},{"floor":13,"key":"Bag of Preparation"}],"event_choices":[{"damage_healed":0,"gold_gain":0,"player_choice":"Grow","damage_taken":0,"max_hp_gain":0,"max_hp_loss":0,"event_name":"Living Wall","floor":3,"gold_loss":0,"cards_upgraded":["Cloak And Dagger"]},{"damage_healed":0,"gold_gain":0,"player_choice":"Got Potions","damage_taken":0,"max_hp_gain":0,"max_hp_loss":0,"event_name":"Lab","floor":7,"gold_loss":0}],"is_beta":false,"boss_relics":[],"items_purged_floors":[2],"is_endless":false,"potions_floor_spawned":[1,8],"killed_by":"Slime Boss","ascension_level":12}