{"gold_per_floor":[20,31,42,56,56,73,73,92,92,92,121,121,154,171,171,267,267,277,294,99,119,139,139,167,167,167,181,193,193,208,30,30,131,131,148,159,1158,1158,550,550,550,569,569,589,589,623,623],"floor_reached":47,"playtime":6986,"items_purged":["Normality"],"score":615,"play_id":"16337cdd-2acf-478f-be66-a763cc0115be","local_time":"20190430175734","is_ascension_mode":true,"campfire_choices":[{"data":"Go for the Eyes","floor":7,"key":"SMITH"},{"data":"Zap","floor":10,"key":"SMITH"},{"floor":15,"key":"REST"},{"data":"Lockon","floor":23,"key":"SMITH"},{"floor":25,"key":"REST"},{"data":"Redo","floor":29,"key":"SMITH"},{"floor":32,"key":"REST"},{"data":"Seek","floor":40,"key":"SMITH"},{"data":"Skim","floor":45,"key":"SMITH"}],"neow_cost":"NO_GOLD","seed_source_timestamp":29861253150107,"circlet_count":0,"master_deck":["Strike_B","Strike_B","Strike_B","Strike_B","Defend_B","Defend_B","Defend_B","Defend_B","Zap+1","Dualcast+1","Ball Lightning","Go for the Eyes+1","Chill","Doom and Gloom","Capacitor","Ball Lightning","Genetic Algorithm","Skim+1","Seek+1","Coolheaded","Lockon+1","Self Repair","Sunder","Glacier","Aggregate+1","Stack","Rebound","Leap","Redo+1","Leap+1","Cold Snap","Electrodynamics+1","Hologram","Chill+1","Hologram","Loop+1","Normality","Loop+1","Double Energy+1","Conserve Battery+1","Redo+1"],"relics":["Cracked Core","Emotion Chip","Ancient Tea Set","Nunchaku","Bag of Preparation","Sozu","Bottled Lightning","Frozen Egg 2","Happy Flower","Orrery","Art of War","Medical Kit","Bronze Scales","The Courier","Vajra"],"potions_floor_usage":[11,13,33],"damage_taken":[{"damage":6,"enemies":"Cultist","floor":1,"turns":4},{"damage":3,"enemies":"2 Louse","floor":2,"turns":2},{"damage":0,"enemies":"Small Slimes","floor":3,"turns":2},{"damage":1,"enemies":"3 Louse","floor":4,"turns":2},{"damage":8,"enemies":"Blue Slaver","floor":6,"turns":2},{"damage":2,"enemies":"Large Slime","floor":8,"turns":4},{"damage":14,"enemies":"Lagavulin","floor":11,"turns":5},{"damage":10,"enemies":"3 Sentries","floor":13,"turns":3},{"damage":0,"enemies":"Gremlin Gang","floor":14,"turns":3},{"damage":16,"enemies":"Hexaghost","floor":16,"turns":8},{"damage":5,"enemies":"Shell Parasite","floor":18,"turns":3},{"damage":7,"enemies":"2 Thieves","floor":19,"turns":3},{"damage":15,"enemies":"Sentry and Sphere","floor":21,"turns":5},{"damage":15,"enemies":"Snake Plant","floor":22,"turns":4},{"damage":19,"enemies":"Slavers","floor":24,"turns":5},{"damage":14,"enemies":"Shelled Parasite and Fungi","floor":27,"turns":3},{"damage":13,"enemies":"Snecko","floor":28,"turns":7},{"damage":21,"enemies":"Snake Plant","floor":30,"turns":3},{"damage":33,"enemies":"Automaton","floor":33,"turns":14},{"damage":10,"enemies":"3 Darklings","floor":35,"turns":3},{"damage":10,"enemies":"3 Shapes","floor":36,"turns":5},{"damage":0,"enemies":"3 Darklings","floor":42,"turns":1},{"damage":0,"enemies":"Sphere and 2 Shapes","floor":44,"turns":1},{"damage":55,"enemies":"Nemesis","floor":46,"turns":8},{"damage":45,"enemies":"Writhing Mass","floor":47,"turns":3}],"seed_played":"5947705177166139194","potions_obtained":[{"floor":2,"key":"PowerPotion"},{"floor":4,"key":"Dexterity Potion"},{"floor":8,"key":"Fire Potion"},{"floor":13,"key":"SmokeBomb"}],"is_trial":false,"path_per_floor":["M","M","M","M","?","M","R","M","T","R","E","?","E","M","R","B",null,"M","M","$","M","M","R","E","R","T","M","M","R","M","$","R","B",null,"M","M","?","?","$","R","?","M","T","M","R","E","M"],"character_chosen":"DEFECT","items_purchased":["Self Repair","Sunder","Glacier","Happy Flower","Cold Snap","Art of War","Medical Kit","Bronze Scales","Loop+1"],"campfire_rested":3,"item_purchase_floors":[20,20,20,31,31,39,39,39,39],"current_hp_per_floor":[69,66,66,65,58,50,50,48,48,48,34,34,24,24,46,30,75,70,63,63,55,47,47,35,57,57,50,44,44,23,23,45,12,75,72,69,69,69,69,69,69,69,69,69,69,21,0],"gold":623,"neow_bonus":"ONE_RARE_RELIC","is_prod":false,"is_daily":false,"chose_seed":false,"campfire_upgraded":6,"win_rate":0,"timestamp":1556611054,"path_taken":["M","M","M","M","?","M","R","?","T","R","E","?","E","M","R","BOSS","M","M","$","M","M","R","E","R","T","M","M","R","M","$","R","BOSS","M","M","?","?","$","R","?","M","T","M","R","E","M"],"build_version":"2019-01-23","purchased_purges":1,"victory":false,"max_hp_per_floor":[75,75,75,75,75,75,75,75,75,75,75,75,75,75,75,75,75,75,75,75,75,75,75,75,75,75,75,75,75,75,75,75,75,75,75,75,75,71,71,71,71,71,71,71,71,71,71],"card_choices":[{"not_picked":["Go for the Eyes","Hologram"],"picked":"Ball Lightning","floor":1},{"not_picked":["Barrage","Hologram"],"picked":"Go for the Eyes","floor":2},{"not_picked":["Rip and Tear","Steam"],"picked":"Chill","floor":3},{"not_picked":["Leap","Rebound"],"picked":"Doom and Gloom","floor":4},{"not_picked":["Coolheaded","Rebound"],"picked":"FTL","floor":6},{"not_picked":["Leap","Steam"],"picked":"Capacitor","floor":8},{"not_picked":["Coolheaded","Barrage"],"picked":"Ball Lightning","floor":11},{"not_picked":["Darkness","Static Discharge"],"picked":"Genetic Algorithm","floor":13},{"not_picked":["Scrape","Double Energy"],"picked":"Skim","floor":14},{"not_picked":["Thunder Strike","Reboot"],"picked":"Seek","floor":16},{"not_picked":["Storm","Turbo"],"picked":"Coolheaded","floor":18},{"not_picked":["Steam","Ball Lightning"],"picked":"Lockon","floor":19},{"not_picked":["Rebound","Cold Snap"],"picked":"Aggregate+1","floor":21},{"not_picked":["Sweeping Beam+1","Gash"],"picked":"Stack","floor":22},{"not_picked":["Stack","Streamline"],"picked":"Rebound","floor":24},{"not_picked":["Stack","Tempest+1"],"picked":"Leap","floor":27},{"not_picked":["Streamline","Stack"],"picked":"Redo","floor":28},{"not_picked":["Sunder","Capacitor+1"],"picked":"Leap+1","floor":30},{"not_picked":["All For One","Rainbow"],"picked":"Electrodynamics+1","floor":33},{"not_picked":["Go for the Eyes+1","Turbo"],"picked":"Hologram","floor":34},{"not_picked":["Beam Cell","Barrage+1"],"picked":"Chill+1","floor":34},{"not_picked":["Heatsinks+1","Thunder Strike"],"picked":"Hologram","floor":34},{"not_picked":["Rebound","Go for the Eyes+1"],"picked":"Loop+1","floor":35},{"not_picked":["Streamline+1","Beam Cell","Aggregate"],"picked":"SKIP","floor":36},{"not_picked":["Steam+1","Streamline+1"],"picked":"Double Energy+1","floor":42},{"not_picked":["Hello World+1","Seek"],"picked":"Conserve Battery+1","floor":44},{"not_picked":["Hologram","Lockon"],"picked":"Redo+1","floor":46}],"player_experience":532344,"relics_obtained":[{"floor":9,"key":"Ancient Tea Set"},{"floor":11,"key":"Nunchaku"},{"floor":13,"key":"Bag of Preparation"},{"floor":24,"key":"Bottled Lightning"},{"floor":26,"key":"Frozen Egg 2"},{"floor":43,"key":"The Courier"},{"floor":46,"key":"Vajra"}],"event_choices":[{"damage_healed":0,"gold_gain":0,"player_choice":"Damaged","damage_taken":7,"max_hp_gain":0,"max_hp_loss":0,"event_name":"Wheel of Change","floor":5,"gold_loss":0},{"damage_healed":0,"gold_gain":0,"player_choice":"Grow","damage_taken":0,"max_hp_gain":0,"max_hp_loss":0,"event_name":"Living Wall","floor":12,"gold_loss":0,"cards_upgraded":["Dualcast"]},{"damage_healed":0,"gold_gain":999,"player_choice":"Gold","damage_taken":0,"max_hp_gain":0,"max_hp_loss":0,"event_name":"MindBloom","floor":37,"gold_loss":0,"cards_obtained":["Normality","Normality"]},{"damage_healed":0,"gold_gain":0,"player_choice":"Max HP","damage_taken":0,"max_hp_gain":0,"max_hp_loss":4,"event_name":"Winding Halls","floor":38,"gold_loss":0},{"cards_removed":["FTL"],"damage_healed":0,"gold_gain":0,"player_choice":"Removed Attack","damage_taken":0,"max_hp_gain":0,"max_hp_loss":0,"event_name":"Falling","floor":41,"gold_loss":0}],"is_beta":false,"boss_relics":[{"not_picked":["Coffee Dripper","Ectoplasm"],"picked":"Sozu"},{"not_picked":["Busted Crown","Philosopher\u0027s Stone"],"picked":"Orrery"}],"items_purged_floors":[39],"is_endless":false,"potions_floor_spawned":[2,4,8,13,18,24,33,42],"killed_by":"Writhing Mass","ascension_level":3}