{"gold_per_floor":[114,124,142,159,178,210,210,243,243,243,259,259,293,313,313,390,440,405,41,57,57,70,98,23,23,23,23],"floor_reached":27,"playtime":1527,"items_purged":["Strike_G"],"score":421,"play_id":"77394f26-1eac-4489-abef-d1f6a2222a6d","local_time":"20181215222045","is_ascension_mode":true,"campfire_choices":[{"floor":7,"key":"REST"},{"floor":10,"key":"RECALL"},{"floor":12,"key":"REST"},{"data":"Bouncing Flask","floor":15,"key":"SMITH"}],"neow_cost":"NONE","seed_source_timestamp":182202141206801,"circlet_count":0,"master_deck":["AscendersBane","Defend_G","Defend_G","Defend_G","Defend_G","Defend_G","Strike_G","Survivor","Neutralize+1","Noxious Fumes","Deadly Poison+1","Sucker Punch","Bouncing Flask+1","Well Laid Plans","Leg Sweep","Heel Hook","Poisoned Stab","Adrenaline","PiercingWail","Wraith Form v2","Reflex","Writhe"],"relics":["Ring of the Snake","Ancient Tea Set","Pantograph","Paper Crane","Tiny House","Oddly Smooth Stone","Bronze Scales","Ice Cream","Blood Vial","Smiling Mask"],"potions_floor_usage":[4,13,16,18,20,23,23,27],"damage_taken":[{"damage":0,"enemies":"Cultist","floor":1,"turns":4},{"damage":2,"enemies":"2 Louse","floor":2,"turns":3},{"damage":8,"enemies":"Small Slimes","floor":3,"turns":4},{"damage":6,"enemies":"3 Louse","floor":4,"turns":4},{"damage":4,"enemies":"Blue Slaver","floor":5,"turns":4},{"damage":23,"enemies":"Lagavulin","floor":6,"turns":5},{"damage":18,"enemies":"Gremlin Nob","floor":8,"turns":4},{"damage":6,"enemies":"Exordium Thugs","floor":11,"turns":4},{"damage":14,"enemies":"3 Sentries","floor":13,"turns":5},{"damage":4,"enemies":"2 Fungi Beasts","floor":14,"turns":4},{"damage":41,"enemies":"Slime Boss","floor":16,"turns":13},{"damage":7,"enemies":"2 Thieves","floor":18,"turns":5},{"damage":0,"enemies":"Chosen","floor":20,"turns":4},{"damage":12,"enemies":"Snake Plant","floor":22,"turns":4},{"damage":32,"enemies":"Gremlin Leader","floor":23,"turns":8},{"damage":13,"enemies":"Book of Stabbing","floor":27,"turns":5}],"seed_played":"-8758467807481340068","potions_obtained":[{"floor":1,"key":"LiquidBronze"},{"floor":3,"key":"Fire Potion"},{"floor":6,"key":"Weak Potion"},{"floor":14,"key":"FearPotion"},{"floor":16,"key":"SteroidPotion"},{"floor":17,"key":"EntropicBrew"},{"floor":18,"key":"Ancient Potion"}],"is_trial":false,"path_per_floor":["M","M","M","M","M","E","R","E","T","R","M","R","E","M","R","B",null,"M","$","M","?","M","E","?","?","T","E"],"character_chosen":"THE_SILENT","items_purchased":["Oddly Smooth Stone","Bronze Scales"],"campfire_rested":2,"item_purchase_floors":[19,19],"current_hp_per_floor":[63,61,53,47,43,20,41,23,23,23,17,38,24,20,20,4,59,52,52,52,52,40,8,8,8,8,0],"gold":23,"neow_bonus":"UPGRADE_CARD","is_prod":false,"is_daily":false,"chose_seed":false,"campfire_upgraded":1,"win_rate":0,"timestamp":1544930445,"path_taken":["M","M","M","M","M","E","R","E","T","R","M","R","E","M","R","BOSS","M","$","M","?","M","E","?","?","T","E"],"build_version":"2018-12-13","purchased_purges":1,"victory":false,"max_hp_per_floor":[70,70,70,70,70,70,70,70,70,70,70,70,70,70,70,70,75,75,75,75,75,75,75,75,75,75,75],"card_choices":[{"not_picked":["Dash","PiercingWail"],"picked":"Noxious Fumes","floor":1},{"not_picked":["Endless Agony","Dash"],"picked":"Deadly Poison","floor":2},{"not_picked":["Cloak And Dagger","Choke","Reflex"],"picked":"SKIP","floor":3},{"not_picked":["Endless Agony","Blade Dance"],"picked":"Sucker Punch","floor":4},{"not_picked":["Accuracy","Dodge and Roll"],"picked":"Bouncing Flask","floor":5},{"not_picked":["Cloak And Dagger","Choke"],"picked":"Well Laid Plans","floor":6},{"not_picked":["Caltrops","Dagger Spray"],"picked":"Leg Sweep","floor":8},{"not_picked":["Prepared","Dagger Throw","Sucker Punch"],"picked":"SKIP","floor":11},{"not_picked":["Dodge and Roll","Infinite Blades"],"picked":"Heel Hook","floor":13},{"not_picked":["Blade Dance","Envenom"],"picked":"Poisoned Stab","floor":14},{"not_picked":["Phantasmal Killer","Venomology"],"picked":"Adrenaline","floor":16},{"not_picked":["Underhanded Strike","Noxious Fumes"],"picked":"PiercingWail","floor":17},{"not_picked":["Deadly Poison","Blade Dance","Distraction"],"picked":"SKIP","floor":18},{"not_picked":["Flying Knee","Masterful Stab","All Out Attack"],"picked":"SKIP","floor":20},{"not_picked":["Skewer","Footwork","Slice"],"picked":"SKIP","floor":22},{"not_picked":["Infinite Blades+1","Riddle With Holes","Deflect"],"picked":"SKIP","floor":23}],"player_experience":878105,"relics_obtained":[{"floor":6,"key":"Ancient Tea Set"},{"floor":8,"key":"Pantograph"},{"floor":13,"key":"Paper Crane"},{"floor":23,"key":"Ice Cream"},{"floor":26,"key":"Smiling Mask"}],"event_choices":[{"damage_healed":0,"gold_gain":0,"cards_transformed":["Strike_G","Strike_G"],"player_choice":"Became Test Subject","damage_taken":0,"max_hp_gain":0,"max_hp_loss":0,"event_name":"Drug Dealer","floor":21,"gold_loss":0,"cards_obtained":["Wraith Form v2","Reflex"]},{"cards_removed":["Strike_G"],"damage_healed":0,"gold_gain":0,"player_choice":"Gave Gold","damage_taken":0,"max_hp_gain":0,"max_hp_loss":0,"event_name":"Beggar","floor":24,"gold_loss":75},{"damage_healed":0,"gold_gain":0,"player_choice":"Opened","damage_taken":0,"relics_obtained":["Blood Vial"],"max_hp_gain":0,"max_hp_loss":0,"event_name":"The Mausoleum","floor":25,"gold_loss":0,"cards_obtained":["Writhe"]}],"is_beta":false,"boss_relics":[{"not_picked":["Lizard Tail","WristBlade"],"picked":"Tiny House"}],"items_purged_floors":[19],"is_endless":false,"potions_floor_spawned":[1,3,6,8,11,14,16,18],"killed_by":"Book of Stabbing","ascension_level":13}