{"gold_per_floor":[119,119,130,141,66,66,122,122,122,143,154,166,196,209,209,209],"floor_reached":16,"playtime":860,"items_purged":["Strike_R"],"score":134,"play_id":"227429fb-944b-4874-83e6-45e004fbd64b","local_time":"20180724104938","is_ascension_mode":true,"campfire_choices":[{"data":"Searing Blow","floor":6,"key":"SMITH"},{"data":"Searing Blow+1","floor":8,"key":"SMITH"},{"data":"Searing Blow+2","floor":15,"key":"SMITH"}],"neow_cost":"NONE","seed_source_timestamp":1092953485628636,"circlet_count":0,"master_deck":["Strike_R","Strike_R","Strike_R","Strike_R","Defend_R","Defend_R","Defend_R","Defend_R","Bash","Reaper","Searing Blow+3","Armaments","Shrug It Off","Battle Trance"],"relics":["Burning Blood","Tiny Chest","Gremlin Horn","Odd Mushroom","Shovel"],"potions_floor_usage":[7,16,16],"damage_taken":[{"damage":10,"enemies":"Small Slimes","floor":1,"turns":4},{"damage":8,"enemies":"Jaw Worm","floor":3,"turns":4},{"damage":2,"enemies":"2 Louse","floor":4,"turns":3},{"damage":23,"enemies":"Gremlin Nob","floor":7,"turns":4},{"damage":21,"floor":10,"turns":4},{"damage":11,"enemies":"Blue Slaver","floor":11,"turns":6},{"damage":17,"enemies":"Large Slime","floor":12,"turns":8},{"damage":9,"enemies":"3 Sentries","floor":13,"turns":6},{"damage":13,"enemies":"Red Slaver","floor":14,"turns":5},{"damage":69,"enemies":"Slime Boss","floor":16,"turns":12}],"seed_played":"-5793998780940644748","potions_obtained":[{"floor":1,"key":"AttackPotion"},{"floor":7,"key":"Ancient Potion"},{"floor":10,"key":"EssenceOfSteel"}],"is_trial":false,"path_per_floor":["M","?","M","M","$","R","E","R","T","?","M","M","E","M","R"],"character_chosen":"IRONCLAD","items_purchased":[],"campfire_rested":0,"item_purchase_floors":[],"current_hp_per_floor":[80,80,78,80,80,80,67,67,67,66,65,62,59,57,57,0],"gold":209,"neow_bonus":"ONE_RANDOM_RARE_CARD","is_prod":false,"is_daily":false,"chose_seed":false,"campfire_upgraded":3,"win_rate":0,"timestamp":1532443778,"path_taken":["M","?","M","M","$","R","E","R","T","?","?","M","E","M","R","BOSS"],"build_version":"2018-07-19v2","purchased_purges":1,"victory":false,"max_hp_per_floor":[80,80,80,80,80,80,80,80,80,80,80,80,80,80,80,80],"card_choices":[{"not_picked":["Rupture","Shrug It Off"],"picked":"Searing Blow","floor":1},{"not_picked":["Clothesline","Flex"],"picked":"Armaments","floor":3},{"not_picked":["Body Slam","Blood for Blood","Warcry"],"picked":"SKIP","floor":4},{"not_picked":["Sentinel","Rampage","Body Slam"],"picked":"SKIP","floor":7},{"not_picked":["Fire Breathing","Disarm"],"picked":"Shrug It Off","floor":11},{"not_picked":["Iron Wave","Carnage"],"picked":"Battle Trance","floor":12},{"not_picked":["Searing Blow","Pummel","Cleave"],"picked":"SKIP","floor":13},{"not_picked":["Rupture","Shrug It Off","Heavy Blade"],"picked":"SKIP","floor":14}],"player_experience":306854,"relics_obtained":[{"floor":7,"key":"Tiny Chest"},{"floor":9,"key":"Gremlin Horn"},{"floor":10,"key":"Odd Mushroom"},{"floor":13,"key":"Shovel"}],"event_choices":[{"event_name":"Liars Game","player_choice":"disagreed","floor":2,"damage_taken":0},{"event_name":"Mushrooms","player_choice":"Fought Mushrooms","floor":10,"damage_taken":0}],"is_beta":false,"boss_relics":[],"items_purged_floors":[5],"is_endless":false,"potions_floor_spawned":[1,7,10],"killed_by":"Slime Boss","ascension_level":4}