{"gold_per_floor":[116,131,131,146,146,146,162,162,162,195,214,226,226,246,246,347,347,364,364,381,381,153,153,165,165,191,91,119,136,136,146,146,250,250,261,279,296,296,296,296,296,296,323,335],"floor_reached":44,"playtime":3169,"items_purged":["Strike_G","Strike_G"],"score":692,"play_id":"2987c44a-192d-434b-bf42-f591c00abe5b","local_time":"20181125204401","is_ascension_mode":true,"campfire_choices":[{"data":"Doppelganger","floor":6.0,"key":"SMITH"},{"data":"Tactician","floor":8.0,"key":"SMITH"},{"data":"Choke","floor":13.0,"key":"SMITH"},{"floor":15.0,"key":"REST"},{"data":"Prepared","floor":23.0,"key":"SMITH"},{"data":"Backflip","floor":25.0,"key":"SMITH"},{"data":"Tactician","floor":30.0,"key":"SMITH"},{"floor":32.0,"key":"REST"},{"data":"Well Laid Plans","floor":40.0,"key":"SMITH"},{"data":"PiercingWail","floor":42.0,"key":"SMITH"}],"neow_cost":"NONE","seed_source_timestamp":0,"circlet_count":0,"master_deck":["AscendersBane","Defend_G","Defend_G","Defend_G","Defend_G","Defend_G","Strike_G","Strike_G","Strike_G","Survivor","Neutralize","Doppelganger+1","Acrobatics+1","Underhanded Strike+1","Tactician+1","PiercingWail+1","Prepared+1","Well Laid Plans+1","Choke+1","Tactician+1","Backflip+1","Dodge and Roll+1","Crippling Poison+1","Writhe","Normality"],"special_seed":0,"relics":["Ring of the Serpent","Singing Bowl","Matryoshka","Vajra","Question Card","Anchor","Thread and Needle","Cursed Key","MawBank","Happy Flower"],"potions_floor_usage":[],"damage_taken":[{"damage":0.0,"enemies":"Cultist","floor":1.0,"turns":4.0},{"damage":4.0,"enemies":"Jaw Worm","floor":2.0,"turns":6.0},{"damage":0.0,"enemies":"2 Louse","floor":4.0,"turns":3.0},{"damage":8.0,"enemies":"Large Slime","floor":7.0,"turns":6.0},{"damage":20.0,"enemies":"Lagavulin","floor":10.0,"turns":7.0},{"damage":0.0,"enemies":"2 Fungi Beasts","floor":11.0,"turns":3.0},{"damage":1.0,"enemies":"Looter","floor":12.0,"turns":3.0},{"damage":9.0,"enemies":"Blue Slaver","floor":14.0,"turns":3.0},{"damage":19.0,"enemies":"The Guardian","floor":16.0,"turns":10.0},{"damage":2.0,"enemies":"Chosen","floor":18.0,"turns":4.0},{"damage":4.0,"enemies":"Spheric Guardian","floor":20.0,"turns":4.0},{"damage":0.0,"enemies":"Centurion and Healer","floor":24.0,"turns":3.0},{"damage":11.0,"enemies":"Slavers","floor":28.0,"turns":6.0},{"damage":0.0,"enemies":"Chosen and Byrds","floor":29.0,"turns":5.0},{"damage":6.0,"enemies":"Cultist and Chosen","floor":31.0,"turns":6.0},{"damage":59.0,"enemies":"Automaton","floor":33.0,"turns":13.0},{"damage":0.0,"enemies":"3 Darklings","floor":35.0,"turns":5.0},{"damage":0.0,"enemies":"Orb Walker","floor":36.0,"turns":3.0},{"damage":33.0,"enemies":"Transient","floor":37.0,"turns":5.0},{"damage":63,"enemies":"Reptomancer","floor":44,"turns":6}],"seed_played":"-4325794685693222641","potions_obtained":[{"floor":1.0,"key":"LiquidBronze"},{"floor":2.0,"key":"GamblersBrew"},{"floor":11.0,"key":"Fire Potion"},{"floor":14.0,"key":"AttackPotion"},{"floor":16.0,"key":"EntropicBrew"},{"floor":18.0,"key":"Energy Potion"},{"floor":20.0,"key":"Weak Potion"},{"floor":28.0,"key":"LiquidBronze"},{"floor":31.0,"key":"Weak Potion"}],"is_trial":false,"path_per_floor":["M","M","?","M","?","R","M","R","T","E","M","M","R","M","R","B",null,"M","?","M","?","$","R","M","R","T","$","E","M","R","M","R","B",null,"M","M","M","?","?","R","?","R","T","E"],"character_chosen":"THE_SILENT","items_purchased":["Vajra"],"campfire_rested":2,"item_purchase_floors":[22],"current_hp_per_floor":[63,59,64,64,49,49,41,41,41,21,21,20,20,13,36,19,64,64,64,60,60,60,60,60,60,60,60,51,53,53,47,72,15,69,71,71,40,63,63,63,63,63,63,0],"gold":335,"neow_bonus":"ONE_RANDOM_RARE_CARD","is_prod":false,"is_daily":false,"chose_seed":false,"campfire_upgraded":8,"win_rate":0,"timestamp":1543196641,"path_taken":["M","M","?","M","?","R","M","R","T","E","M","M","R","M","R","BOSS","M","?","M","?","$","R","M","R","T","$","E","M","R","M","R","BOSS","M","M","M","?","?","R","?","R","T","E"],"build_version":"2018-11-15","purchased_purges":2,"victory":false,"max_hp_per_floor":[70,70,75,75,75,75,75,75,75,75,75,75,75,77,77,79,79,81,81,81,81,81,81,81,81,81,81,83,85,85,85,85,87,87,89,89,91,91,91,91,91,91,91,91],"card_choices":[{"not_picked":["Heel Hook","Slice"],"picked":"Acrobatics","floor":1.0},{"not_picked":["Bouncing Flask","Calculated Gamble"],"picked":"Underhanded Strike","floor":2.0},{"not_picked":["Backflip","Dodge and Roll"],"picked":"Tactician","floor":4.0},{"not_picked":["Reflex","Masterful Stab"],"picked":"PiercingWail","floor":7.0},{"not_picked":["Quick Slash","Backflip"],"picked":"Prepared","floor":10.0},{"not_picked":["Distraction","Skewer"],"picked":"Well Laid Plans","floor":11.0},{"not_picked":["Bane","Glass Knife"],"picked":"Choke","floor":12.0},{"not_picked":["Predator","Acrobatics","Flechettes"],"picked":"Singing Bowl","floor":14.0},{"not_picked":["Glass Knife","Storm of Steel","Venomology"],"picked":"Singing Bowl","floor":16.0},{"not_picked":["Flying Knee","Dagger Spray","Dagger Throw"],"picked":"Singing Bowl","floor":18.0},{"not_picked":["Prepared","Quick Slash"],"picked":"Tactician","floor":20.0},{"not_picked":["Dagger Throw+1","Dodge and Roll"],"picked":"Backflip","floor":24.0},{"not_picked":["Infinite Blades","Deadly Poison","Prepared+1","Masterful Stab"],"picked":"Singing Bowl","floor":28.0},{"not_picked":["Backflip+1","Grand Finale","Finisher","Bouncing Flask"],"picked":"Singing Bowl","floor":29.0},{"not_picked":["Outmaneuver","Blur","Slice"],"picked":"Dodge and Roll+1","floor":31.0},{"not_picked":["Venomology","Unload","Burst","Bullet Time"],"picked":"Singing Bowl","floor":33.0},{"not_picked":["Endless Agony+1","Blade Dance","Predator+1","Bane"],"picked":"Singing Bowl","floor":35.0},{"not_picked":["Cloak And Dagger","Flying Knee+1","Poisoned Stab+1"],"picked":"Crippling Poison+1","floor":36.0},{"not_picked":["Grand Finale","Dodge and Roll+1","Terror","Acrobatics+1"],"picked":"Singing Bowl","floor":37.0}],"player_experience":712155,"relics_obtained":[{"floor":9.0,"key":"Singing Bowl"},{"floor":10.0,"key":"Matryoshka"},{"floor":26.0,"key":"Question Card"},{"floor":26.0,"key":"Anchor"},{"floor":28.0,"key":"Thread and Needle"},{"floor":43.0,"key":"MawBank"},{"floor":43.0,"key":"Happy Flower"}],"event_choices":[{"damage_healed":0.0,"max_hp_gain":5.0,"max_hp_loss":0.0,"gold_gain":0.0,"event_name":"Big Fish","player_choice":"Donut","floor":3.0,"gold_loss":0.0,"damage_taken":0.0},{"damage_healed":0.0,"max_hp_gain":0.0,"max_hp_loss":0.0,"gold_gain":0.0,"event_name":"Shining Light","player_choice":"Entered Light","floor":5.0,"gold_loss":0.0,"damage_taken":15.0,"cards_upgraded":["Underhanded Strike","Acrobatics"]},{"damage_healed":0.0,"max_hp_gain":0.0,"max_hp_loss":0.0,"gold_gain":0.0,"event_name":"Ghosts","player_choice":"Ignored","floor":19.0,"gold_loss":0.0,"damage_taken":0.0},{"damage_healed":0.0,"max_hp_gain":0.0,"max_hp_loss":0.0,"gold_gain":0.0,"event_name":"Cursed Tome","player_choice":"Ignored","floor":21.0,"gold_loss":0.0,"damage_taken":0.0},{"damage_healed":23.0,"max_hp_gain":0.0,"max_hp_loss":0.0,"gold_gain":0.0,"event_name":"Winding Halls","player_choice":"Writhe","floor":38.0,"gold_loss":0.0,"damage_taken":0.0,"cards_obtained":["Writhe"]},{"damage_healed":0.0,"max_hp_gain":0.0,"max_hp_loss":0.0,"gold_gain":0.0,"event_name":"Mysterious Sphere","player_choice":"Ignored","floor":39.0,"gold_loss":0.0,"damage_taken":0.0},{"damage_healed":0.0,"max_hp_gain":0.0,"max_hp_loss":0.0,"gold_gain":0.0,"event_name":"Tomb of Lord Red Mask","player_choice":"Ignored","floor":41.0,"gold_loss":0.0,"damage_taken":0.0}],"is_beta":false,"boss_relics":[{"not_picked":["WristBlade","Orrery"],"picked":"Ring of the Serpent"},{"not_picked":["Astrolabe","Empty Cage"],"picked":"Cursed Key"}],"items_purged_floors":[22,27],"is_endless":false,"potions_floor_spawned":[1,2,11,14,16,18,20,28,31],"killed_by":"Reptomancer","ascension_level":11}