{"gold_per_floor":[115,190,190,48,101,101,133,151,151,168,186,186],"floor_reached":12,"playtime":773,"items_purged":[],"score":137,"play_id":"18e2a497-3a45-49fd-8e89-142f0aa934eb","local_time":"20190723033801","is_ascension_mode":true,"campfire_choices":[{"floor":6,"key":"REST"}],"neow_cost":"CURSE","seed_source_timestamp":28594610787545,"circlet_count":0,"master_deck":["AscendersBane","Strike_B","Strike_B","Strike_B","Defend_B","Defend_B","Defend_B","Defend_B","Zap","Dualcast","Regret","Hyperbeam","Compile Driver","Sunder","Sweeping Beam","Glacier","Genetic Algorithm","Static Discharge","Turbo"],"relics":["Cracked Core","Tiny Chest","Dream Catcher","The Courier","Bottled Flame"],"potions_floor_usage":[],"damage_taken":[{"damage":8,"enemies":"2 Louse","floor":1,"turns":3},{"damage":62,"enemies":"Gremlin Nob","floor":7,"turns":6},{"damage":0,"enemies":"Small Slimes","floor":8,"turns":1},{"damage":2,"enemies":"Jaw Worm","floor":10,"turns":5},{"damage":0,"enemies":"3 Louse","floor":11,"turns":1},{"damage":3,"enemies":"Large Slime","floor":12,"turns":2}],"seed_played":"-4327225850229604621","potions_obtained":[{"floor":8,"key":"Block Potion"},{"floor":10,"key":"Explosive Potion"}],"is_trial":false,"path_per_floor":["M","?","?","$","T","R","E","M","T","M","M","M"],"character_chosen":"DEFECT","items_purchased":["Tiny Chest","Sweeping Beam"],"campfire_rested":1,"item_purchase_floors":[4,4],"current_hp_per_floor":[56,45,45,45,45,66,4,4,4,2,2,0],"gold":186,"neow_bonus":"THREE_RARE_CARDS","is_prod":false,"is_daily":false,"chose_seed":false,"campfire_upgraded":0,"win_rate":0,"timestamp":1563817081,"path_taken":["M","?","?","$","?","R","E","M","T","M","M","M"],"build_version":"2019-07-17","purchased_purges":0,"victory":false,"max_hp_per_floor":[71,71,71,71,71,71,71,71,71,71,71,71],"card_choices":[{"not_picked":["Multi-Cast","Core Surge"],"picked":"Hyperbeam","floor":0},{"not_picked":["Turbo","Barrage"],"picked":"Compile Driver","floor":1},{"not_picked":["Hello World","Self Repair"],"picked":"Glacier","floor":6},{"not_picked":["Steam","Leap","Redo"],"picked":"SKIP","floor":7},{"not_picked":["Storm","Gash"],"picked":"Genetic Algorithm","floor":8},{"not_picked":["Go for the Eyes","Double Energy"],"picked":"Static Discharge","floor":10},{"not_picked":["Coolheaded","Stack"],"picked":"Turbo","floor":11}],"player_experience":1068561,"relics_obtained":[{"floor":5,"key":"Dream Catcher"},{"floor":7,"key":"The Courier"},{"floor":9,"key":"Bottled Flame"}],"event_choices":[{"damage_healed":0,"gold_gain":75,"player_choice":"Gather Gold","damage_taken":11,"max_hp_gain":0,"max_hp_loss":0,"event_name":"World of Goop","floor":2,"gold_loss":0},{"damage_healed":0,"gold_gain":0,"cards_transformed":["Strike_B"],"player_choice":"Change","damage_taken":0,"max_hp_gain":0,"max_hp_loss":0,"event_name":"Living Wall","floor":3,"gold_loss":0,"cards_obtained":["Sunder"]}],"is_beta":false,"boss_relics":[],"items_purged_floors":[],"is_endless":false,"potions_floor_spawned":[8,10],"killed_by":"Large Slime","ascension_level":15}