{"gold_per_floor":[360,371,390,390,32,32,65,65,92,117,117,117,117,461,461,554,554,572,497,516,541,111,154,154,154,154,185,185,209,250,250,250,340,340,354,354],"floor_reached":36,"playtime":7923,"items_purged":["Regret"],"score":931,"play_id":"0daf20b7-0c60-4578-922c-ba5c9ee04bdd","local_time":"20190905003908","is_ascension_mode":true,"campfire_choices":[{"data":"Rip and Tear","floor":6.0,"key":"SMITH"},{"floor":11,"key":"REST"},{"data":"Stack","floor":13,"key":"SMITH"},{"data":"Zap","floor":15,"key":"SMITH"},{"data":"Fission","floor":25,"key":"SMITH"},{"data":"Buffer","floor":28,"key":"SMITH"},{"data":"Seek","floor":32,"key":"SMITH"}],"neow_cost":"TEN_PERCENT_HP_LOSS","seed_source_timestamp":0,"circlet_count":0,"master_deck":["AscendersBane","Zap+1","Dualcast","Cold Snap+1","Rip and Tear+1","Stack+1","Lockon","Glacier","Seek+1","Buffer+1","FTL","Reboot","Steam","Sweeping Beam","Hello World","Steam","Hyperbeam","Stack","Doom and Gloom+1","Chaos","Fission+1","Core Surge","Turbo","Glacier","Core Surge"],"special_seed":0,"relics":["Cracked Core","Vajra","Matryoshka","Incense Burner","Golden Idol","Regal Pillow","Orichalcum","Question Card","Old Coin","Pandora\u0027s Box","Symbiotic Virus","Omamori","MutagenicStrength","Potion Belt","Meat on the Bone","Girya","Whetstone","Black Star"],"potions_floor_usage":[7,14,16,20,30,33,36,36],"damage_taken":[{"damage":0.0,"enemies":"Cultist","floor":1.0,"turns":4.0},{"damage":6.0,"enemies":"2 Louse","floor":2.0,"turns":2.0},{"damage":0.0,"enemies":"Small Slimes","floor":3.0,"turns":2.0},{"damage":21,"enemies":"Lagavulin","floor":7,"turns":5},{"damage":0,"enemies":"Exordium Thugs","floor":10,"turns":3},{"damage":9,"enemies":"3 Sentries","floor":14,"turns":6},{"damage":39,"enemies":"The Guardian","floor":16,"turns":14},{"damage":5,"enemies":"Spheric Guardian","floor":18,"turns":4},{"damage":6,"enemies":"3 Byrds","floor":20,"turns":7},{"damage":0,"enemies":"Snecko","floor":21,"turns":5},{"damage":9,"enemies":"Slavers","floor":23,"turns":2},{"damage":0,"enemies":"Gremlin Leader","floor":27,"turns":5},{"damage":0,"enemies":"Snake Plant","floor":29,"turns":3},{"damage":14,"enemies":"Slavers","floor":30,"turns":7},{"damage":34,"enemies":"Champ","floor":33,"turns":12},{"damage":26,"enemies":"3 Shapes","floor":35,"turns":4},{"damage":74,"enemies":"2 Orb Walkers","floor":36,"turns":7}],"seed_played":"-4168989344107033677","potions_obtained":[{"floor":1.0,"key":"Strength Potion"},{"floor":3.0,"key":"Block Potion"},{"floor":10,"key":"Regen Potion"},{"floor":16,"key":"PowerPotion"},{"floor":18,"key":"SpeedPotion"},{"floor":21,"key":"Dexterity Potion"},{"floor":23,"key":"Strength Potion"},{"floor":33,"key":"Energy Potion"},{"floor":35,"key":"Regen Potion"}],"is_trial":false,"path_per_floor":["M","M","M","?","$","R","E","?","T","M","R","?","R","E","R","B",null,"M","?","M","M","$","E","?","R","T","E","R","M","E","?","R","B",null,"M","?"],"character_chosen":"DEFECT","items_purchased":["Matryoshka","Symbiotic Virus","Fission"],"campfire_rested":1,"item_purchase_floors":[5,22,22],"current_hp_per_floor":[64,58,58,58,58,58,37,15,15,15,49,44,44,50,50,11,51,46,46,40,40,40,31,31,31,31,43,43,43,41,41,41,19,53,39,0],"gold":354,"neow_bonus":"TWO_FIFTY_GOLD","is_prod":false,"is_daily":false,"chose_seed":false,"campfire_upgraded":6,"win_rate":0,"timestamp":1567658348,"path_taken":["M","M","M","?","$","R","E","?","T","M","R","?","R","E","R","BOSS","M","?","M","M","$","E","?","R","T","E","R","M","E","?","R","BOSS","M","?"],"build_version":"2019-07-17","purchased_purges":1,"victory":false,"max_hp_per_floor":[64,64,64,64,64,64,64,64,64,64,64,64,64,64,64,64,64,64,64,64,64,64,64,64,64,64,64,64,64,64,64,64,64,64,64,64],"card_choices":[{"not_picked":["Reinforced Body","Chill"],"picked":"Cold Snap","floor":1.0},{"not_picked":["Gash","Hello World"],"picked":"Rip and Tear","floor":2.0},{"not_picked":["Hologram","Go for the Eyes"],"picked":"Stack","floor":3.0},{"not_picked":["Reprogram","Rip and Tear"],"picked":"Lockon","floor":7},{"not_picked":["Redo","Blizzard"],"picked":"Glacier","floor":10},{"not_picked":["Sweeping Beam","Consume","Beam Cell"],"picked":"Seek","floor":14},{"not_picked":["Creative AI","All For One","Fission"],"picked":"Buffer","floor":16},{"not_picked":["Redo","Compile Driver","Sweeping Beam"],"picked":"Stack","floor":18},{"not_picked":["Hologram","Melter+1","Redo"],"picked":"Doom and Gloom","floor":20},{"not_picked":["Ball Lightning","Conserve Battery","Coolheaded"],"picked":"Chaos","floor":21},{"not_picked":["Sweeping Beam","Reprogram","Loop"],"picked":"Core Surge","floor":23},{"not_picked":["White Noise","Tempest+1","Steam","Hyperbeam"],"picked":"SKIP","floor":27},{"not_picked":["Gash","Streamline","Steam+1"],"picked":"Turbo","floor":29},{"not_picked":["Force Field","Melter+1","Cold Snap"],"picked":"Glacier","floor":30},{"not_picked":["Machine Learning","Multi-Cast","Hyperbeam"],"picked":"Core Surge","floor":33},{"not_picked":["Leap","FTL","Melter","Rebound+1"],"picked":"SKIP","floor":35}],"player_experience":1942509,"relics_obtained":[{"floor":7,"key":"Incense Burner"},{"floor":9,"key":"Regal Pillow"},{"floor":9,"key":"Orichalcum"},{"floor":14,"key":"Old Coin"},{"floor":23,"key":"Omamori"},{"floor":26,"key":"Potion Belt"},{"floor":26,"key":"Meat on the Bone"},{"floor":27,"key":"Girya"},{"floor":30,"key":"Whetstone"}],"event_choices":[{"damage_healed":0.0,"max_hp_gain":0.0,"max_hp_loss":0.0,"gold_gain":0.0,"event_name":"Big Fish","player_choice":"Box","floor":4.0,"gold_loss":0.0,"damage_taken":0.0,"relics_obtained":["Vajra"],"cards_obtained":["Regret"]},{"damage_healed":0,"gold_gain":0,"player_choice":"Take Damage","damage_taken":22,"relics_obtained":["Golden Idol"],"max_hp_gain":0,"max_hp_loss":0,"event_name":"Golden Idol","floor":8,"gold_loss":0},{"damage_healed":0,"gold_gain":0,"player_choice":"Success","damage_taken":5,"relics_obtained":["Question Card"],"max_hp_gain":0,"max_hp_loss":0,"event_name":"Scrap Ooze","floor":12,"gold_loss":0},{"cards_removed":["Hello World"],"damage_healed":0,"gold_gain":0,"player_choice":"Gave Gold","damage_taken":0,"max_hp_gain":0,"max_hp_loss":0,"event_name":"Beggar","floor":19,"gold_loss":75},{"damage_healed":0,"gold_gain":0,"player_choice":"Inject Mutagens","damage_taken":0,"relics_obtained":["MutagenicStrength"],"max_hp_gain":0,"max_hp_loss":0,"event_name":"Drug Dealer","floor":24,"gold_loss":0},{"damage_healed":0,"gold_gain":0,"player_choice":"Ignored","damage_taken":0,"max_hp_gain":0,"max_hp_loss":0,"event_name":"Vampires","floor":31,"gold_loss":0},{"damage_healed":0,"gold_gain":0,"player_choice":"Fight","damage_taken":0,"max_hp_gain":0,"max_hp_loss":0,"event_name":"Mysterious Sphere","floor":36,"gold_loss":0}],"is_beta":false,"boss_relics":[{"not_picked":["Busted Crown","Empty Cage"],"picked":"Pandora\u0027s Box"},{"not_picked":["FrozenCore","Nuclear Battery"],"picked":"Black Star"}],"items_purged_floors":[5],"is_endless":false,"potions_floor_spawned":[1,3,10,16,18,21,23,33,35],"killed_by":"2 Orb Walkers","ascension_level":20}