{"gold_per_floor":[115,132,132,4,17,17,32,32,32,48,81,116,116,59,59,133,133,112,131,150,150,150],"floor_reached":22,"playtime":1466,"items_purged":["Strike_G"],"score":392,"play_id":"5b9de2fe-ce6d-4817-8735-638e76e2361b","local_time":"20190501003743","is_ascension_mode":true,"campfire_choices":[{"data":"All Out Attack","floor":6,"key":"SMITH"},{"data":"Noxious Fumes","floor":8,"key":"SMITH"},{"data":"Noxious Fumes","floor":13,"key":"SMITH"},{"data":"Doppelganger","floor":15,"key":"SMITH"}],"neow_cost":"NONE","seed_source_timestamp":569051309430520,"circlet_count":0,"master_deck":["AscendersBane","Defend_G","Defend_G","Defend_G","Defend_G","Defend_G","Strike_G","Strike_G","Strike_G","Survivor","Neutralize","Noxious Fumes+1","All Out Attack+1","Quick Slash","Doppelganger+1","Terror","Backflip","Noxious Fumes+1","After Image","Blade Dance+1","Escape Plan","PiercingWail"],"relics":["Ring of the Snake","StoneCalendar","WingedGreaves","Turnip","Black Star"],"potions_floor_usage":[7,7,16,18,21,21],"damage_taken":[{"damage":5,"enemies":"Jaw Worm","floor":1,"turns":7},{"damage":2,"enemies":"Small Slimes","floor":2,"turns":5},{"damage":0,"enemies":"2 Louse","floor":5,"turns":2},{"damage":4,"enemies":"Exordium Thugs","floor":7,"turns":4},{"damage":0,"enemies":"Large Slime","floor":10,"turns":3},{"damage":12,"enemies":"Lagavulin","floor":11,"turns":7},{"damage":10,"enemies":"3 Sentries","floor":12,"turns":6},{"damage":7,"enemies":"Slime Boss","floor":16,"turns":7},{"damage":2,"enemies":"2 Thieves","floor":18,"turns":4},{"damage":8,"enemies":"Chosen","floor":19,"turns":6},{"damage":18,"enemies":"Sentry and Sphere","floor":20,"turns":6},{"damage":16,"enemies":"Colosseum Slavers","floor":21,"turns":4},{"damage":19,"enemies":"Masked Bandits","floor":22,"turns":3}],"seed_played":"-953187417262760510","potions_obtained":[{"floor":1,"key":"Ancient Potion"},{"floor":5,"key":"Swift Potion"},{"floor":16,"key":"PowerPotion"},{"floor":19,"key":"Ancient Potion"},{"floor":20,"key":"Poison Potion"}],"is_trial":false,"path_per_floor":["M","M","?","$","M","R","M","R","T","M","E","E","R","$","R","B",null,"M","M","M","?","?"],"character_chosen":"THE_SILENT","items_purchased":["Quick Slash","Fire Potion"],"campfire_rested":0,"item_purchase_floors":[4,14],"current_hp_per_floor":[54,52,52,52,52,52,48,48,48,48,36,26,26,26,26,19,54,52,44,26,10,0],"gold":150,"neow_bonus":"REMOVE_CARD","is_prod":false,"is_daily":false,"chose_seed":false,"campfire_upgraded":4,"win_rate":0,"timestamp":1556685463,"path_taken":["M","M","?","?","M","R","M","R","T","M","E","E","R","$","R","BOSS","M","M","M","?","?"],"build_version":"2019-01-23","purchased_purges":1,"victory":false,"max_hp_per_floor":[66,66,66,66,66,66,66,66,66,66,66,66,66,66,66,66,66,66,66,66,66,66],"card_choices":[{"not_picked":["Bane","Backflip"],"picked":"Noxious Fumes","floor":1},{"not_picked":["Predator","Outmaneuver"],"picked":"All Out Attack","floor":2},{"not_picked":["Expertise","Sucker Punch"],"picked":"Doppelganger","floor":5},{"not_picked":["Backflip","Dodge and Roll"],"picked":"Terror","floor":7},{"not_picked":["Bane","Prepared"],"picked":"Backflip","floor":10},{"not_picked":["Tools of the Trade","Distraction","Outmaneuver"],"picked":"SKIP","floor":11},{"not_picked":["Prepared","Terror"],"picked":"Noxious Fumes","floor":12},{"not_picked":["Night Terror","Storm of Steel"],"picked":"After Image","floor":16},{"not_picked":["Deadly Poison","Leg Sweep"],"picked":"Blade Dance+1","floor":18},{"not_picked":["Eviscerate","Skewer"],"picked":"Escape Plan","floor":19},{"not_picked":["Acrobatics","Night Terror"],"picked":"PiercingWail","floor":20}],"player_experience":1339192,"relics_obtained":[{"floor":9,"key":"StoneCalendar"},{"floor":11,"key":"WingedGreaves"},{"floor":12,"key":"Turnip"}],"event_choices":[{"damage_healed":0,"gold_gain":0,"player_choice":"Ignored","damage_taken":0,"max_hp_gain":0,"max_hp_loss":0,"event_name":"Shining Light","floor":3,"gold_loss":0},{"damage_healed":0,"gold_gain":0,"player_choice":"Fight","damage_taken":0,"max_hp_gain":0,"max_hp_loss":0,"event_name":"Colosseum","floor":21,"gold_loss":0},{"damage_healed":0,"gold_gain":0,"player_choice":"Fled From Nobs","damage_taken":0,"max_hp_gain":0,"max_hp_loss":0,"event_name":"Colosseum","floor":21,"gold_loss":0},{"damage_healed":0,"gold_gain":0,"player_choice":"Fought Bandits","damage_taken":0,"max_hp_gain":0,"max_hp_loss":0,"event_name":"Masked Bandits","floor":22,"gold_loss":0}],"is_beta":false,"boss_relics":[{"not_picked":["Tiny House","Empty Cage"],"picked":"Black Star"}],"items_purged_floors":[4],"is_endless":false,"potions_floor_spawned":[1,5,16,19,20],"killed_by":"Masked Bandits","ascension_level":20}