{"path_per_floor":["M","M","?","T","M","R","M","R","T","E","?","?","M","?","R","B",null,"M","T","M","?","?","?","?","M","T"],"character_chosen":"IRONCLAD","items_purchased":[],"gold_per_floor":[148,168,168,168,181,181,199,199,225,260,260,360,379,348,348,472,510,526,526,539,539,539,539,539,554,554,554],"floor_reached":27,"campfire_rested":2,"playtime":824,"current_hp_per_floor":[61,60,40,40,37,61,59,59,59,25,25,25,25,25,49,13,85,65,65,49,49,49,49,49,42,42,0],"items_purged":[],"gold":554,"score":279,"play_id":"acf8b3ad-adb5-4ead-9c96-e7a6c8ca95f3","local_time":"20180408234201","is_prod":false,"is_daily":false,"is_ascension_mode":true,"campfire_upgraded":1,"timestamp":1523245321,"path_taken":["M","M","?","?","?","R","M","R","T","E","?","?","M","?","R","BOSS","M","?","?","?","?","?","?","M","T","E"],"build_version":"2018-04-05v2","purchased_purges":0,"victory":false,"master_deck":["Defend_R+1","Defend_R+1","Defend_R+1","Defend_R+1","Bash","Writhe","Pain","Normality","Heavy Blade","Double Tap","Spot Weakness","Armaments+1","Iron Wave","Thunderclap","Double Tap","Flex","Sword Boomerang","Iron Wave+1","Bite","Bite","Bite","Bite","Bite","Writhe","Shrug It Off"],"max_hp_per_floor":[80,80,80,80,80,80,80,80,80,80,80,80,80,80,80,80,85,85,85,85,85,85,85,85,85,85,85],"relics":["Calling Bell","Smiling Mask","Tiny Chest","Peace Pipe","Bloody Idol","Du-Vu Doll","Bronze Scales","Tiny House","Dream Catcher","Thread and Needle","Calipers"],"card_choices":[{"not_picked":["Havoc","Perfected Strike"],"picked":"Heavy Blade","floor":1},{"not_picked":["Sword Boomerang","Twin Strike"],"picked":"Double Tap","floor":2},{"not_picked":["Clash","Headbutt"],"picked":"Spot Weakness","floor":5},{"not_picked":["Blood for Blood","Searing Blow"],"picked":"Armaments","floor":7},{"not_picked":["Sword Boomerang","Bludgeon"],"picked":"Iron Wave","floor":10},{"not_picked":["Headbutt","Body Slam"],"picked":"Thunderclap","floor":13},{"not_picked":["Dark Embrace","Reaper"],"picked":"Double Tap","floor":16},{"not_picked":["Wild Strike","Reckless Charge"],"picked":"Flex","floor":17},{"not_picked":["Wild Strike","Anger"],"picked":"Sword Boomerang","floor":18},{"not_picked":["Thunderclap","Combust"],"picked":"Iron Wave","floor":20},{"not_picked":["Twin Strike","Power Through"],"picked":"Shrug It Off","floor":25}],"player_experience":201065,"potions_floor_usage":[10,16,20,27,27],"damage_taken":[{"damage":19,"enemies":"Small Slimes","floor":1,"turns":5},{"damage":1,"enemies":"2 Louse","floor":2,"turns":2},{"damage":3,"enemies":"Jaw Worm","floor":5,"turns":3},{"damage":2,"enemies":"Exordium Wildlife","floor":7,"turns":3},{"damage":34,"enemies":"Lagavulin","floor":10,"turns":6},{"damage":2,"enemies":"Gremlin Gang","floor":13,"turns":3},{"damage":38,"enemies":"Hexaghost","floor":16,"turns":7},{"damage":20,"enemies":"Spheric Guardian","floor":18,"turns":4},{"damage":18,"enemies":"Shell Parasite","floor":20,"turns":3},{"damage":19,"enemies":"Snake Plant","floor":25,"turns":4},{"damage":51,"enemies":"Slavers","floor":27,"turns":4}],"event_choices":[{"event_name":"Golden Idol","player_choice":"Take Damage","floor":3,"damage_taken":0},{"event_name":"Purifier","player_choice":"Skipped","floor":11,"damage_taken":0},{"event_name":"Wheel of Change","player_choice":"Gold","floor":12,"damage_taken":0},{"event_name":"World of Goop","player_choice":"Left","floor":14,"damage_taken":0},{"event_name":"Vampires","player_choice":"Became a vampire (Vial)","floor":21,"damage_taken":0},{"event_name":"Back to Basics","player_choice":"Simplicity","floor":22,"damage_taken":0},{"event_name":"Forgotten Altar","player_choice":"Gave Idol","floor":23,"damage_taken":0},{"event_name":"The Mausoleum","player_choice":"Yes","floor":24,"damage_taken":0}],"boss_relics":[{"not_picked":["Black Star","Runic Pyramid"],"picked":"Tiny House"}],"potions_floor_spawned":[1,2,10,18],"seed_played":"-2348045945277998880","killed_by":"Slavers","ascension_level":4,"is_trial":false}