{"gold_per_floor":[114,129,204,204,225,225,240,273,297,318,351,351,351,65,65,164,164,185,36,59,59,84,84,120,120,145,185,135,149,149,173,173,266,266,289,313,313],"floor_reached":37,"playtime":1931,"items_purged":["Strike_G"],"score":838,"play_id":"e5b39b1f-dd3e-4183-8311-c3a4c3d0bb95","local_time":"20190503121320","is_ascension_mode":true,"campfire_choices":[{"data":"Neutralize","floor":6.0,"key":"SMITH"},{"floor":13.0,"key":"REST"},{"data":"Noxious Fumes","floor":15.0,"key":"SMITH"},{"data":"Storm of Steel","floor":23.0,"key":"SMITH"},{"data":"Wraith Form v2","floor":25.0,"key":"SMITH"},{"data":"Backflip","floor":30.0,"key":"SMITH"},{"data":"Blur","floor":32.0,"key":"SMITH"}],"neow_cost":"NONE","seed_source_timestamp":783052810744270,"circlet_count":0,"master_deck":["AscendersBane","Defend_G+1","Defend_G+1","Defend_G","Defend_G","Defend_G","Strike_G","Strike_G","Strike_G","Strike_G","Survivor","Neutralize+1","Noxious Fumes+1","Terror","Dagger Spray","Poisoned Stab","Blur","Wraith Form v2+1","Flying Knee","Blur+1","Storm of Steel+1","Deflect","Flash of Steel","Backstab","Adrenaline","Backflip+1","Distraction","Malaise","Shame","Regret","Pain","Acrobatics+1","Backstab"],"special_seed":0,"relics":["Ring of the Snake","Golden Idol","Bag of Marbles","Bag of Preparation","War Paint","Lee\u0027s Waffle","WristBlade","MutagenicStrength","Dodecahedron","Bronze Scales","PreservedInsect","Calling Bell","Centennial Puzzle","Pear","Torii"],"potions_floor_usage":[33,37],"damage_taken":[{"damage":0.0,"enemies":"Jaw Worm","floor":1.0,"turns":6.0},{"damage":0.0,"enemies":"Small Slimes","floor":2.0,"turns":4.0},{"damage":3.0,"enemies":"2 Louse","floor":5.0,"turns":3.0},{"damage":5.0,"enemies":"Blue Slaver","floor":7.0,"turns":4.0},{"damage":20.0,"enemies":"3 Sentries","floor":8.0,"turns":4.0},{"damage":0.0,"enemies":"3 Louse","floor":10.0,"turns":2.0},{"damage":30.0,"enemies":"Gremlin Nob","floor":11.0,"turns":5.0},{"damage":30.0,"enemies":"Hexaghost","floor":16.0,"turns":9.0},{"damage":0.0,"enemies":"Spheric Guardian","floor":18.0,"turns":4.0},{"damage":0.0,"enemies":"2 Thieves","floor":20.0,"turns":3.0},{"damage":0.0,"enemies":"Cultist and Chosen","floor":22.0,"turns":5.0},{"damage":2.0,"enemies":"Slavers","floor":24.0,"turns":3.0},{"damage":4.0,"enemies":"Book of Stabbing","floor":27.0,"turns":3.0},{"damage":0.0,"enemies":"3 Cultists","floor":29.0,"turns":1.0},{"damage":5.0,"enemies":"Snecko","floor":31.0,"turns":4.0},{"damage":25,"enemies":"Automaton","floor":33,"turns":10},{"damage":44,"enemies":"3 Darklings","floor":35,"turns":8},{"damage":7,"enemies":"3 Shapes","floor":36,"turns":4},{"damage":34,"enemies":"Transient","floor":37,"turns":4}],"seed_played":"-9138715625716661126","potions_obtained":[{"floor":1.0,"key":"Regen Potion"},{"floor":5.0,"key":"Strength Potion"},{"floor":11.0,"key":"Strength Potion"},{"floor":18.0,"key":"PowerPotion"},{"floor":24.0,"key":"Block Potion"},{"floor":36,"key":"Explosive Potion"}],"is_trial":false,"path_per_floor":["M","M","?","?","M","R","M","E","T","M","E","?","R","$","R","B",null,"M","$","M","?","M","R","E","R","T","E","?","M","R","M","R","B",null,"M","M","M"],"character_chosen":"THE_SILENT","items_purchased":["Lee\u0027s Waffle","Flash of Steel","AttackPotion"],"campfire_rested":1,"item_purchase_floors":[14,19,19],"current_hp_per_floor":[59,59,48,48,45,45,52,32,32,32,2,2,20,67,67,37,60,60,60,60,60,60,60,58,58,58,54,54,54,54,49,49,24,66,22,15,0],"gold":313,"neow_bonus":"THREE_CARDS","is_prod":false,"is_daily":false,"chose_seed":false,"campfire_upgraded":6,"win_rate":0,"timestamp":1556900000,"path_taken":["M","M","?","?","M","R","M","E","T","M","E","?","R","$","R","BOSS","M","$","M","?","M","R","E","R","T","E","?","M","R","?","R","BOSS","M","M","M"],"build_version":"2019-01-23","purchased_purges":1,"victory":false,"max_hp_per_floor":[66,66,66,60,60,60,60,60,60,60,60,60,60,67,67,67,67,67,67,67,67,67,67,67,67,67,67,67,67,67,67,67,67,77,77,77,77],"card_choices":[{"not_picked":["Terror","Blur"],"picked":"Noxious Fumes","floor":0.0},{"not_picked":["PiercingWail","Reflex"],"picked":"Terror","floor":1.0},{"not_picked":["Quick Slash","Riddle With Holes"],"picked":"Dagger Spray","floor":2.0},{"not_picked":["Sucker Punch","Acrobatics"],"picked":"Poisoned Stab","floor":5.0},{"not_picked":["Deflect","Reflex"],"picked":"Blur","floor":7.0},{"not_picked":["Poisoned Stab","Terror"],"picked":"Wraith Form v2","floor":8.0},{"not_picked":["Acrobatics","Dodge and Roll"],"picked":"Flying Knee","floor":10.0},{"not_picked":["Reflex","Deadly Poison"],"picked":"Blur","floor":11.0},{"not_picked":["Phantasmal Killer","Burst"],"picked":"Storm of Steel","floor":16.0},{"not_picked":["Choke","Dodge and Roll"],"picked":"Deflect","floor":18.0},{"not_picked":["Dagger Spray","Expertise"],"picked":"Backstab","floor":20.0},{"not_picked":["Dagger Throw","Crippling Poison+1"],"picked":"Adrenaline","floor":22.0},{"not_picked":["Bouncing Flask","Heel Hook","Prepared"],"picked":"SKIP","floor":24.0},{"not_picked":["Slice","Reflex"],"picked":"Backflip","floor":27.0},{"not_picked":["Underhanded Strike","Distraction","Heel Hook"],"picked":"SKIP","floor":29.0},{"not_picked":["Blur","Tactician"],"picked":"Distraction","floor":31.0},{"not_picked":["Grand Finale","Storm of Steel"],"picked":"Malaise","floor":33},{"not_picked":["Blade Dance+1","Dagger Spray"],"picked":"Acrobatics+1","floor":35},{"not_picked":["Prepared","Reflex"],"picked":"Backstab","floor":36}],"player_experience":1374162,"relics_obtained":[{"floor":8.0,"key":"Bag of Marbles"},{"floor":9.0,"key":"Bag of Preparation"},{"floor":11.0,"key":"War Paint"},{"floor":24.0,"key":"Dodecahedron"},{"floor":26.0,"key":"Bronze Scales"},{"floor":27.0,"key":"PreservedInsect"},{"floor":34,"key":"Centennial Puzzle"},{"floor":34,"key":"Pear"},{"floor":34,"key":"Torii"}],"event_choices":[{"damage_healed":0.0,"max_hp_gain":0.0,"max_hp_loss":0.0,"gold_gain":75.0,"event_name":"World of Goop","player_choice":"Gather Gold","floor":3.0,"gold_loss":0.0,"damage_taken":11.0},{"damage_healed":0.0,"max_hp_gain":0.0,"max_hp_loss":6.0,"gold_gain":0.0,"event_name":"Golden Idol","player_choice":"Lose Max HP","floor":4.0,"gold_loss":0.0,"damage_taken":0.0,"relics_obtained":["Golden Idol"]},{"damage_healed":0.0,"max_hp_gain":0.0,"max_hp_loss":0.0,"gold_gain":0.0,"event_name":"Dead Adventurer","player_choice":"Searched \u00270\u0027 times","floor":12.0,"gold_loss":0.0,"damage_taken":0.0},{"damage_healed":0.0,"max_hp_gain":0.0,"max_hp_loss":0.0,"gold_gain":0.0,"event_name":"Drug Dealer","player_choice":"Inject Mutagens","floor":21.0,"gold_loss":0.0,"damage_taken":0.0,"relics_obtained":["MutagenicStrength"]},{"damage_healed":0.0,"max_hp_gain":0.0,"max_hp_loss":0.0,"gold_gain":0.0,"event_name":"The Joust","player_choice":"Bet on Murderer","floor":28.0,"gold_loss":50.0,"damage_taken":0.0}],"is_beta":false,"boss_relics":[{"not_picked":["Ectoplasm","White Beast Statue"],"picked":"WristBlade"},{"not_picked":["Pandora\u0027s Box","HoveringKite"],"picked":"Calling Bell"}],"items_purged_floors":[14],"is_endless":false,"potions_floor_spawned":[1,5,11,18,24,36],"killed_by":"Transient","ascension_level":20}