{"gold_per_floor":[119,119,67,87,100,100,128,128,153,178,178,199,199,215,215,334,334,352,352,59,74,74,115,139,139,139,158,158],"floor_reached":28,"playtime":2501,"items_purged":[],"score":285,"play_id":"0f09665f-2f38-41f5-a63d-38626af264f7","local_time":"20190218203007","is_ascension_mode":true,"campfire_choices":[{"data":"Stack","floor":6,"key":"SMITH"},{"data":"Zap","floor":8,"key":"SMITH"},{"data":"Go for the Eyes","floor":13,"key":"SMITH"},{"floor":15,"key":"REST"},{"floor":25,"key":"REST"}],"neow_cost":"NONE","seed_source_timestamp":516822341358700,"circlet_count":0,"master_deck":["Strike_B","Strike_B","Strike_B","Defend_B","Defend_B","Defend_B","Defend_B","Zap+1","Dualcast+1","Stack+1","Cold Snap","Sweeping Beam","BootSequence","Amplify","Heatsinks","Go for the Eyes+1","Defragment","Buffer","Conserve Battery+1","Melter","Defragment","The Bomb","Hologram","Undo+1","Coolheaded","Stack"],"relics":["Cracked Core","Bronze Scales","Oddly Smooth Stone","PreservedInsect","Golden Idol","Nuclear Battery","Nilry\u0027s Codex","Shuriken","Bag of Marbles"],"potions_floor_usage":[16,16],"damage_taken":[{"damage":5,"enemies":"Small Slimes","floor":1,"turns":2},{"damage":0,"enemies":"Cultist","floor":4,"turns":3},{"damage":6,"enemies":"2 Louse","floor":5,"turns":2},{"damage":5,"enemies":"3 Sentries","floor":7,"turns":10},{"damage":11,"enemies":"Lagavulin","floor":10,"turns":6},{"damage":9,"enemies":"Looter","floor":12,"turns":3},{"damage":0,"enemies":"2 Fungi Beasts","floor":14,"turns":3},{"damage":19,"enemies":"Slime Boss","floor":16,"turns":12},{"damage":6,"enemies":"3 Byrds","floor":18,"turns":3},{"damage":9,"enemies":"Chosen","floor":21,"turns":6},{"damage":9,"enemies":"Book of Stabbing","floor":23,"turns":5},{"damage":3,"enemies":"3 Cultists","floor":24,"turns":3},{"damage":36,"enemies":"Cultist and Chosen","floor":27,"turns":6},{"damage":18,"enemies":"Slavers","floor":28,"turns":1}],"seed_played":"2427174226148067322","potions_obtained":[{"floor":5,"key":"Dexterity Potion"},{"floor":12,"key":"Fire Potion"},{"floor":14,"key":"SpeedPotion"},{"floor":16,"key":"FocusPotion"},{"floor":23,"key":"Strength Potion"}],"is_trial":false,"path_per_floor":["M","?","$","M","M","R","E","R","T","E","?","M","R","M","R","B",null,"M","?","$","M","?","E","M","R","T","M","E"],"character_chosen":"DEFECT","items_purchased":["Cold Snap","Defragment","The Bomb","Hologram"],"campfire_rested":2,"item_purchase_floors":[3,20,20,20],"current_hp_per_floor":[70,70,70,70,64,64,59,59,59,48,30,21,21,21,43,24,75,69,69,69,60,44,35,32,54,54,18,0],"gold":158,"neow_bonus":"UPGRADE_CARD","is_prod":false,"is_daily":false,"chose_seed":false,"campfire_upgraded":3,"win_rate":0,"timestamp":1550550607,"path_taken":["M","?","$","?","?","R","E","R","T","E","?","M","R","M","R","BOSS","M","?","$","M","?","E","M","R","T","M","E"],"build_version":"2019-01-23","purchased_purges":0,"victory":false,"max_hp_per_floor":[75,75,75,75,75,75,75,75,75,75,75,75,75,75,75,75,75,75,75,75,75,75,75,75,75,75,75,75],"card_choices":[{"not_picked":["Beam Cell","Steam"],"picked":"Stack","floor":1},{"not_picked":["Conserve Battery","Rebound"],"picked":"Sweeping Beam","floor":4},{"not_picked":["Conserve Battery","Skim"],"picked":"BootSequence","floor":5},{"not_picked":["Turbo","Chaos"],"picked":"Amplify","floor":7},{"not_picked":["Hello World","Storm"],"picked":"Heatsinks","floor":10},{"not_picked":["Consume","Turbo"],"picked":"Go for the Eyes","floor":12},{"not_picked":["Aggregate","Conserve Battery"],"picked":"Defragment","floor":14},{"not_picked":["Amplify","Fission"],"picked":"Buffer","floor":16},{"not_picked":["Barrage","Hello World"],"picked":"Conserve Battery+1","floor":18},{"not_picked":["Beam Cell","Go for the Eyes"],"picked":"Undo+1","floor":21},{"not_picked":["Leap","Turbo"],"picked":"Coolheaded","floor":23},{"not_picked":["Conserve Battery","Gash+1"],"picked":"Stack","floor":24},{"not_picked":["Beam Cell","Skim","Force Field+1"],"picked":"SKIP","floor":27}],"player_experience":124529,"relics_obtained":[{"floor":7,"key":"Bronze Scales"},{"floor":9,"key":"Oddly Smooth Stone"},{"floor":10,"key":"PreservedInsect"},{"floor":22,"key":"Nilry\u0027s Codex"},{"floor":23,"key":"Shuriken"},{"floor":26,"key":"Bag of Marbles"}],"event_choices":[{"cards_removed":["Strike_B"],"damage_healed":0,"gold_gain":0,"player_choice":"Purged","damage_taken":0,"max_hp_gain":0,"max_hp_loss":0,"event_name":"Purifier","floor":2,"gold_loss":0},{"damage_healed":0,"gold_gain":0,"player_choice":"Take Damage","damage_taken":18,"relics_obtained":["Golden Idol"],"max_hp_gain":0,"max_hp_loss":0,"event_name":"Golden Idol","floor":11,"gold_loss":0},{"damage_healed":0,"gold_gain":0,"player_choice":"Read","damage_taken":0,"max_hp_gain":0,"max_hp_loss":0,"event_name":"The Library","floor":19,"gold_loss":0,"cards_obtained":["Melter"]},{"damage_healed":0,"gold_gain":0,"player_choice":"Obtained Book","damage_taken":16,"max_hp_gain":0,"max_hp_loss":0,"event_name":"Cursed Tome","floor":22,"gold_loss":0}],"is_beta":false,"boss_relics":[{"not_picked":["Sozu","Philosopher\u0027s Stone"],"picked":"Nuclear Battery"}],"items_purged_floors":[],"is_endless":false,"potions_floor_spawned":[5,12,14,16,23,27],"killed_by":"Slavers","ascension_level":3}