{"gold_per_floor":[116,136,151,162,162,194,194,219,219,246,246],"floor_reached":11,"playtime":1760,"items_purged":[],"score":186,"play_id":"dac0a2c7-9cda-4459-ba63-f933a9435658","local_time":"20190829121249","is_ascension_mode":true,"campfire_choices":[],"neow_cost":"NONE","seed_source_timestamp":24227145168511,"circlet_count":0,"master_deck":["AscendersBane","Strike_B","Strike_B","Strike_B","Strike_B","Defend_B","Defend_B","Defend_B","Defend_B","Zap+1","Dualcast","Static Discharge+1","Conserve Battery","Compile Driver","Streamline","Consume","Coolheaded","Conserve Battery"],"relics":["Cracked Core","Ornamental Fan","Pen Nib","Bag of Preparation","Matryoshka"],"potions_floor_usage":[4,6,8,10],"damage_taken":[{"damage":8,"enemies":"2 Louse","floor":1,"turns":2},{"damage":1,"enemies":"Cultist","floor":2,"turns":4},{"damage":2,"enemies":"Jaw Worm","floor":3,"turns":5},{"damage":11,"enemies":"2 Fungi Beasts","floor":4,"turns":4},{"damage":10,"enemies":"Lagavulin","floor":6,"turns":4},{"damage":18,"enemies":"3 Sentries","floor":8,"turns":5},{"damage":4,"enemies":"Gremlin Nob","floor":10,"turns":3},{"damage":19,"enemies":"Gremlin Gang","floor":11,"turns":3}],"seed_played":"4443570991286357515","potions_obtained":[{"floor":2,"key":"PowerPotion"},{"floor":3,"key":"Energy Potion"},{"floor":7,"key":"LiquidBronze"},{"floor":7,"key":"SpeedPotion"},{"floor":8,"key":"FearPotion"}],"is_trial":false,"path_per_floor":["M","M","M","M","?","E","?","E","T","E","M"],"character_chosen":"DEFECT","items_purchased":[],"campfire_rested":0,"item_purchase_floors":[],"current_hp_per_floor":[56,55,53,42,42,32,32,14,14,10,0],"gold":246,"neow_bonus":"UPGRADE_CARD","is_prod":false,"is_daily":false,"chose_seed":false,"campfire_upgraded":0,"win_rate":0,"timestamp":1567095169,"path_taken":["M","M","M","M","?","E","?","E","T","E","?"],"build_version":"2019-07-17","purchased_purges":0,"victory":false,"max_hp_per_floor":[71,71,71,71,71,71,71,71,71,71,71],"card_choices":[{"not_picked":["Redo","Leap"],"picked":"Static Discharge","floor":1},{"not_picked":["White Noise","Stack"],"picked":"Conserve Battery","floor":2},{"not_picked":["Scrape","FTL"],"picked":"Compile Driver","floor":3},{"not_picked":["Loop","Hologram"],"picked":"Streamline","floor":4},{"not_picked":["Aggregate","Capacitor"],"picked":"Consume","floor":6},{"not_picked":["Go for the Eyes","Reinforced Body"],"picked":"Coolheaded","floor":8},{"not_picked":["Blizzard","Auto Shields"],"picked":"Conserve Battery","floor":10}],"player_experience":1895405,"relics_obtained":[{"floor":6,"key":"Ornamental Fan"},{"floor":8,"key":"Pen Nib"},{"floor":9,"key":"Bag of Preparation"},{"floor":10,"key":"Matryoshka"}],"event_choices":[{"damage_healed":0,"gold_gain":0,"player_choice":"Grow","damage_taken":0,"max_hp_gain":0,"max_hp_loss":0,"event_name":"Living Wall","floor":5,"gold_loss":0,"cards_upgraded":["Static Discharge"]},{"damage_healed":0,"gold_gain":0,"player_choice":"Got Potions","damage_taken":0,"max_hp_gain":0,"max_hp_loss":0,"event_name":"Lab","floor":7,"gold_loss":0}],"is_beta":false,"boss_relics":[],"items_purged_floors":[],"is_endless":false,"potions_floor_spawned":[2,3,8],"killed_by":"Gremlin Gang","ascension_level":20}