{"gold_per_floor":[116,116,134,151,171,204,204,218,218,218,229,244,264,278,278,381,381,401,413,426,426,336,336,368,368,447,447,462,562,562,593,593,697,697,708,726,741,756,766,766,1041,1041,1041,1058,102,117,137,152,152,152],"floor_reached":51,"playtime":3756,"items_purged":["Regret"],"score":724,"play_id":"0b1e5543-bdba-4f23-896d-937839df7c5a","local_time":"20190430123358","is_ascension_mode":false,"campfire_choices":[{"data":"Neutralize","floor":7,"key":"SMITH"},{"data":"Cloak And Dagger","floor":10,"key":"SMITH"},{"floor":15,"key":"REST"},{"floor":23,"key":"REST"},{"data":"RitualDagger","floor":25,"key":"SMITH"},{"data":"Infinite Blades","floor":27,"key":"SMITH"},{"floor":32,"key":"REST"},{"floor":40,"key":"REST"},{"data":"Well Laid Plans","floor":42,"key":"SMITH"},{"floor":49,"key":"REST"}],"neow_cost":"NONE","seed_source_timestamp":13664892360152,"circlet_count":0,"master_deck":["Defend_G+1","Defend_G+1","Defend_G+1","Defend_G+1","Defend_G+1","Survivor+1","Neutralize+1","Infinite Blades+1","Cloak And Dagger+1","Dagger Spray","Predator","Cloak And Dagger","Dagger Throw","Poisoned Stab","Noxious Fumes","Backstab","Expertise","A Thousand Cuts","Blade Dance","Blur+1","Cloak And Dagger","RitualDagger+1","Setup+1","PiercingWail","Backflip+1","Well Laid Plans+1","Die Die Die","Calculated Gamble+1","Crippling Poison+1","After Image+1","Predator+1","PiercingWail+1","Acrobatics","Poisoned Stab+1","Escape Plan","Wraith Form v2","Deflect","Dagger Throw","Backflip+1","Adrenaline"],"relics":["Ring of the Snake","Potion Belt","Happy Flower","Mercury Hourglass","WristBlade","Regal Pillow","The Courier","Calipers","Letter Opener","Sundial","Astrolabe","The Specimen","Thread and Needle","Toy Ornithopter","Pear","Bag of Preparation"],"potions_floor_usage":[6,16,16,24,24,31,31,31,31,44,50,50,50],"damage_taken":[{"damage":0,"enemies":"Jaw Worm","floor":1,"turns":5},{"damage":0,"enemies":"Cultist","floor":3,"turns":4},{"damage":0,"enemies":"2 Louse","floor":4,"turns":4},{"damage":9,"enemies":"2 Fungi Beasts","floor":5,"turns":5},{"damage":12,"enemies":"3 Sentries","floor":6,"turns":9},{"damage":8,"enemies":"Lots of Slimes","floor":8,"turns":4},{"damage":3,"enemies":"Large Slime","floor":11,"turns":4},{"damage":2,"enemies":"Looter","floor":12,"turns":2},{"damage":0,"enemies":"Gremlin Gang","floor":13,"turns":4},{"damage":0,"enemies":"Large Slime","floor":14,"turns":3},{"damage":16,"enemies":"The Guardian","floor":16,"turns":10},{"damage":0,"enemies":"3 Byrds","floor":18,"turns":3},{"damage":0,"enemies":"Spheric Guardian","floor":19,"turns":3},{"damage":19,"enemies":"Centurion and Healer","floor":20,"turns":6},{"damage":0,"enemies":"Gremlin Leader","floor":24,"turns":7},{"damage":4,"enemies":"Cultist and Chosen","floor":28,"turns":6},{"damage":7,"enemies":"Colosseum Slavers","floor":29,"turns":3},{"damage":7,"enemies":"Colosseum Nobs","floor":29,"turns":4},{"damage":16,"enemies":"Book of Stabbing","floor":31,"turns":5},{"damage":42,"enemies":"Champ","floor":33,"turns":12},{"damage":2,"enemies":"3 Darklings","floor":35,"turns":3},{"damage":12,"enemies":"3 Shapes","floor":36,"turns":6},{"damage":7,"enemies":"3 Darklings","floor":37,"turns":4},{"damage":1,"enemies":"4 Shapes","floor":38,"turns":4},{"damage":3,"enemies":"Maw","floor":39,"turns":7},{"damage":19,"enemies":"Spire Growth","floor":44,"turns":6},{"damage":9,"enemies":"3 Darklings","floor":46,"turns":4},{"damage":0,"enemies":"Sphere and 2 Shapes","floor":47,"turns":4},{"damage":4,"enemies":"4 Shapes","floor":48,"turns":3},{"damage":9,"enemies":"Donu and Deca","floor":50,"turns":10}],"seed_played":"-8898899071832766294","potions_obtained":[{"floor":1,"key":"Energy Potion"},{"floor":4,"key":"PowerPotion"},{"floor":8,"key":"PowerPotion"},{"floor":12,"key":"SteroidPotion"},{"floor":13,"key":"Block Potion"},{"floor":14,"key":"Strength Potion"},{"floor":16,"key":"Fire Potion"},{"floor":20,"key":"Swift Potion"},{"floor":29,"key":"Regen Potion"},{"floor":31,"key":"SpeedPotion"},{"floor":36,"key":"AttackPotion"},{"floor":37,"key":"GhostInAJar"},{"floor":38,"key":"LiquidBronze"},{"floor":47,"key":"AttackPotion"}],"is_trial":false,"path_per_floor":["M","?","M","M","M","E","R","M","T","R","M","M","M","M","R","B",null,"M","M","M","?","?","R","E","R","T","R","M","?","?","E","R","B",null,"M","M","M","M","M","R","?","R","T","M","$","M","M","M","R","B",null],"character_chosen":"THE_SILENT","items_purchased":["Thread and Needle","Wraith Form v2","Deflect","Toy Ornithopter","Pear","Bag of Preparation","Dagger Throw"],"campfire_rested":5,"item_purchase_floors":[45,45,45,45,45,45,45],"current_hp_per_floor":[70,70,70,70,61,49,49,41,41,41,38,36,36,36,57,41,70,70,70,51,45,45,66,66,66,66,66,62,48,48,37,70,28,70,68,56,49,48,45,70,70,70,70,51,61,52,52,48,80,71],"gold":152,"neow_bonus":"RANDOM_COMMON_RELIC","is_prod":false,"is_daily":false,"chose_seed":false,"campfire_upgraded":5,"win_rate":0,"timestamp":1556591638,"path_taken":["M","?","M","M","M","E","R","M","T","R","M","M","M","M","R","BOSS","M","?","M","?","?","R","E","R","T","R","?","?","?","E","R","BOSS","M","M","M","M","M","R","?","R","T","M","$","M","?","M","R","BOSS"],"build_version":"2019-01-23","purchased_purges":1,"victory":true,"max_hp_per_floor":[70,70,70,70,70,70,70,70,70,70,70,70,70,70,70,70,70,70,70,70,70,70,70,70,70,70,70,70,70,70,70,70,70,70,70,70,70,70,70,70,70,70,70,70,80,80,80,80,80,80],"card_choices":[{"not_picked":["Outmaneuver","Flechettes"],"picked":"Infinite Blades","floor":1},{"not_picked":["Quick Slash","Bane"],"picked":"Cloak And Dagger","floor":3},{"not_picked":["Calculated Gamble","Masterful Stab"],"picked":"Dagger Spray","floor":4},{"not_picked":["Blade Dance","Dash"],"picked":"Predator","floor":5},{"not_picked":["Heel Hook","Deflect"],"picked":"Cloak And Dagger","floor":6},{"not_picked":["Phantasmal Killer","Masterful Stab"],"picked":"Dagger Throw","floor":8},{"not_picked":["Cloak And Dagger","Sucker Punch"],"picked":"Poisoned Stab","floor":11},{"not_picked":["Poisoned Stab","Prepared"],"picked":"Noxious Fumes","floor":12},{"not_picked":["Backflip","Cloak And Dagger"],"picked":"Backstab","floor":13},{"not_picked":["Outmaneuver","Flying Knee"],"picked":"Expertise","floor":14},{"not_picked":["Grand Finale","Wraith Form v2"],"picked":"A Thousand Cuts","floor":16},{"not_picked":["Bouncing Flask","Quick Slash"],"picked":"Blade Dance","floor":18},{"not_picked":["Crippling Poison","Bouncing Flask"],"picked":"Blur+1","floor":19},{"not_picked":["All Out Attack","Accuracy"],"picked":"Cloak And Dagger","floor":20},{"not_picked":["Backflip","Accuracy"],"picked":"Setup+1","floor":24},{"not_picked":["Backstab","Heel Hook"],"picked":"PiercingWail","floor":28},{"not_picked":["Outmaneuver+1","Blade Dance"],"picked":"Backflip+1","floor":29},{"not_picked":["Expertise+1","Riddle With Holes"],"picked":"Well Laid Plans","floor":31},{"not_picked":["Unload","Venomology"],"picked":"Die Die Die","floor":33},{"not_picked":["Bane+1","Outmaneuver"],"picked":"Predator+1","floor":35},{"not_picked":["Dagger Spray+1","Prepared"],"picked":"PiercingWail+1","floor":36},{"not_picked":["Calculated Gamble+1","Endless Agony+1","Slice+1"],"picked":"SKIP","floor":37},{"not_picked":["Bane","Slice"],"picked":"Acrobatics","floor":38},{"not_picked":["Cloak And Dagger","Sucker Punch"],"picked":"Poisoned Stab+1","floor":39},{"not_picked":["Masterful Stab+1","Bullet Time"],"picked":"Escape Plan","floor":44},{"not_picked":["Deadly Poison+1","Dagger Spray+1","Quick Slash"],"picked":"SKIP","floor":46},{"not_picked":["Deflect","Terror+1"],"picked":"Backflip+1","floor":47},{"not_picked":["Underhanded Strike+1","Catalyst"],"picked":"Adrenaline","floor":48}],"player_experience":516764,"relics_obtained":[{"floor":6,"key":"Happy Flower"},{"floor":9,"key":"Mercury Hourglass"},{"floor":24,"key":"Regal Pillow"},{"floor":26,"key":"The Courier"},{"floor":29,"key":"Calipers"},{"floor":29,"key":"Letter Opener"},{"floor":31,"key":"Sundial"},{"floor":43,"key":"The Specimen"}],"event_choices":[{"cards_removed":["Strike_G"],"damage_healed":0,"gold_gain":0,"player_choice":"Purged","damage_taken":0,"max_hp_gain":0,"max_hp_loss":0,"event_name":"Purifier","floor":2,"gold_loss":0},{"damage_healed":0,"gold_gain":0,"player_choice":"Joined the Cult","damage_taken":6,"max_hp_gain":0,"max_hp_loss":0,"event_name":"Nest","floor":21,"gold_loss":0,"cards_obtained":["RitualDagger"]},{"cards_removed":["Strike_G"],"damage_healed":0,"gold_gain":0,"player_choice":"Upgrade and Remove","damage_taken":0,"max_hp_gain":0,"max_hp_loss":0,"event_name":"Designer","floor":22,"gold_loss":90,"cards_upgraded":["Survivor"]},{"damage_healed":0,"gold_gain":0,"player_choice":"Fight","damage_taken":0,"max_hp_gain":0,"max_hp_loss":0,"event_name":"Colosseum","floor":29,"gold_loss":0},{"damage_healed":0,"gold_gain":0,"player_choice":"Fought Nobs","damage_taken":0,"max_hp_gain":0,"max_hp_loss":0,"event_name":"Colosseum","floor":29,"gold_loss":0},{"damage_healed":0,"gold_gain":0,"player_choice":"Simplicity","damage_taken":0,"max_hp_gain":0,"max_hp_loss":0,"event_name":"Back to Basics","floor":30,"gold_loss":0,"cards_upgraded":["Defend_G","Defend_G","Defend_G","Defend_G","Defend_G","Strike_G","Strike_G","Strike_G"]},{"damage_healed":0,"gold_gain":275,"player_choice":"Desecrate","damage_taken":0,"max_hp_gain":0,"max_hp_loss":0,"event_name":"Golden Shrine","floor":41,"gold_loss":0,"cards_obtained":["Regret"]}],"is_beta":false,"boss_relics":[{"not_picked":["Pandora\u0027s Box","Cursed Key"],"picked":"WristBlade"},{"not_picked":["HoveringKite","Philosopher\u0027s Stone"],"picked":"Astrolabe"}],"items_purged_floors":[45],"is_endless":false,"potions_floor_spawned":[1,4,8,12,13,14,16,20,29,31,36,37,38,47],"ascension_level":0}