{"gold_per_floor":[111,111,122,197,297,297,332,332,358,368,387,410,410,410,410,410],"floor_reached":16,"playtime":463,"items_purged":[],"score":167,"play_id":"2d3e7275-6957-4183-9ba1-56f3c75a884a","local_time":"20190603110823","is_ascension_mode":true,"campfire_choices":[{"data":"Cleave","floor":6,"key":"SMITH"},{"floor":8,"key":"REST"},{"data":"Armaments","floor":15,"key":"SMITH"}],"neow_cost":"CURSE","seed_source_timestamp":64773894548899,"circlet_count":0,"master_deck":["Strike_R","Strike_R","Strike_R","Strike_R","Strike_R","Defend_R","Defend_R","Defend_R","Defend_R","Bash","Headbutt","Regret","Cleave+1","Spot Weakness","Impervious","Body Slam","Armaments+1"],"relics":["Burning Blood","Pen Nib","Ice Cream","Bronze Scales","Odd Mushroom"],"potions_floor_usage":[7,12],"damage_taken":[{"damage":23,"enemies":"Jaw Worm","floor":1,"turns":4},{"damage":3,"enemies":"Small Slimes","floor":3,"turns":3},{"damage":31,"enemies":"Lagavulin","floor":7,"turns":5},{"damage":10,"enemies":"2 Louse","floor":10,"turns":2},{"damage":17,"enemies":"Exordium Thugs","floor":11,"turns":4},{"damage":3,"enemies":"The Mushroom Lair","floor":12,"turns":3},{"damage":55,"enemies":"The Guardian","floor":16,"turns":7}],"seed_played":"8760260124393448955","potions_obtained":[{"floor":3,"key":"Block Potion"},{"floor":7,"key":"Energy Potion"}],"is_trial":false,"path_per_floor":["M","?","M","?","?","R","E","R","T","M","M","?","?","?","R","B"],"character_chosen":"IRONCLAD","items_purchased":[],"campfire_rested":1,"item_purchase_floors":[],"current_hp_per_floor":[71,71,74,63,63,63,38,66,66,62,51,54,54,54,54,0],"gold":410,"neow_bonus":"TWENTY_PERCENT_HP_BONUS","is_prod":false,"is_daily":false,"chose_seed":false,"campfire_upgraded":2,"win_rate":0,"timestamp":1559524103,"path_taken":["M","?","M","?","?","R","E","R","T","M","?","?","?","?","R","BOSS"],"build_version":"2019-01-23","purchased_purges":0,"victory":false,"max_hp_per_floor":[96,96,96,96,96,96,96,96,96,96,96,96,96,96,96,96],"card_choices":[{"not_picked":["Seeing Red","Armaments"],"picked":"Headbutt","floor":1},{"not_picked":["Corruption","Havoc"],"picked":"Cleave","floor":3},{"not_picked":["Sword Boomerang","Heavy Blade"],"picked":"Spot Weakness","floor":7},{"not_picked":["Thunderclap","Flex"],"picked":"Impervious","floor":10},{"not_picked":["Flex","Reckless Charge"],"picked":"Body Slam","floor":11},{"not_picked":["Heavy Blade","Anger"],"picked":"Armaments","floor":12}],"player_experience":811122,"relics_obtained":[{"floor":7,"key":"Ice Cream"},{"floor":9,"key":"Bronze Scales"},{"floor":12,"key":"Odd Mushroom"}],"event_choices":[{"damage_healed":0,"gold_gain":0,"player_choice":"Box","damage_taken":0,"relics_obtained":["Pen Nib"],"max_hp_gain":0,"max_hp_loss":0,"event_name":"Big Fish","floor":2,"gold_loss":0,"cards_obtained":["Regret"]},{"damage_healed":0,"gold_gain":75,"player_choice":"Gather Gold","damage_taken":11,"max_hp_gain":0,"max_hp_loss":0,"event_name":"World of Goop","floor":4,"gold_loss":0},{"damage_healed":0,"gold_gain":100,"player_choice":"Pray","damage_taken":0,"max_hp_gain":0,"max_hp_loss":0,"event_name":"Golden Shrine","floor":5,"gold_loss":0},{"damage_healed":0,"gold_gain":0,"player_choice":"Fought Mushrooms","damage_taken":0,"max_hp_gain":0,"max_hp_loss":0,"event_name":"Mushrooms","floor":12,"gold_loss":0},{"damage_healed":0,"gold_gain":0,"player_choice":"Ignored","damage_taken":0,"max_hp_gain":0,"max_hp_loss":0,"event_name":"Liars Game","floor":13,"gold_loss":0},{"cards_removed":["Normality"],"damage_healed":0,"gold_gain":0,"player_choice":"Forget","damage_taken":0,"max_hp_gain":0,"max_hp_loss":0,"event_name":"Living Wall","floor":14,"gold_loss":0}],"is_beta":false,"boss_relics":[],"items_purged_floors":[],"is_endless":false,"potions_floor_spawned":[3,7],"killed_by":"The Guardian","ascension_level":9}