{"gold_per_floor":[99,18,18,18,18,18,18,18,18,18,18,18,18,18,18,18,18,18,18,18,18,18,18,18,18,18,18,18,18,18,18,18,18,18,18,18,18,18,18,18,18,18,18,18,18,18,18,18,18,18],"floor_reached":50,"playtime":1800,"items_purged":[],"score":493,"play_id":"47e34ff0-60c3-407c-a1cc-467bbfb4fc51","local_time":"20190328181358","is_ascension_mode":false,"campfire_choices":[{"floor":6,"key":"DIG"},{"floor":10,"key":"DIG"},{"floor":13,"key":"DIG"},{"floor":15,"key":"REST"},{"floor":25,"key":"DIG"},{"floor":28,"key":"RECALL"},{"floor":32,"key":"DIG"},{"floor":40,"key":"DIG"},{"floor":42,"key":"REST"},{"floor":47,"key":"DIG"},{"floor":49,"key":"DIG"}],"neow_cost":"NONE","seed_source_timestamp":14100612790364,"circlet_count":0,"master_deck":["Strike_R","Strike_R","Strike_R","Strike_R","Strike_R","Defend_R","Defend_R","Defend_R","Bash","Power Through","Infernal Blade","Wild Strike","Pommel Strike","Thunderclap","Rage","Cleave","Cleave+1","Reaper+1","Body Slam+1","Infernal Blade","Pommel Strike+1","Iron Wave+1","Inflame","Infernal Blade","Perfected Strike+1","Inflame","Wild Strike+1","Berserk","Pommel Strike+1","Shockwave","Dramatic Entrance+1","Mind Blast+1","Wild Strike+1","Flame Barrier+1","Body Slam+1","True Grit+1","Madness","Madness","Heavy Blade+1"],"relics":["Ectoplasm","Shovel","Blue Candle","Shuriken","Mummified Hand","Boot","Molten Egg 2","Mark of Pain","Ginger","Red Skull","Omamori","White Beast Statue","Dream Catcher","Juzu Bracelet","Kunai","Centennial Puzzle"],"potions_floor_usage":[16,21,33,33,33,35,37,44,44,48,48,50],"damage_taken":[{"damage":1,"enemies":"2 Louse","floor":1,"turns":3},{"damage":6,"enemies":"Jaw Worm","floor":5,"turns":3},{"damage":10,"enemies":"Gremlin Nob","floor":7,"turns":4},{"damage":3,"enemies":"Small Slimes","floor":8,"turns":2},{"damage":0,"enemies":"Gremlin Gang","floor":11,"turns":5},{"damage":0,"enemies":"Red Slaver","floor":12,"turns":3},{"damage":3,"enemies":"2 Fungi Beasts","floor":14,"turns":3},{"damage":42,"enemies":"Hexaghost","floor":16,"turns":8},{"damage":0,"enemies":"Spheric Guardian","floor":18,"turns":3},{"damage":10,"enemies":"Chosen","floor":21,"turns":3},{"damage":5,"enemies":"Sentry and Sphere","floor":22,"turns":4},{"damage":29,"enemies":"Slavers","floor":23,"turns":4},{"damage":9,"enemies":"Centurion and Healer","floor":24,"turns":5},{"damage":4,"enemies":"Cultist and Chosen","floor":29,"turns":4},{"damage":1,"enemies":"3 Cultists","floor":30,"turns":3},{"damage":0,"enemies":"Centurion and Healer","floor":31,"turns":3},{"damage":11,"enemies":"Collector","floor":33,"turns":5},{"damage":5,"enemies":"Orb Walker","floor":35,"turns":3},{"damage":25,"enemies":"3 Darklings","floor":37,"turns":5},{"damage":10,"enemies":"Jaw Worm Horde","floor":39,"turns":2},{"damage":7,"enemies":"Maw","floor":41,"turns":4},{"damage":26,"enemies":"Sphere and 2 Shapes","floor":44,"turns":4},{"damage":6,"enemies":"4 Shapes","floor":48,"turns":2},{"damage":89,"enemies":"Donu and Deca","floor":50,"turns":4}],"seed_played":"-2414409326386046326","potions_obtained":[{"floor":8,"key":"Explosive Potion"},{"floor":11,"key":"PowerPotion"},{"floor":23,"key":"SkillPotion"},{"floor":24,"key":"Block Potion"},{"floor":29,"key":"PowerPotion"},{"floor":33,"key":"Block Potion"},{"floor":35,"key":"GamblersBrew"},{"floor":37,"key":"Regen Potion"},{"floor":39,"key":"Strength Potion"},{"floor":41,"key":"SteroidPotion"},{"floor":44,"key":"SkillPotion"},{"floor":48,"key":"Poison Potion"}],"is_trial":false,"path_per_floor":["M","$","?","?","M","R","E","M","T","R","M","M","R","M","R","B",null,"M","?","?","M","M","E","M","R","T","$","R","M","M","M","R","B",null,"M","?","M","?","M","R","M","R","T","M","?","?","R","M","R","B"],"character_chosen":"IRONCLAD","items_purchased":["Infernal Blade"],"campfire_rested":2,"item_purchase_floors":[2],"current_hp_per_floor":[79,79,72,72,66,66,56,53,53,53,53,53,53,50,74,32,80,80,80,80,76,71,62,68,68,68,68,68,67,66,79,79,77,80,75,75,62,57,47,47,58,80,80,80,70,70,70,80,80,0],"gold":18,"neow_bonus":"BOSS_RELIC","is_prod":false,"is_daily":false,"chose_seed":false,"campfire_upgraded":0,"win_rate":0,"timestamp":1553760838,"path_taken":["M","$","?","?","M","R","E","M","T","R","M","M","R","M","R","BOSS","M","?","?","?","M","E","M","R","T","?","R","M","M","?","R","BOSS","M","?","M","?","M","R","M","R","T","M","?","?","R","M","R","BOSS"],"build_version":"2019-01-23","purchased_purges":0,"victory":false,"max_hp_per_floor":[80,80,80,80,80,80,80,80,80,80,80,80,80,80,80,80,80,80,80,80,80,80,80,80,80,80,80,80,80,80,80,80,80,80,80,80,80,80,80,80,80,80,80,80,80,80,80,80,80,80],"card_choices":[{"not_picked":["Sword Boomerang","Heavy Blade"],"picked":"Power Through","floor":1},{"not_picked":["Combust","Clash"],"picked":"Wild Strike","floor":5},{"not_picked":["Reckless Charge","True Grit"],"picked":"Pommel Strike","floor":7},{"not_picked":["Heavy Blade","Whirlwind"],"picked":"Thunderclap","floor":8},{"not_picked":["Armaments","Iron Wave"],"picked":"Rage","floor":11},{"not_picked":["Havoc","Intimidate"],"picked":"Cleave","floor":12},{"not_picked":["Offering","True Grit"],"picked":"Cleave+1","floor":14},{"not_picked":["Dark Embrace","Immolate+1"],"picked":"Reaper+1","floor":16},{"not_picked":["Havoc+1","Warcry+1"],"picked":"Body Slam+1","floor":18},{"not_picked":["Carnage+1","Clash+1"],"picked":"Pommel Strike+1","floor":21},{"not_picked":["Clothesline+1","Shockwave+1"],"picked":"Iron Wave+1","floor":22},{"not_picked":["Bloodletting","Demon Form"],"picked":"Inflame","floor":23},{"not_picked":["Perfected Strike+1","Dropkick+1"],"picked":"Infernal Blade","floor":24},{"not_picked":["Bloodletting","Sword Boomerang+1"],"picked":"Perfected Strike+1","floor":29},{"not_picked":["Metallicize","Flex"],"picked":"Inflame","floor":30},{"not_picked":["Entrench","Thunderclap+1"],"picked":"Wild Strike+1","floor":31},{"not_picked":["Demon Form","Limit Break"],"picked":"Berserk","floor":33},{"not_picked":["Sword Boomerang+1","Warcry"],"picked":"Pommel Strike+1","floor":35},{"not_picked":["Seeing Red+1","Pummel+1"],"picked":"Shockwave","floor":37},{"not_picked":["Deep Breath","Flash of Steel+1"],"picked":"Dramatic Entrance+1","floor":38},{"not_picked":["Sadistic Nature","Forethought"],"picked":"Mind Blast+1","floor":38},{"not_picked":["Anger+1","True Grit"],"picked":"Wild Strike+1","floor":39},{"not_picked":["True Grit","Clothesline+1"],"picked":"Flame Barrier+1","floor":41},{"not_picked":["Whirlwind+1","Armaments+1"],"picked":"Body Slam+1","floor":42},{"not_picked":["Cleave+1","Sword Boomerang+1"],"picked":"True Grit+1","floor":44},{"not_picked":["Evolve","Shrug It Off"],"picked":"Heavy Blade+1","floor":48}],"player_experience":238771,"relics_obtained":[{"floor":6,"key":"Blue Candle"},{"floor":7,"key":"Shuriken"},{"floor":9,"key":"Mummified Hand"},{"floor":10,"key":"Boot"},{"floor":13,"key":"Molten Egg 2"},{"floor":23,"key":"Ginger"},{"floor":25,"key":"Red Skull"},{"floor":32,"key":"Omamori"},{"floor":40,"key":"Dream Catcher"},{"floor":43,"key":"Juzu Bracelet"},{"floor":47,"key":"Kunai"},{"floor":49,"key":"Centennial Puzzle"}],"event_choices":[{"damage_healed":0,"gold_gain":0,"player_choice":"Success","damage_taken":7,"relics_obtained":["Shovel"],"max_hp_gain":0,"max_hp_loss":0,"event_name":"Scrap Ooze","floor":3,"gold_loss":0},{"damage_healed":0,"gold_gain":0,"player_choice":"Leave","damage_taken":0,"max_hp_gain":0,"max_hp_loss":0,"event_name":"The Cleric","floor":4,"gold_loss":0},{"damage_healed":0,"gold_gain":0,"player_choice":"Ignored","damage_taken":0,"max_hp_gain":0,"max_hp_loss":0,"event_name":"Beggar","floor":19,"gold_loss":0},{"damage_healed":0,"gold_gain":0,"player_choice":"Copied","damage_taken":0,"max_hp_gain":0,"max_hp_loss":0,"event_name":"Duplicator","floor":20,"gold_loss":0,"cards_obtained":["Infernal Blade"]},{"cards_removed":["Defend_R"],"damage_healed":0,"gold_gain":0,"player_choice":"Removed Skill","damage_taken":0,"max_hp_gain":0,"max_hp_loss":0,"event_name":"Falling","floor":36,"gold_loss":0},{"damage_healed":0,"gold_gain":0,"player_choice":"Memory 2","damage_taken":5,"max_hp_gain":0,"max_hp_loss":0,"event_name":"SensoryStone","floor":38,"gold_loss":0},{"damage_healed":0,"gold_gain":0,"player_choice":"Embrace Madness","damage_taken":10,"max_hp_gain":0,"max_hp_loss":0,"event_name":"Winding Halls","floor":45,"gold_loss":0,"cards_obtained":["Madness","Madness"]},{"damage_healed":0,"gold_gain":0,"player_choice":"Ignored","damage_taken":0,"max_hp_gain":0,"max_hp_loss":0,"event_name":"SecretPortal","floor":46,"gold_loss":0}],"is_beta":false,"boss_relics":[{"not_picked":["Lizard Tail","Runic Pyramid"],"picked":"Mark of Pain"},{"not_picked":["Tiny House","Fusion Hammer"],"picked":"White Beast Statue"}],"items_purged_floors":[],"is_endless":false,"potions_floor_spawned":[8,11,23,24,29,33,35,37,39,41,44,48],"killed_by":"Donu and Deca","ascension_level":0}