{"gold_per_floor":[117,117,41,41,59,59,93,68,68,68,45,45,11,37,37,141,141,123,89,108,28,28,62,62,75,98,130,130,130,130,145,145,245,245,256,356,356,369,369,369,382,400,400,412,512,531,531,551,551,551],"floor_reached":51,"playtime":6529,"items_purged":[],"score":716,"play_id":"e83e6357-5a57-4b4e-9bb8-40faa6a12ee5","local_time":"20190723223122","is_ascension_mode":false,"campfire_choices":[{"data":"Neutralize","floor":6,"key":"SMITH"},{"floor":10,"key":"REST"},{"data":"Dodge and Roll","floor":15,"key":"SMITH"},{"floor":24,"key":"REST"},{"data":"Terror","floor":28,"key":"SMITH"},{"floor":32,"key":"REST"},{"floor":47,"key":"REST"},{"floor":49,"key":"REST"}],"neow_cost":"NONE","seed_source_timestamp":1128516414035661,"circlet_count":0,"master_deck":["Strike_G","Strike_G+1","Strike_G","Strike_G","Defend_G","Defend_G","Defend_G","Defend_G","Defend_G","Survivor+1","Neutralize+1","Flying Knee","Footwork","Footwork","Backflip","Quick Slash","Dodge and Roll+1","Terror+1","Adrenaline","Flying Knee+1","Escape Plan","Slice","Quick Slash","Dagger Spray","Backflip+1","Dodge and Roll","Backstab+1","Sucker Punch+1","Backstab","Footwork+1","Well Laid Plans+1","Terror+1","Caltrops"],"relics":["Ring of the Serpent","Orichalcum","Potion Belt","Calipers","Bag of Marbles","Ginger","WristBlade","Kunai","Dream Catcher","Bag of Preparation","Du-Vu Doll","Strawberry"],"potions_floor_usage":[23,23,27,33,38,50],"damage_taken":[{"damage":0,"enemies":"Jaw Worm","floor":1,"turns":6},{"damage":0,"enemies":"Cultist","floor":5,"turns":4},{"damage":12,"enemies":"Gremlin Nob","floor":7,"turns":5},{"damage":0,"enemies":"Lagavulin","floor":14,"turns":9},{"damage":0,"enemies":"The Guardian","floor":16,"turns":13},{"damage":6,"enemies":"2 Thieves","floor":18,"turns":4},{"damage":5,"enemies":"3 Byrds","floor":20,"turns":6},{"damage":1,"enemies":"Gremlin Leader","floor":23,"turns":6},{"damage":0,"enemies":"Shelled Parasite and Fungi","floor":25,"turns":6},{"damage":7,"enemies":"Book of Stabbing","floor":27,"turns":7},{"damage":6,"enemies":"Centurion and Healer","floor":31,"turns":6},{"damage":34,"enemies":"Champ","floor":33,"turns":26},{"damage":6,"enemies":"3 Shapes","floor":35,"turns":4},{"damage":1,"enemies":"Mind Bloom Boss Battle","floor":36,"turns":6},{"damage":0,"enemies":"3 Darklings","floor":38,"turns":10},{"damage":4,"enemies":"Spire Growth","floor":41,"turns":4},{"damage":6,"enemies":"Transient","floor":42,"turns":5},{"damage":4,"enemies":"Sphere and 2 Shapes","floor":44,"turns":5},{"damage":13,"enemies":"3 Darklings","floor":46,"turns":7},{"damage":4,"enemies":"Transient","floor":48,"turns":5},{"damage":23,"enemies":"Awakened One","floor":50,"turns":23}],"seed_played":"-8491605343133991262","potions_obtained":[{"floor":7,"key":"EssenceOfSteel"},{"floor":14,"key":"EssenceOfSteel"},{"floor":16,"key":"PowerPotion"},{"floor":18,"key":"AttackPotion"},{"floor":23,"key":"EssenceOfSteel"},{"floor":25,"key":"PowerPotion"},{"floor":35,"key":"Energy Potion"},{"floor":42,"key":"LiquidBronze"},{"floor":48,"key":"SneckoOil"}],"is_trial":false,"path_per_floor":["M","?","$","?","M","R","E","$","T","R","$","?","?","E","R","B",null,"M","$","M","$","?","E","R","M","T","E","R","?","$","M","R","B",null,"M","?","?","M","?","$","M","M","T","M","?","M","R","M","R","B",null],"character_chosen":"THE_SILENT","items_purchased":["Footwork","Quick Slash","Dodge and Roll","Escape Plan","Quick Slash","Dagger Spray"],"campfire_rested":5,"item_purchase_floors":[3,8,11,19,21,21],"current_hp_per_floor":[70,56,56,56,56,56,44,44,44,65,65,58,58,58,58,58,70,64,64,59,59,59,58,70,70,70,63,63,50,50,44,66,32,75,69,68,68,68,68,68,64,58,65,61,61,48,71,67,78,55],"gold":551,"neow_bonus":"RANDOM_COMMON_RELIC","is_prod":false,"is_daily":false,"chose_seed":false,"campfire_upgraded":3,"win_rate":0,"timestamp":1563917482,"path_taken":["M","?","$","?","?","R","E","$","T","R","?","?","?","E","R","BOSS","M","$","M","$","?","E","R","M","T","E","R","?","?","M","R","BOSS","M","?","?","M","?","$","M","M","T","?","?","M","R","M","R","BOSS"],"build_version":"2019-07-17","purchased_purges":0,"victory":true,"max_hp_per_floor":[70,70,70,70,70,70,70,70,70,70,70,70,70,70,70,70,70,70,70,70,70,70,70,70,70,70,70,70,75,75,75,75,75,75,75,75,71,71,71,71,71,71,78,78,78,78,78,78,78,78],"card_choices":[{"not_picked":["Deflect","Prepared"],"picked":"Flying Knee","floor":1},{"not_picked":["Masterful Stab","Slice"],"picked":"Footwork","floor":5},{"not_picked":["Footwork","Slice"],"picked":"Backflip","floor":7},{"not_picked":["Doppelganger","Slice"],"picked":"Terror","floor":14},{"not_picked":["After Image","Envenom"],"picked":"Adrenaline","floor":16},{"not_picked":["Slice","Deadly Poison"],"picked":"Flying Knee+1","floor":18},{"not_picked":["Poisoned Stab","Bane"],"picked":"Slice","floor":20},{"not_picked":["Malaise","Distraction","Outmaneuver+1"],"picked":"SKIP","floor":23},{"not_picked":["Blade Dance+1","Deflect"],"picked":"Backflip+1","floor":25},{"not_picked":["Infinite Blades","Crippling Poison","Flying Knee"],"picked":"SKIP","floor":27},{"not_picked":["Finisher","All Out Attack"],"picked":"Dodge and Roll","floor":31},{"not_picked":["Finisher+1","Underhanded Strike"],"picked":"Backstab+1","floor":32},{"not_picked":["Flechettes","Bane+1","Prepared"],"picked":"SKIP","floor":35},{"not_picked":["Bane+1","Slice+1"],"picked":"Sucker Punch+1","floor":36},{"not_picked":["Distraction","Eviscerate"],"picked":"Backstab","floor":38},{"not_picked":["Bane","PiercingWail+1","Outmaneuver+1"],"picked":"SKIP","floor":41},{"not_picked":["Quick Slash","Infinite Blades"],"picked":"Footwork+1","floor":42},{"not_picked":["Catalyst+1","Infinite Blades"],"picked":"Well Laid Plans+1","floor":44},{"not_picked":["Predator+1","Reflex+1"],"picked":"Terror+1","floor":46},{"not_picked":["Expertise+1","Leg Sweep"],"picked":"Caltrops","floor":48}],"player_experience":58759,"relics_obtained":[{"floor":7,"key":"Potion Belt"},{"floor":9,"key":"Calipers"},{"floor":14,"key":"Ginger"},{"floor":23,"key":"Kunai"},{"floor":26,"key":"Dream Catcher"},{"floor":27,"key":"Bag of Preparation"},{"floor":36,"key":"Du-Vu Doll"},{"floor":43,"key":"Strawberry"}],"event_choices":[{"damage_healed":0,"gold_gain":0,"player_choice":"Entered Light","damage_taken":14,"max_hp_gain":0,"max_hp_loss":0,"event_name":"Shining Light","floor":2,"gold_loss":0,"cards_upgraded":["Survivor","Strike_G"]},{"cards_removed":["Strike_G"],"damage_healed":0,"gold_gain":0,"player_choice":"Purged","damage_taken":0,"max_hp_gain":0,"max_hp_loss":0,"event_name":"Purifier","floor":4,"gold_loss":0},{"damage_healed":0,"gold_gain":0,"player_choice":"Success","damage_taken":7,"relics_obtained":["Bag of Marbles"],"max_hp_gain":0,"max_hp_loss":0,"event_name":"Scrap Ooze","floor":12,"gold_loss":0},{"damage_healed":0,"gold_gain":0,"player_choice":"Left Gold","damage_taken":0,"max_hp_gain":0,"max_hp_loss":0,"event_name":"World of Goop","floor":13,"gold_loss":34},{"damage_healed":0,"gold_gain":0,"player_choice":"Ignored","damage_taken":0,"max_hp_gain":0,"max_hp_loss":0,"event_name":"The Mausoleum","floor":22,"gold_loss":0},{"damage_healed":0,"gold_gain":0,"player_choice":"Shed Blood","damage_taken":18,"max_hp_gain":5,"max_hp_loss":0,"event_name":"Forgotten Altar","floor":29,"gold_loss":0},{"damage_healed":0,"gold_gain":0,"player_choice":"Fight","damage_taken":0,"max_hp_gain":0,"max_hp_loss":0,"event_name":"MindBloom","floor":36,"gold_loss":0},{"damage_healed":0,"gold_gain":0,"player_choice":"Max HP","damage_taken":0,"max_hp_gain":0,"max_hp_loss":4,"event_name":"Winding Halls","floor":37,"gold_loss":0},{"damage_healed":0,"gold_gain":0,"player_choice":"Leave","damage_taken":0,"max_hp_gain":0,"max_hp_loss":0,"event_name":"FaceTrader","floor":39,"gold_loss":0},{"damage_healed":0,"gold_gain":100,"player_choice":"Pray","damage_taken":0,"max_hp_gain":0,"max_hp_loss":0,"event_name":"Golden Shrine","floor":45,"gold_loss":0}],"is_beta":false,"boss_relics":[{"not_picked":["Runic Pyramid","Astrolabe"],"picked":"WristBlade"},{"not_picked":["Snecko Eye","Cursed Key"],"picked":"Ring of the Serpent"}],"items_purged_floors":[],"is_endless":false,"potions_floor_spawned":[7,14,16,18,23,25,35,42,48],"ascension_level":0}