{"gold_per_floor":[110,120,120,135,146,176,176,191,215,225,225,241,267,32,32,135,135,150,150,25,35,45,45,57,57],"floor_reached":25,"playtime":1435,"items_purged":[],"score":250,"play_id":"599525d9-13a2-4e51-8593-15da2f129cff","local_time":"20190218165739","is_ascension_mode":true,"campfire_choices":[{"data":"Zap","floor":7,"key":"SMITH"},{"data":"Lockon","floor":11,"key":"SMITH"},{"floor":15,"key":"REST"},{"floor":23,"key":"REST"}],"neow_cost":"NONE","seed_source_timestamp":505141857852100,"circlet_count":0,"master_deck":["Strike_B","Strike_B","Strike_B","Strike_B","Defend_B","Defend_B","Defend_B","Defend_B","Zap+1","Dualcast","Self Repair","Capacitor","Ball Lightning","Leap","Doom and Gloom","Lockon+1","BootSequence","Sunder","Seek","Consume","Cold Snap","Creative AI","Stack","Beam Cell","Dark Shackles","Zap","Turbo+1","Sunder+1","Tempest+1","Steam+1"],"relics":["Cracked Core","NeowsBlessing","Strawberry","Oddly Smooth Stone","Dream Catcher","Membership Card","Nuclear Battery","Toxic Egg 2"],"potions_floor_usage":[6,16,16,18,24,25],"damage_taken":[{"damage":0,"enemies":"Cultist","floor":1,"turns":1},{"damage":0,"enemies":"2 Louse","floor":2,"turns":1},{"damage":0,"enemies":"Jaw Worm","floor":4,"turns":1},{"damage":6,"enemies":"Exordium Wildlife","floor":5,"turns":4},{"damage":22,"enemies":"Lagavulin","floor":6,"turns":7},{"damage":15,"enemies":"2 Fungi Beasts","floor":8,"turns":3},{"damage":14,"enemies":"Blue Slaver","floor":10,"turns":3},{"damage":6,"enemies":"Exordium Wildlife","floor":12,"turns":3},{"damage":32,"enemies":"Gremlin Nob","floor":13,"turns":4},{"damage":19,"enemies":"Slime Boss","floor":16,"turns":8},{"damage":28,"enemies":"3 Byrds","floor":18,"turns":4},{"damage":18,"enemies":"Spheric Guardian","floor":21,"turns":4},{"damage":38,"enemies":"Snake Plant","floor":22,"turns":5},{"damage":17,"enemies":"Shelled Parasite and Fungi","floor":24,"turns":3},{"damage":18,"enemies":"3 Cultists","floor":25,"turns":3}],"seed_played":"-6881794207410493209","potions_obtained":[{"floor":1,"key":"SpeedPotion"},{"floor":4,"key":"Block Potion"},{"floor":8,"key":"SkillPotion"},{"floor":13,"key":"SteroidPotion"},{"floor":21,"key":"Fire Potion"},{"floor":22,"key":"Dexterity Potion"},{"floor":24,"key":"Weak Potion"}],"is_trial":false,"path_per_floor":["M","M","?","M","M","E","R","M","T","M","R","M","E","$","R","B",null,"M","?","$","M","M","R","M","M"],"character_chosen":"DEFECT","items_purchased":["Membership Card","Consume","Toxic Egg 2"],"campfire_rested":2,"item_purchase_floors":[14,14,20],"current_hp_per_floor":[75,75,68,68,69,61,61,53,53,46,46,40,8,8,32,13,82,61,61,61,43,5,29,12,0],"gold":57,"neow_bonus":"THREE_ENEMY_KILL","is_prod":false,"is_daily":false,"chose_seed":false,"campfire_upgraded":2,"win_rate":0,"timestamp":1550537859,"path_taken":["M","?","?","M","?","E","R","M","T","M","R","M","E","$","R","BOSS","M","?","$","M","M","R","M","M"],"build_version":"2019-01-23","purchased_purges":0,"victory":false,"max_hp_per_floor":[75,75,75,75,75,82,82,82,82,82,82,82,82,82,82,82,82,82,82,82,82,82,82,82,82],"card_choices":[{"not_picked":["Barrage","Chill"],"picked":"Self Repair","floor":1},{"not_picked":["Sweeping Beam","Coolheaded"],"picked":"Capacitor","floor":2},{"not_picked":["Gash","Stack"],"picked":"Ball Lightning","floor":4},{"not_picked":["Gash","Sweeping Beam"],"picked":"Leap","floor":5},{"not_picked":["Sweeping Beam","Chaos"],"picked":"Doom and Gloom","floor":6},{"not_picked":["Skim","Barrage"],"picked":"Lockon","floor":8},{"not_picked":["Turbo","Reinforced Body"],"picked":"BootSequence","floor":10},{"not_picked":["Beam Cell","Sweeping Beam"],"picked":"Sunder","floor":12},{"not_picked":["Ball Lightning","Self Repair"],"picked":"Seek","floor":13},{"not_picked":["Blizzard","Turbo"],"picked":"Cold Snap","floor":15},{"not_picked":["Machine Learning","Amplify"],"picked":"Creative AI","floor":16},{"not_picked":["Beam Cell","Consume"],"picked":"Stack","floor":18},{"not_picked":["Streamline","Melter"],"picked":"Turbo+1","floor":21},{"not_picked":["White Noise+1","Conserve Battery+1"],"picked":"Sunder+1","floor":22},{"not_picked":["Go for the Eyes","Sweeping Beam"],"picked":"Tempest+1","floor":23},{"not_picked":["Hello World","Conserve Battery+1"],"picked":"Steam+1","floor":24}],"player_experience":120207,"relics_obtained":[{"floor":6,"key":"Strawberry"},{"floor":9,"key":"Oddly Smooth Stone"},{"floor":13,"key":"Dream Catcher"}],"event_choices":[{"damage_healed":0,"gold_gain":0,"player_choice":"Damaged","damage_taken":7,"max_hp_gain":0,"max_hp_loss":0,"event_name":"Wheel of Change","floor":3,"gold_loss":0},{"damage_healed":0,"gold_gain":0,"player_choice":"3 cards matched","damage_taken":0,"max_hp_gain":0,"max_hp_loss":0,"event_name":"Match and Keep!","floor":19,"gold_loss":0,"cards_obtained":["Beam Cell","Dark Shackles","Zap"]}],"is_beta":false,"boss_relics":[{"not_picked":["Busted Crown","FrozenCore"],"picked":"Nuclear Battery"}],"items_purged_floors":[],"is_endless":false,"potions_floor_spawned":[1,4,8,13,21,22,24],"killed_by":"3 Cultists","ascension_level":3}