{"gold_per_floor":[117,130,144,94,94,94,107,132,156,175,175,189,206,234,234,329,329,346,359,359,373,373,373,373,373,373,386,105,122,122,122,122,122],"floor_reached":33,"playtime":1195,"items_purged":["Doubt"],"score":401,"play_id":"c1ce8017-0eaa-4e3c-831c-3c3f234f21bd","local_time":"20180918015342","is_ascension_mode":true,"campfire_choices":[{"data":"Carnage","floor":6,"key":"SMITH"},{"data":"Warcry","floor":11,"key":"SMITH"},{"data":"Flex","floor":15,"key":"SMITH"},{"data":"RitualDagger","floor":23,"key":"SMITH"},{"data":"Bite","floor":25,"key":"SMITH"},{"data":"Bite","floor":30,"key":"SMITH"},{"data":"Bite","floor":32,"key":"SMITH"}],"neow_cost":"TEN_PERCENT_HP_LOSS","seed_source_timestamp":415109795854901,"circlet_count":0,"master_deck":["Defend_R+1","Defend_R+1","Defend_R","Defend_R","Bash","Pommel Strike","Carnage+1","Iron Wave","Headbutt","Shrug It Off","Warcry+1","Anger","Flex+1","Impervious","Shrug It Off+1","Bite","Bite","Bite+1","Bite+1","Bite+1","RitualDagger+1"],"relics":["Burning Blood","Ginger","Ancient Tea Set","War Paint","Vajra","Cursed Key","Art of War","TheAbacus"],"potions_floor_usage":[8,12,14,33,33],"damage_taken":[{"damage":0,"enemies":"Small Slimes","floor":1,"turns":3},{"damage":7,"enemies":"2 Louse","floor":2,"turns":3},{"damage":1,"enemies":"Cultist","floor":3,"turns":3},{"damage":11,"enemies":"Blue Slaver","floor":7,"turns":3},{"damage":16,"enemies":"Gremlin Nob","floor":8,"turns":3},{"damage":9,"enemies":"Exordium Thugs","floor":10,"turns":3},{"damage":0,"enemies":"Gremlin Gang","floor":12,"turns":4},{"damage":0,"enemies":"2 Fungi Beasts","floor":13,"turns":2},{"damage":12,"enemies":"Lagavulin","floor":14,"turns":4},{"damage":33,"enemies":"Hexaghost","floor":16,"turns":8},{"damage":0,"enemies":"Shell Parasite","floor":18,"turns":2},{"damage":0,"enemies":"Spheric Guardian","floor":19,"turns":3},{"damage":36,"enemies":"Centurion and Healer","floor":21,"turns":4},{"damage":17,"enemies":"Colosseum Slavers","floor":24,"turns":5},{"damage":0,"enemies":"Sentry and Sphere","floor":27,"turns":3},{"damage":4,"enemies":"Cultist and Chosen","floor":29,"turns":6},{"damage":77,"enemies":"Champ","floor":33,"turns":7}],"seed_played":"-7412714250731862505","potions_obtained":[{"floor":2,"key":"Block Potion"},{"floor":7,"key":"FearPotion"},{"floor":12,"key":"Weak Potion"},{"floor":14,"key":"SteroidPotion"},{"floor":16,"key":"Block Potion"},{"floor":18,"key":"Poison Potion"},{"floor":21,"key":"Fire Potion"}],"is_trial":false,"path_per_floor":["M","M","M","?","?","R","M","E","T","M","R","M","M","E","R","B",null,"M","M","?","M","?","R","?","R","T","M","$","M","R","?","R"],"character_chosen":"IRONCLAD","items_purchased":["TheAbacus"],"campfire_rested":0,"item_purchase_floors":[28],"current_hp_per_floor":[72,71,72,72,65,65,60,50,50,47,47,53,59,53,53,26,61,67,72,50,26,20,20,23,23,23,40,40,50,50,42,42,0],"gold":122,"neow_bonus":"ONE_RARE_RELIC","is_prod":false,"is_daily":false,"chose_seed":false,"campfire_upgraded":7,"win_rate":0,"timestamp":1537250022,"path_taken":["M","M","M","?","?","R","M","E","T","?","R","M","M","E","R","BOSS","M","?","?","M","?","R","?","R","T","M","$","M","R","?","R","BOSS"],"build_version":"2018-09-06","purchased_purges":1,"victory":false,"max_hp_per_floor":[72,72,72,72,72,72,72,72,72,72,72,72,72,72,72,72,72,72,72,50,50,50,50,50,50,50,50,50,50,50,55,55,55],"card_choices":[{"not_picked":["Body Slam","Twin Strike"],"picked":"Pommel Strike","floor":1},{"not_picked":["Havoc","Body Slam"],"picked":"Carnage","floor":2},{"not_picked":["Uppercut","Combust"],"picked":"Iron Wave","floor":3},{"not_picked":["Evolve","Blood for Blood"],"picked":"Headbutt","floor":7},{"not_picked":["Armaments","Sword Boomerang"],"picked":"Shrug It Off","floor":8},{"not_picked":["Juggernaut","Feel No Pain"],"picked":"Warcry","floor":10},{"not_picked":["Cleave","Sword Boomerang"],"picked":"Anger","floor":12},{"not_picked":["Feel No Pain","Dropkick","Combust"],"picked":"SKIP","floor":13},{"not_picked":["Warcry","Disarm"],"picked":"Flex","floor":14},{"not_picked":["Exhume","Bludgeon"],"picked":"Impervious","floor":16},{"not_picked":["Clash","Inflame","Dropkick+1"],"picked":"SKIP","floor":18},{"not_picked":["Cleave","True Grit"],"picked":"Shrug It Off+1","floor":19},{"not_picked":["Shrug It Off","Anger","Blood for Blood"],"picked":"SKIP","floor":21},{"not_picked":["Battle Trance","Feel No Pain","Havoc+1"],"picked":"SKIP","floor":27},{"not_picked":["Infernal Blade","Second Wind","Flame Barrier"],"picked":"SKIP","floor":29}],"player_experience":538445,"relics_obtained":[{"floor":8,"key":"Ancient Tea Set"},{"floor":9,"key":"War Paint"},{"floor":14,"key":"Vajra"},{"floor":26,"key":"Art of War"}],"event_choices":[{"event_name":"The Cleric","player_choice":"Card Removal","floor":4,"damage_taken":0},{"event_name":"Golden Wing","player_choice":"Card Removal","floor":5,"damage_taken":0},{"event_name":"Vampires","player_choice":"Became a vampire","floor":20,"damage_taken":0},{"event_name":"Nest","player_choice":"Joined the Cult","floor":22,"damage_taken":0},{"event_name":"Colosseum","player_choice":"Fight","floor":24,"damage_taken":0},{"event_name":"Colosseum","player_choice":"Fled From Nobs","floor":24,"damage_taken":0},{"event_name":"Forgotten Altar","player_choice":"Shed Blood","floor":31,"damage_taken":0}],"is_beta":false,"boss_relics":[{"not_picked":["Calling Bell","Runic Dome"],"picked":"Cursed Key"}],"items_purged_floors":[28],"is_endless":false,"potions_floor_spawned":[2,7,12,14,16,18,21,29],"killed_by":"Champ","ascension_level":9}