{"gold_per_floor":[116,129,148,223,243,274,274,285,334,42,60,60,60],"floor_reached":13,"playtime":454,"items_purged":[],"score":100,"play_id":"045e5ddb-c241-4113-8aa9-88037730c186","local_time":"20190429111043","is_ascension_mode":true,"campfire_choices":[{"floor":7,"key":"REST"}],"neow_cost":"NONE","seed_source_timestamp":25290230219704,"circlet_count":0,"master_deck":["Strike_B","Strike_B","Strike_B","Defend_B","Defend_B","Defend_B","Defend_B","Zap","Dualcast","Force Field","Storm","Cold Snap","Steam Power","Machine Learning","Auto Shields","Static Discharge","Conserve Battery","Stack","Creative AI","Melter"],"relics":["Cracked Core","NeowsBlessing","Letter Opener","Omamori","Juzu Bracelet"],"potions_floor_usage":[6],"damage_taken":[{"damage":0,"enemies":"Jaw Worm","floor":1,"turns":1},{"damage":0,"enemies":"Small Slimes","floor":2,"turns":1},{"damage":0,"enemies":"Cultist","floor":3,"turns":1},{"damage":7,"enemies":"Blue Slaver","floor":5,"turns":4},{"damage":52,"enemies":"3 Sentries","floor":6,"turns":12},{"damage":20,"enemies":"Lots of Slimes","floor":8,"turns":4},{"damage":1,"enemies":"2 Fungi Beasts","floor":11,"turns":3},{"damage":10,"enemies":"Lagavulin Event","floor":13,"turns":2}],"seed_played":"-1172687083131215177","potions_obtained":[{"floor":5,"key":"AttackPotion"},{"floor":8,"key":"FocusPotion"}],"is_trial":false,"path_per_floor":["M","M","M","?","M","E","R","M","T","$","M","?","?"],"character_chosen":"DEFECT","items_purchased":["Juzu Bracelet","Static Discharge","Conserve Battery","Stack"],"campfire_rested":1,"item_purchase_floors":[10,10,10,10],"current_hp_per_floor":[75,75,75,64,57,5,27,7,7,7,6,6,0],"gold":60,"neow_bonus":"THREE_ENEMY_KILL","is_prod":false,"is_daily":false,"chose_seed":false,"campfire_upgraded":0,"win_rate":0,"timestamp":1556500243,"path_taken":["M","M","M","?","M","E","R","M","T","$","M","?","?"],"build_version":"2019-01-23","purchased_purges":0,"victory":false,"max_hp_per_floor":[75,75,75,75,75,75,75,75,75,75,75,75,75],"card_choices":[{"not_picked":["Gash","Beam Cell"],"picked":"Force Field","floor":1},{"not_picked":["FTL","Conserve Battery"],"picked":"Storm","floor":2},{"not_picked":["Hologram","Stack"],"picked":"Cold Snap","floor":3},{"not_picked":["Leap","Streamline"],"picked":"Steam Power","floor":5},{"not_picked":["Gash","Ball Lightning"],"picked":"Machine Learning","floor":6},{"not_picked":["Stack","Turbo"],"picked":"Auto Shields","floor":8},{"not_picked":["Turbo","Redo"],"picked":"Creative AI","floor":11}],"player_experience":504897,"relics_obtained":[{"floor":6,"key":"Letter Opener"},{"floor":9,"key":"Omamori"}],"event_choices":[{"damage_healed":0,"gold_gain":75,"player_choice":"Gather Gold","damage_taken":11,"max_hp_gain":0,"max_hp_loss":0,"event_name":"World of Goop","floor":4,"gold_loss":0},{"damage_healed":0,"gold_gain":0,"cards_transformed":["Strike_B"],"player_choice":"Transformed","damage_taken":0,"max_hp_gain":0,"max_hp_loss":0,"event_name":"Transmorgrifier","floor":12,"gold_loss":0,"cards_obtained":["Melter"]},{"damage_healed":0,"gold_gain":0,"player_choice":"Searched \u00271\u0027 times","damage_taken":0,"max_hp_gain":0,"max_hp_loss":0,"event_name":"Dead Adventurer","floor":13,"gold_loss":0}],"is_beta":false,"boss_relics":[],"items_purged_floors":[],"is_endless":false,"potions_floor_spawned":[5,8],"killed_by":"Lagavulin Event","ascension_level":3}