{"gold_per_floor":[364,383,401,39,58,87,87,114,114,114],"floor_reached":10,"playtime":546,"items_purged":["Decay"],"score":156,"play_id":"0bd938f3-83bf-4d64-ac8b-8cacd264c866","local_time":"20190504045724","is_ascension_mode":true,"campfire_choices":[{"floor":7,"key":"REST"}],"neow_cost":"CURSE","seed_source_timestamp":844784073346778,"circlet_count":0,"master_deck":["AscendersBane","Defend_G","Defend_G","Defend_G","Defend_G","Defend_G","Strike_G","Strike_G","Strike_G","Strike_G","Strike_G","Survivor","Neutralize","PiercingWail","Escape Plan","Noxious Fumes","Poisoned Stab","Deadly Poison","Unload"],"relics":["Ring of the Snake","Gremlin Horn","Du-Vu Doll","Pantograph","Bottled Flame"],"potions_floor_usage":[6,8,8,10],"damage_taken":[{"damage":5,"enemies":"Jaw Worm","floor":1,"turns":4},{"damage":7,"enemies":"Cultist","floor":2,"turns":5},{"damage":0,"enemies":"2 Louse","floor":3,"turns":4},{"damage":6,"enemies":"Red Slaver","floor":5,"turns":6},{"damage":18,"enemies":"3 Sentries","floor":6,"turns":6},{"damage":25,"enemies":"Gremlin Nob","floor":8,"turns":4},{"damage":30,"enemies":"Lagavulin","floor":10,"turns":4}],"seed_played":"-1502114147000460957","potions_obtained":[{"floor":2,"key":"Swift Potion"},{"floor":5,"key":"SkillPotion"},{"floor":6,"key":"EssenceOfSteel"},{"floor":8,"key":"SteroidPotion"}],"is_trial":false,"path_per_floor":["M","M","M","$","M","E","R","E","T","E"],"character_chosen":"THE_SILENT","items_purchased":["Gremlin Horn"],"campfire_rested":1,"item_purchase_floors":[4],"current_hp_per_floor":[54,47,47,47,41,23,42,17,17,0],"gold":114,"neow_bonus":"TWO_FIFTY_GOLD","is_prod":false,"is_daily":false,"chose_seed":false,"campfire_upgraded":0,"win_rate":0,"timestamp":1556960244,"path_taken":["M","M","M","$","M","E","R","E","T","E"],"build_version":"2019-01-23","purchased_purges":1,"victory":false,"max_hp_per_floor":[66,66,66,66,66,66,66,66,66,66],"card_choices":[{"not_picked":["Setup","Deflect"],"picked":"PiercingWail","floor":1},{"not_picked":["Acrobatics","Distraction"],"picked":"Escape Plan","floor":2},{"not_picked":["Expertise","Cloak And Dagger"],"picked":"Noxious Fumes","floor":3},{"not_picked":["Quick Slash","Acrobatics"],"picked":"Poisoned Stab","floor":5},{"not_picked":["All Out Attack","Flechettes"],"picked":"Deadly Poison","floor":6},{"not_picked":["PiercingWail","Cloak And Dagger"],"picked":"Unload","floor":8}],"player_experience":1393621,"relics_obtained":[{"floor":6,"key":"Du-Vu Doll"},{"floor":8,"key":"Pantograph"},{"floor":9,"key":"Bottled Flame"}],"event_choices":[],"is_beta":false,"boss_relics":[],"items_purged_floors":[4],"is_endless":false,"potions_floor_spawned":[2,5,6,8],"killed_by":"Lagavulin","ascension_level":20}