{"gold_per_floor":[114,134,134,12,29,61,24,24,50,27,59,97,123,135,147,230,242,267,306,328,356,379,423,453,465,548,579,607,619,631,662,674,757,769,797,679,705,273,291,291,291],"floor_reached":41,"playtime":2477,"items_purged":["Strike_B","Strike_B"],"score":705,"play_id":"de152e3f-bca6-4575-b21b-c9ba556a4b2a","local_time":"20181224172913","is_ascension_mode":true,"campfire_choices":[{"data":"Darkness","floor":8.0,"key":"SMITH"},{"data":"Beam Cell","floor":15.0,"key":"SMITH"},{"floor":25,"key":"REST"},{"floor":29,"key":"REST"},{"floor":32,"key":"REST"},{"data":"Lockon","floor":40,"key":"SMITH"}],"neow_cost":"NONE","seed_source_timestamp":315555789261189,"circlet_count":0,"master_deck":["AscendersBane","Strike_B","Defend_B","Defend_B","Defend_B","Defend_B","Zap+1","Dualcast","BootSequence","Go for the Eyes","Beam Cell+1","Darkness+1","Cold Snap","Doom and Gloom","Compile Driver","Conserve Battery","Seek","Recycle","Compile Driver","Rainbow","Stack+1","Steam+1","Hologram+1","Lockon+1","Redo","Electrodynamics","Sweeping Beam+1"],"special_seed":0,"relics":["Cracked Core","Bag of Marbles","MawBank","Bag of Preparation","Sozu","Dream Catcher","Mercury Hourglass","Gremlin Horn","Eternal Feather","Singing Bowl","Strawberry","Frozen Eye"],"potions_floor_usage":[16,27],"damage_taken":[{"damage":5.0,"enemies":"Small Slimes","floor":1.0,"turns":3.0},{"damage":1.0,"enemies":"Cultist","floor":2.0,"turns":4.0},{"damage":0.0,"enemies":"Jaw Worm","floor":5.0,"turns":3.0},{"damage":26.0,"enemies":"Gremlin Nob","floor":6.0,"turns":4.0},{"damage":1.0,"enemies":"Red Slaver","floor":11.0,"turns":3.0},{"damage":18.0,"enemies":"3 Sentries","floor":12.0,"turns":6.0},{"damage":0.0,"enemies":"Looter","floor":13.0,"turns":2.0},{"damage":11,"enemies":"Hexaghost","floor":16,"turns":8},{"damage":0,"enemies":"3 Byrds","floor":18,"turns":4},{"damage":0,"enemies":"Chosen","floor":20,"turns":4},{"damage":10,"enemies":"Snecko","floor":21,"turns":4},{"damage":3,"enemies":"3 Cultists","floor":22,"turns":4},{"damage":26,"enemies":"Slavers","floor":23,"turns":4},{"damage":16,"enemies":"Shelled Parasite and Fungi","floor":24,"turns":4},{"damage":14,"enemies":"Snecko","floor":27,"turns":4},{"damage":0,"enemies":"Centurion and Healer","floor":28,"turns":3},{"damage":0,"enemies":"Shelled Parasite and Fungi","floor":31,"turns":2},{"damage":35,"enemies":"Champ","floor":33,"turns":8},{"damage":0,"enemies":"3 Darklings","floor":35,"turns":2},{"damage":2,"enemies":"Orb Walker","floor":37,"turns":3},{"damage":8,"enemies":"Maw","floor":39,"turns":8},{"damage":101,"enemies":"Giant Head","floor":41,"turns":8}],"seed_played":"7143552825642534022","potions_obtained":[{"floor":5.0,"key":"Explosive Potion"},{"floor":12.0,"key":"Block Potion"},{"floor":13.0,"key":"Swift Potion"}],"is_trial":false,"path_per_floor":["M","M","?","$","M","E","$","R","T","?","M","E","M","$","R","B",null,"M","T","M","M","M","E","M","R","T","M","M","R","?","M","R","B",null,"M","?","M","$","M","R","E"],"character_chosen":"DEFECT","items_purchased":["Beam Cell","Doom and Gloom","Strawberry","Frozen Eye"],"campfire_rested":3,"item_purchase_floors":[4,7,38,38],"current_hp_per_floor":[63,62,62,62,62,36,36,36,36,54,53,35,35,35,35,24,62,62,62,62,52,49,23,7,29,29,15,15,37,37,37,59,24,62,62,62,60,67,61,76,0],"gold":291,"neow_bonus":"UPGRADE_CARD","is_prod":false,"is_daily":false,"chose_seed":false,"campfire_upgraded":3,"win_rate":0,"timestamp":1545690553,"path_taken":["M","M","?","$","M","E","?","R","T","?","M","E","M","?","R","BOSS","M","?","M","M","M","E","M","R","T","M","?","R","?","M","R","BOSS","M","?","?","$","M","R","E"],"build_version":"2018-12-20","purchased_purges":2,"victory":false,"max_hp_per_floor":[75,75,75,75,75,75,75,75,75,75,75,75,75,75,75,75,75,75,75,75,75,75,75,75,75,75,75,75,75,75,75,75,75,75,75,75,75,82,84,84,84],"card_choices":[{"not_picked":["Conserve Battery","Hologram"],"picked":"BootSequence","floor":1.0},{"not_picked":["Chaos","Leap"],"picked":"Go for the Eyes","floor":2.0},{"not_picked":["Hologram","Double Energy"],"picked":"Darkness","floor":5.0},{"not_picked":["Buffer","Hologram"],"picked":"Cold Snap","floor":6.0},{"not_picked":["Leap","Steam Power"],"picked":"Compile Driver","floor":11.0},{"not_picked":["Compile Driver","Cold Snap","Ball Lightning"],"picked":"SKIP","floor":12.0},{"not_picked":["Compile Driver","Cold Snap"],"picked":"Conserve Battery","floor":13.0},{"not_picked":["Electrodynamics","Hyperbeam"],"picked":"Seek","floor":16},{"not_picked":["Skim","Gash"],"picked":"Recycle","floor":18},{"not_picked":["Go for the Eyes","Barrage","Streamline"],"picked":"SKIP","floor":20},{"not_picked":["Tempest","Conserve Battery"],"picked":"Compile Driver","floor":21},{"not_picked":["Blizzard","Ball Lightning","Streamline"],"picked":"SKIP","floor":22},{"not_picked":["Skim","Stack"],"picked":"Rainbow","floor":23},{"not_picked":["Stack","Steam Power+1","Cold Snap"],"picked":"SKIP","floor":24},{"not_picked":["Rebound","Leap"],"picked":"Stack+1","floor":25},{"not_picked":["Rebound","Recycle"],"picked":"Steam+1","floor":27},{"not_picked":["Steam","Leap"],"picked":"Hologram+1","floor":28},{"not_picked":["Tempest","Sunder"],"picked":"Lockon","floor":29},{"not_picked":["Consume","Genetic Algorithm"],"picked":"Redo","floor":31},{"not_picked":["Creative AI","Echo Form"],"picked":"Electrodynamics","floor":33},{"not_picked":["Gash+1","Beam Cell","Chaos"],"picked":"SKIP","floor":35},{"not_picked":["Defragment","Ball Lightning"],"picked":"Sweeping Beam+1","floor":37},{"not_picked":["Genetic Algorithm","Chaos","FTL+1"],"picked":"Singing Bowl","floor":39}],"player_experience":970600,"relics_obtained":[{"floor":6.0,"key":"Bag of Marbles"},{"floor":9.0,"key":"MawBank"},{"floor":12.0,"key":"Bag of Preparation"},{"floor":23,"key":"Dream Catcher"},{"floor":26,"key":"Mercury Hourglass"}],"event_choices":[{"cards_removed":["Strike_B"],"damage_healed":0.0,"max_hp_gain":0.0,"max_hp_loss":0.0,"gold_gain":0.0,"event_name":"Bonfire Elementals","player_choice":"Offered Basic","floor":3.0,"gold_loss":0.0,"damage_taken":0.0},{"damage_healed":18.0,"max_hp_gain":0.0,"max_hp_loss":0.0,"gold_gain":0.0,"event_name":"The Cleric","player_choice":"Healed","floor":10.0,"gold_loss":35.0,"damage_taken":0.0},{"damage_healed":0,"gold_gain":0,"player_choice":"Opened","damage_taken":0,"relics_obtained":["Gremlin Horn"],"max_hp_gain":0,"max_hp_loss":0,"event_name":"The Mausoleum","floor":30,"gold_loss":0},{"damage_healed":0,"gold_gain":0,"player_choice":"Paid Gold","damage_taken":0,"relics_obtained":["Singing Bowl"],"max_hp_gain":0,"max_hp_loss":0,"event_name":"WeMeetAgain","floor":36,"gold_loss":130}],"is_beta":false,"boss_relics":[{"not_picked":["Black Star","White Beast Statue"],"picked":"Sozu"},{"not_picked":["Orrery","Coffee Dripper"],"picked":"Eternal Feather"}],"items_purged_floors":[4,38],"is_endless":false,"potions_floor_spawned":[5,12,13,21,22,24,28,31,35,37],"killed_by":"Giant Head","ascension_level":13}