{"gold_per_floor":[117,117,3,3,3,47,47,62,62,62,86,36,107,131,131,255,255,269,269,269,269,33,76,76,99,125,143,143,163,7,31,31,152,152,172,233,0,0,0,40,40,64,88,100,112,162,174,8,8,8],"floor_reached":50,"playtime":2203,"items_purged":["Normality","Writhe"],"score":562,"play_id":"d5d2e229-f517-4a36-990d-19eb4095d4ff","local_time":"20190328214849","is_ascension_mode":false,"campfire_choices":[{"floor":7,"key":"REST"},{"data":"Intimidate","floor":10,"key":"SMITH"},{"floor":15,"key":"REST"},{"floor":24,"key":"REST"},{"floor":28,"key":"RECALL"},{"floor":32,"key":"REST"},{"floor":45,"key":"REST"},{"floor":47,"key":"REST"},{"floor":49,"key":"REST"}],"neow_cost":"NONE","seed_source_timestamp":26585331646314,"circlet_count":0,"master_deck":["Strike_R","Strike_R","Strike_R","Strike_R","Strike_R","Defend_R","Defend_R","Defend_R","Bash","Wild Strike","Inflame","Intimidate+1","Injury","Shrug It Off","Intimidate","Shrug It Off","Anger+1","Perfected Strike+1","Reckless Charge+1","Exhume","Infernal Blade","Dark Embrace","Power Through","Shockwave","Clash+1","Pommel Strike+1","Shrug It Off+1","Rampage+1","Cleave+1","Body Slam+1","Uppercut+1","Blood for Blood+1","Reaper+1","Armaments","Double Tap","Barricade","Thunderclap+1","Fiend Fire+1","Heavy Blade+1","Power Through","True Grit"],"relics":["Burning Blood","Bronze Scales","Kunai","Golden Idol","Regal Pillow","Molten Egg 2","Darkstone Periapt","Sundial","Black Star","Enchiridion","Ancient Tea Set","Dream Catcher","Art of War","Lantern","Fusion Hammer","Pocketwatch","Red Mask","Strawberry","Blood Vial","WingedGreaves","MawBank","Vajra","Bottled Flame"],"potions_floor_usage":[13,13,16,25,31,33,46],"damage_taken":[{"damage":1,"enemies":"Jaw Worm","floor":1,"turns":4},{"damage":65,"enemies":"3 Sentries","floor":6,"turns":10},{"damage":0,"enemies":"Small Slimes","floor":8,"turns":4},{"damage":5,"enemies":"2 Louse","floor":11,"turns":2},{"damage":38,"enemies":"Lagavulin Event","floor":13,"turns":6},{"damage":2,"enemies":"Large Slime","floor":14,"turns":2},{"damage":17,"enemies":"Slime Boss","floor":16,"turns":8},{"damage":28,"enemies":"3 Byrds","floor":18,"turns":4},{"damage":43,"enemies":"Gremlin Leader","floor":23,"turns":7},{"damage":11,"enemies":"Chosen","floor":25,"turns":4},{"damage":14,"enemies":"Centurion and Healer","floor":27,"turns":7},{"damage":5,"enemies":"Snecko","floor":29,"turns":3},{"damage":3,"enemies":"Snake Plant","floor":31,"turns":3},{"damage":95,"enemies":"Champ","floor":33,"turns":13},{"damage":34,"enemies":"3 Darklings","floor":35,"turns":5},{"damage":27,"enemies":"2 Orb Walkers","floor":36,"turns":5},{"damage":54,"enemies":"Giant Head","floor":40,"turns":8},{"damage":16,"enemies":"Orb Walker","floor":42,"turns":3},{"damage":52,"enemies":"Nemesis","floor":46,"turns":9},{"damage":100,"enemies":"Donu and Deca","floor":50,"turns":9}],"seed_played":"6285900368463611376","potions_obtained":[{"floor":6,"key":"Poison Potion"},{"floor":8,"key":"BloodPotion"},{"floor":14,"key":"Regen Potion"},{"floor":23,"key":"FearPotion"},{"floor":27,"key":"Fire Potion"},{"floor":31,"key":"BloodPotion"},{"floor":36,"key":"EssenceOfSteel"},{"floor":42,"key":"Weak Potion"}],"is_trial":false,"path_per_floor":["M","?","$","?","?","E","R","M","T","R","M","$","?","M","R","B",null,"M","?","?","?","$","E","R","M","T","M","R","M","$","M","R","B",null,"M","?","?","?","?","E","$","M","T","?","R","E","R","$","R","B"],"character_chosen":"IRONCLAD","items_purchased":["Inflame","Intimidate","Anger+1","Power Through","Shockwave","Clash+1","Lantern","Power Through"],"campfire_rested":7,"item_purchase_floors":[3,3,12,22,22,22,30,48],"current_hp_per_floor":[80,73,73,73,73,14,53,59,59,59,60,60,36,40,79,77,80,58,64,48,54,54,17,59,54,54,46,46,47,47,50,92,12,92,78,57,57,80,87,39,39,36,36,36,77,33,74,74,87,0],"gold":8,"neow_bonus":"RANDOM_COMMON_RELIC","is_prod":false,"is_daily":false,"chose_seed":false,"campfire_upgraded":1,"win_rate":0,"timestamp":1553773729,"path_taken":["M","?","$","?","?","E","R","M","T","R","M","$","?","M","R","BOSS","M","?","?","?","$","E","R","M","T","?","R","M","?","M","R","BOSS","M","?","?","?","?","E","$","?","T","?","R","E","R","$","R","BOSS"],"build_version":"2019-01-23","purchased_purges":2,"victory":false,"max_hp_per_floor":[80,80,80,80,80,80,80,80,80,80,80,80,80,80,80,80,80,80,86,86,92,92,92,92,92,92,92,92,92,92,92,92,92,92,92,92,92,80,87,87,87,87,87,87,87,87,87,87,87,87],"card_choices":[{"not_picked":["Warcry","Body Slam"],"picked":"Wild Strike","floor":1},{"not_picked":["Twin Strike","Power Through"],"picked":"Shrug It Off","floor":6},{"not_picked":["Feel No Pain","Shrug It Off"],"picked":"Intimidate","floor":8},{"not_picked":["Hemokinesis+1","Seeing Red"],"picked":"Shrug It Off","floor":11},{"not_picked":["Blood for Blood+1","Clash+1"],"picked":"Perfected Strike+1","floor":13},{"not_picked":["Shrug It Off","Clothesline+1"],"picked":"Reckless Charge+1","floor":14},{"not_picked":["Dark Embrace","Brutality"],"picked":"Exhume","floor":16},{"not_picked":["Sword Boomerang+1","Armaments+1"],"picked":"Infernal Blade","floor":18},{"not_picked":["Thunderclap+1","Cleave+1"],"picked":"Pommel Strike+1","floor":23},{"not_picked":["Juggernaut","Spot Weakness"],"picked":"Shrug It Off+1","floor":24},{"not_picked":["Clash+1","Pommel Strike+1"],"picked":"Rampage+1","floor":25},{"not_picked":["Fire Breathing+1","Intimidate+1"],"picked":"Cleave+1","floor":27},{"not_picked":["Reckless Charge+1","Shrug It Off"],"picked":"Body Slam+1","floor":29},{"not_picked":["Shrug It Off+1","Body Slam+1"],"picked":"Uppercut+1","floor":31},{"not_picked":["Clash+1","Dark Embrace"],"picked":"Blood for Blood+1","floor":32},{"not_picked":["Limit Break","Immolate+1"],"picked":"Reaper+1","floor":33},{"not_picked":["Headbutt+1","Twin Strike+1"],"picked":"Armaments","floor":35},{"not_picked":["Shockwave","Bloodletting"],"picked":"Double Tap","floor":36},{"not_picked":["Heavy Blade+1","Flex"],"picked":"Barricade","floor":40},{"not_picked":["Heavy Blade+1","Clash+1"],"picked":"Rage+1","floor":42},{"not_picked":["Headbutt+1","Flex+1"],"picked":"Thunderclap+1","floor":45},{"not_picked":["Intimidate+1","Fiend Fire+1","Corruption"],"picked":"SKIP","floor":46},{"not_picked":["Intimidate+1","Corruption"],"picked":"Fiend Fire+1","floor":46},{"not_picked":["Hemokinesis+1","Havoc+1"],"picked":"Heavy Blade+1","floor":47},{"not_picked":["Warcry","Sever Soul+1"],"picked":"True Grit","floor":49}],"player_experience":251058,"relics_obtained":[{"floor":6,"key":"Molten Egg 2"},{"floor":9,"key":"Darkstone Periapt"},{"floor":20,"key":"Enchiridion"},{"floor":23,"key":"Dream Catcher"},{"floor":23,"key":"Art of War"},{"floor":36,"key":"Pocketwatch"},{"floor":40,"key":"Blood Vial"},{"floor":40,"key":"WingedGreaves"},{"floor":43,"key":"MawBank"},{"floor":46,"key":"Vajra"},{"floor":46,"key":"Bottled Flame"}],"event_choices":[{"damage_healed":0,"gold_gain":0,"player_choice":"Success","damage_taken":7,"relics_obtained":["Kunai"],"max_hp_gain":0,"max_hp_loss":0,"event_name":"Scrap Ooze","floor":2,"gold_loss":0},{"damage_healed":0,"gold_gain":0,"player_choice":"Take Wound","damage_taken":0,"relics_obtained":["Golden Idol"],"max_hp_gain":0,"max_hp_loss":0,"event_name":"Golden Idol","floor":4,"gold_loss":0,"cards_obtained":["Injury"]},{"damage_healed":0,"gold_gain":0,"player_choice":"Box","damage_taken":0,"relics_obtained":["Regal Pillow"],"max_hp_gain":0,"max_hp_loss":0,"event_name":"Big Fish","floor":5,"gold_loss":0,"cards_obtained":["Regret"]},{"damage_healed":0,"gold_gain":0,"player_choice":"Searched \u00273\u0027 times","damage_taken":0,"relics_obtained":["Sundial"],"max_hp_gain":0,"max_hp_loss":0,"event_name":"Dead Adventurer","floor":13,"gold_loss":0},{"damage_healed":0,"gold_gain":0,"cards_transformed":["Regret","Defend_R"],"player_choice":"Became Test Subject","damage_taken":0,"max_hp_gain":0,"max_hp_loss":0,"event_name":"Drug Dealer","floor":19,"gold_loss":0,"cards_obtained":["Normality","Dark Embrace"]},{"damage_healed":0,"gold_gain":0,"player_choice":"Obtained Book","damage_taken":16,"max_hp_gain":0,"max_hp_loss":0,"event_name":"Cursed Tome","floor":20,"gold_loss":0},{"damage_healed":0,"gold_gain":0,"player_choice":"Opened","damage_taken":0,"relics_obtained":["Ancient Tea Set"],"max_hp_gain":0,"max_hp_loss":0,"event_name":"The Mausoleum","floor":21,"gold_loss":0,"cards_obtained":["Writhe"]},{"damage_healed":0,"gold_gain":0,"player_choice":"Fight","damage_taken":0,"max_hp_gain":0,"max_hp_loss":0,"event_name":"Mysterious Sphere","floor":36,"gold_loss":0},{"damage_healed":0,"gold_gain":0,"player_choice":"Paid","damage_taken":0,"relics_obtained":["Red Mask"],"max_hp_gain":0,"max_hp_loss":0,"event_name":"Tomb of Lord Red Mask","floor":37,"gold_loss":233},{"damage_healed":80,"gold_gain":0,"player_choice":"Heal","damage_taken":0,"max_hp_gain":0,"max_hp_loss":12,"event_name":"The Moai Head","floor":38,"gold_loss":0},{"damage_healed":0,"gold_gain":0,"player_choice":"Gave Potion","damage_taken":0,"relics_obtained":["Strawberry"],"max_hp_gain":0,"max_hp_loss":0,"event_name":"WeMeetAgain","floor":39,"gold_loss":0},{"cards_removed":["Rage"],"damage_healed":0,"gold_gain":0,"player_choice":"Removed Skill","damage_taken":0,"max_hp_gain":0,"max_hp_loss":0,"event_name":"Falling","floor":44,"gold_loss":0}],"is_beta":false,"boss_relics":[{"not_picked":["Busted Crown","Ectoplasm"],"picked":"Black Star"},{"not_picked":["Runic Dome","Snecko Eye"],"picked":"Fusion Hammer"}],"items_purged_floors":[22,48],"is_endless":false,"potions_floor_spawned":[6,8,14,23,27,31,36,42],"killed_by":"Donu and Deca","ascension_level":0}