{"gold_per_floor":[114,134,148,148,165,165,165,197,197,197,197,224,236,249,249,320,320,335,335,335,74,85,85,85,85,85,97,126,138,179,210,222,234],"floor_reached":33,"playtime":1812,"items_purged":["Shame"],"score":590,"play_id":"e8236ea3-4ba9-434c-8016-0e86de720e9c","local_time":"20190429074141","is_ascension_mode":true,"campfire_choices":[{"data":"Poisoned Stab","floor":6,"key":"SMITH"},{"data":"Predator","floor":10,"key":"SMITH"},{"floor":15,"key":"REST"},{"data":"Footwork","floor":23,"key":"SMITH"},{"floor":25,"key":"REST"},{"floor":32,"key":"REST"}],"neow_cost":"NONE","seed_source_timestamp":421320524445505,"circlet_count":0,"master_deck":["AscendersBane","Defend_G","Defend_G","Defend_G","Defend_G","Defend_G","Strike_G","Survivor","Neutralize+1","Flying Knee","Predator+1","Poisoned Stab+1","Well Laid Plans","PiercingWail","Bullet Time","Poisoned Stab","Adrenaline","Acrobatics+1","Flechettes+1","Storm of Steel+1","Footwork+1","Accuracy+1","Crippling Poison+1","Deadly Poison+1","Die Die Die"],"relics":["Ring of the Snake","Snake Skull","Bag of Marbles","Letter Opener","Astrolabe","StoneCalendar","MutagenicStrength","Enchiridion","Ornamental Fan","MawBank","Gremlin Horn"],"potions_floor_usage":[5,8,16,22,30,30,30,33],"damage_taken":[{"damage":0,"enemies":"Cultist","floor":1,"turns":4},{"damage":2,"enemies":"2 Louse","floor":2,"turns":3},{"damage":0,"enemies":"Small Slimes","floor":3,"turns":3},{"damage":7,"enemies":"Exordium Thugs","floor":5,"turns":3},{"damage":18,"enemies":"3 Sentries","floor":8,"turns":10},{"damage":17,"enemies":"Lagavulin","floor":12,"turns":5},{"damage":2,"enemies":"3 Louse","floor":13,"turns":3},{"damage":2,"enemies":"Large Slime","floor":14,"turns":4},{"damage":4,"enemies":"Hexaghost","floor":16,"turns":8},{"damage":0,"enemies":"Spheric Guardian","floor":18,"turns":3},{"damage":11,"enemies":"Shell Parasite","floor":22,"turns":2},{"damage":0,"enemies":"3 Cultists","floor":27,"turns":3},{"damage":9,"enemies":"Gremlin Leader","floor":28,"turns":5},{"damage":26,"enemies":"Book of Stabbing","floor":30,"turns":4},{"damage":14,"enemies":"Shelled Parasite and Fungi","floor":31,"turns":3},{"damage":23,"enemies":"Collector","floor":33,"turns":6}],"seed_played":"-7847078064007821597","potions_obtained":[{"floor":1,"key":"Explosive Potion"},{"floor":2,"key":"PowerPotion"},{"floor":14,"key":"Swift Potion"},{"floor":18,"key":"Swift Potion"},{"floor":27,"key":"Energy Potion"},{"floor":28,"key":"SteroidPotion"},{"floor":29,"key":"Dexterity Potion"}],"is_trial":false,"path_per_floor":["M","M","M","?","M","R","?","E","T","R","?","E","M","M","R","B",null,"M","?","?","$","M","R","?","R","T","M","E","?","E","M","R","B"],"character_chosen":"THE_SILENT","items_purchased":["EntropicBrew","Footwork"],"campfire_rested":3,"item_purchase_floors":[21,21],"current_hp_per_floor":[59,57,57,57,50,50,50,32,32,32,37,20,18,16,37,33,62,62,62,62,62,51,51,30,51,51,51,42,42,16,2,23,0],"gold":234,"neow_bonus":"TRANSFORM_CARD","is_prod":false,"is_daily":false,"chose_seed":false,"campfire_upgraded":3,"win_rate":0,"timestamp":1556538101,"path_taken":["M","M","?","?","M","R","?","E","T","R","?","E","?","M","R","BOSS","M","?","?","$","M","R","?","R","T","M","E","?","E","?","R","BOSS"],"build_version":"2019-01-23","purchased_purges":1,"victory":false,"max_hp_per_floor":[66,66,66,66,66,66,66,66,66,66,71,71,71,71,71,71,71,71,71,71,71,71,71,71,71,71,71,71,71,71,71,71,71],"card_choices":[{"not_picked":["Bane","Dodge and Roll"],"picked":"Predator","floor":1},{"not_picked":["Flying Knee","Escape Plan"],"picked":"Poisoned Stab","floor":2},{"not_picked":["Underhanded Strike","Outmaneuver","Dagger Throw"],"picked":"SKIP","floor":3},{"not_picked":["Terror","Underhanded Strike"],"picked":"Well Laid Plans","floor":5},{"not_picked":["Blade Dance","Outmaneuver"],"picked":"PiercingWail","floor":8},{"not_picked":["PiercingWail","Dodge and Roll"],"picked":"Bullet Time","floor":12},{"not_picked":["Flying Knee","Cloak And Dagger"],"picked":"Poisoned Stab","floor":13},{"not_picked":["Flying Knee","Riddle With Holes","Heel Hook"],"picked":"SKIP","floor":14},{"not_picked":["Bullet Time","Tools of the Trade"],"picked":"Adrenaline","floor":16},{"not_picked":["Sucker Punch","PiercingWail","Bane"],"picked":"SKIP","floor":18},{"not_picked":["Deadly Poison","Sucker Punch+1"],"picked":"Accuracy+1","floor":22},{"not_picked":["Prepared","Blade Dance"],"picked":"Crippling Poison+1","floor":27},{"not_picked":["Endless Agony","Underhanded Strike"],"picked":"Deadly Poison+1","floor":28},{"not_picked":["Riddle With Holes","Accuracy"],"picked":"Die Die Die","floor":30},{"not_picked":["Bane+1","Endless Agony","Flying Knee+1"],"picked":"SKIP","floor":31}],"player_experience":1299939,"relics_obtained":[{"floor":8,"key":"Snake Skull"},{"floor":9,"key":"Bag of Marbles"},{"floor":12,"key":"Letter Opener"},{"floor":24,"key":"Enchiridion"},{"floor":26,"key":"Ornamental Fan"},{"floor":28,"key":"MawBank"},{"floor":30,"key":"Gremlin Horn"}],"event_choices":[{"damage_healed":0,"gold_gain":0,"player_choice":"Grow","damage_taken":0,"max_hp_gain":0,"max_hp_loss":0,"event_name":"Living Wall","floor":4,"gold_loss":0,"cards_upgraded":["Neutralize"]},{"damage_healed":0,"gold_gain":0,"player_choice":"Ignored","damage_taken":0,"max_hp_gain":0,"max_hp_loss":0,"event_name":"Liars Game","floor":7,"gold_loss":0},{"damage_healed":0,"gold_gain":0,"player_choice":"Donut","damage_taken":0,"max_hp_gain":5,"max_hp_loss":0,"event_name":"Big Fish","floor":11,"gold_loss":0},{"damage_healed":0,"gold_gain":0,"player_choice":"Stole Relic","damage_taken":0,"relics_obtained":["StoneCalendar"],"max_hp_gain":0,"max_hp_loss":0,"event_name":"Addict","floor":19,"gold_loss":0,"cards_obtained":["Shame"]},{"damage_healed":0,"gold_gain":0,"player_choice":"Inject Mutagens","damage_taken":0,"relics_obtained":["MutagenicStrength"],"max_hp_gain":0,"max_hp_loss":0,"event_name":"Drug Dealer","floor":20,"gold_loss":0},{"damage_healed":0,"gold_gain":0,"player_choice":"Obtained Book","damage_taken":21,"max_hp_gain":0,"max_hp_loss":0,"event_name":"Cursed Tome","floor":24,"gold_loss":0},{"damage_healed":0,"gold_gain":0,"player_choice":"Got Potions","damage_taken":0,"max_hp_gain":0,"max_hp_loss":0,"event_name":"Lab","floor":29,"gold_loss":0}],"is_beta":false,"boss_relics":[{"not_picked":["Coffee Dripper","Calling Bell"],"picked":"Astrolabe"}],"items_purged_floors":[21],"is_endless":false,"potions_floor_spawned":[1,2,3,14,18,27,28],"killed_by":"Collector","ascension_level":20}