{"gold_per_floor":[109,11,11,11,37,74,101,133,145,157,169,194,219,250,262,400,412,444,472,583,619,631],"floor_reached":22,"playtime":899,"items_purged":["Strike_B"],"score":360,"play_id":"04452d32-c106-4ad0-818d-b6c5aaf092ec","local_time":"20181105223628","is_ascension_mode":true,"campfire_choices":[{"floor":10,"key":"REST"},{"data":"Doom and Gloom","floor":15,"key":"SMITH"}],"neow_cost":"NONE","seed_source_timestamp":788100571642290,"circlet_count":0,"master_deck":["AscendersBane","Strike_B+1","Strike_B","Strike_B","Defend_B","Defend_B","Defend_B+1","Defend_B","Zap","Dualcast","Gash","Beam Cell","Sweeping Beam","Multi-Cast","Doom and Gloom+1","Leap+1","Hologram+1","Double Energy+1","Meteor Strike","Redo+1"],"relics":["Cracked Core","MawBank","Calipers","Toxic Egg 2","Golden Idol","Philosopher\u0027s Stone"],"potions_floor_usage":[16,16,18,22],"damage_taken":[{"damage":0,"enemies":"Cultist","floor":1,"turns":4},{"damage":0,"enemies":"2 Louse","floor":5,"turns":1},{"damage":24,"enemies":"3 Sentries","floor":6,"turns":6},{"damage":3,"enemies":"Small Slimes","floor":7,"turns":3},{"damage":6,"enemies":"Exordium Wildlife","floor":8,"turns":2},{"damage":20,"enemies":"Gremlin Gang","floor":12,"turns":3},{"damage":3,"enemies":"Looter","floor":13,"turns":2},{"damage":2,"enemies":"Large Slime","floor":14,"turns":5},{"damage":0,"enemies":"Slime Boss","floor":16,"turns":8},{"damage":25,"enemies":"2 Thieves","floor":18,"turns":4},{"damage":0,"enemies":"3 Byrds","floor":19,"turns":2},{"damage":18,"enemies":"3 Cultists","floor":21,"turns":4},{"damage":32,"enemies":"Shelled Parasite and Fungi","floor":22,"turns":4}],"seed_played":"8462354081519527335","potions_obtained":[{"floor":5,"key":"LiquidBronze"},{"floor":6,"key":"Dexterity Potion"},{"floor":12,"key":"Strength Potion"},{"floor":16,"key":"Weak Potion"},{"floor":21,"key":"Strength Potion"}],"is_trial":false,"path_per_floor":["M","$","?","?","M","E","M","M","T","R","?","M","M","M","R","B",null,"M","M","?","M","M"],"character_chosen":"DEFECT","items_purchased":["Beam Cell"],"campfire_rested":1,"item_purchase_floors":[2],"current_hp_per_floor":[75,75,59,56,56,32,29,23,23,47,47,27,24,22,22,22,63,38,38,38,20,0],"gold":631,"neow_bonus":"TEN_PERCENT_HP_BONUS","is_prod":false,"is_daily":false,"chose_seed":false,"campfire_upgraded":1,"win_rate":0,"timestamp":1541475388,"path_taken":["M","$","?","?","M","E","M","M","T","R","?","?","?","M","R","BOSS","M","M","?","M","M"],"build_version":"2018-11-01","purchased_purges":1,"victory":false,"max_hp_per_floor":[82,82,82,82,82,82,82,82,82,82,76,76,76,76,76,76,76,76,76,76,76,76],"card_choices":[{"not_picked":["Cold Snap","BootSequence"],"picked":"Gash","floor":1},{"not_picked":["Turbo","Streamline"],"picked":"Sweeping Beam","floor":5},{"not_picked":["Cold Snap","Rip and Tear"],"picked":"Multi-Cast","floor":6},{"not_picked":["Tempest","Hologram"],"picked":"Doom and Gloom","floor":7},{"not_picked":["Beam Cell","Leap","Self Repair"],"picked":"SKIP","floor":8},{"not_picked":["Stack+1","Beam Cell"],"picked":"Leap+1","floor":12},{"not_picked":["Melter","Compile Driver"],"picked":"Hologram+1","floor":13},{"not_picked":["Redo+1","Ball Lightning"],"picked":"Double Energy+1","floor":14},{"not_picked":["Creative AI","Machine Learning"],"picked":"Meteor Strike","floor":16},{"not_picked":["Chaos+1","Beam Cell+1"],"picked":"Redo+1","floor":18},{"not_picked":["Leap+1","Capacitor","Hologram+1"],"picked":"SKIP","floor":19},{"not_picked":["Cold Snap+1","Genetic Algorithm+1","Static Discharge+1"],"picked":"SKIP","floor":21}],"player_experience":626443,"relics_obtained":[{"floor":6,"key":"Calipers"},{"floor":9,"key":"Toxic Egg 2"}],"event_choices":[{"damage_healed":0,"gold_gain":0,"player_choice":"Entered Light","damage_taken":16,"max_hp_gain":0,"max_hp_loss":0,"event_name":"Shining Light","floor":3,"gold_loss":0,"cards_upgraded":["Strike_B","Defend_B"]},{"damage_healed":0,"gold_gain":0,"player_choice":"Success","damage_taken":3,"relics_obtained":["MawBank"],"max_hp_gain":0,"max_hp_loss":0,"event_name":"Scrap Ooze","floor":4,"gold_loss":0},{"damage_healed":0,"gold_gain":0,"player_choice":"Lose Max HP","damage_taken":0,"relics_obtained":["Golden Idol"],"max_hp_gain":0,"max_hp_loss":6,"event_name":"Golden Idol","floor":11,"gold_loss":0},{"damage_healed":0,"gold_gain":99,"player_choice":"Stole From Cult","damage_taken":0,"max_hp_gain":0,"max_hp_loss":0,"event_name":"Nest","floor":20,"gold_loss":0}],"is_beta":false,"boss_relics":[{"not_picked":["Lizard Tail","Coffee Dripper"],"picked":"Philosopher\u0027s Stone"}],"items_purged_floors":[2],"is_endless":false,"potions_floor_spawned":[5,6,12,13,16,21],"killed_by":"Shelled Parasite and Fungi","ascension_level":10}