{"gold_per_floor":[114,129,144,194,209,239,254,4,4,4,19,19,19,34,34,134,134,149,149,103,118,133,163,163,193,193,193,273,273,198,228,228,328,328,343,343,343,358,358],"floor_reached":39,"playtime":4550,"items_purged":["Flex"],"score":464,"play_id":"5246410c-d73f-44a7-9238-09c027d32246","local_time":"20190911195934","daily_mods":["Draft","Diverse","Terminal"],"is_ascension_mode":false,"campfire_choices":[{"data":"Acrobatics","floor":10,"key":"SMITH"},{"data":"Endless Agony","floor":13,"key":"SMITH"},{"data":"Dual Wield","floor":15,"key":"SMITH"},{"data":"Cloak And Dagger","floor":24,"key":"SMITH"},{"data":"Blade Dance","floor":27,"key":"SMITH"},{"data":"Footwork","floor":32,"key":"SMITH"}],"neow_cost":"","seed_source_timestamp":0,"circlet_count":0,"master_deck":["Wild Strike","Backflip","FTL","Seeing Red","Cloak And Dagger+1","Footwork+1","Metallicize","Twin Strike","Go for the Eyes","Rebound","Whirlwind","Dual Wield+1","Blade Dance+1","Cloak And Dagger","Deflect","Reflex","Quick Slash","Streamline","Intimidate","Acrobatics+1","Endless Agony+1","Flying Knee","A Thousand Cuts","Accuracy+1","Dagger Throw","Reprogram","Rage+1","Flex","Fire Breathing","Burning Pact","Feed","Normality","Clumsy","Pain","Madness","Madness"],"special_seed":18150,"relics":["Ring of the Snake","PreservedInsect","HandDrill","Gremlin Horn","Eternal Feather","Dream Catcher","Shuriken","StoneCalendar","Tiny Chest","Snake Skull","Calling Bell","Omamori","Frozen Egg 2","Dead Branch"],"potions_floor_usage":[16,21,22,25,33,38,38],"damage_taken":[{"damage":0,"enemies":"Cultist","floor":1,"turns":3},{"damage":0,"enemies":"2 Louse","floor":2,"turns":3},{"damage":0,"enemies":"Small Slimes","floor":3,"turns":2},{"damage":0,"enemies":"Exordium Thugs","floor":5,"turns":4},{"damage":9,"enemies":"3 Sentries","floor":6,"turns":5},{"damage":0,"enemies":"Looter","floor":7,"turns":3},{"damage":0,"enemies":"Large Slime","floor":11,"turns":4},{"damage":0,"enemies":"3 Louse","floor":14,"turns":2},{"damage":32,"enemies":"The Guardian","floor":16,"turns":11},{"damage":14,"enemies":"2 Thieves","floor":18,"turns":4},{"damage":5,"enemies":"Shell Parasite","floor":21,"turns":4},{"damage":0,"enemies":"Cultist and Chosen","floor":22,"turns":6},{"damage":11,"enemies":"Book of Stabbing","floor":23,"turns":5},{"damage":18,"enemies":"Gremlin Leader","floor":25,"turns":7},{"damage":13,"enemies":"Slavers","floor":31,"turns":4},{"damage":31,"enemies":"Champ","floor":33,"turns":11},{"damage":9,"enemies":"3 Shapes","floor":35,"turns":5},{"damage":21,"enemies":"Orb Walker","floor":38,"turns":7},{"damage":1,"enemies":"Spire Growth","floor":39,"turns":1}],"seed_played":"1575065837064255881","potions_obtained":[{"floor":3,"key":"Regen Potion"},{"floor":5,"key":"Fire Potion"},{"floor":11,"key":"LiquidBronze"},{"floor":16,"key":"Strength Potion"},{"floor":18,"key":"Fire Potion"},{"floor":21,"key":"AttackPotion"},{"floor":31,"key":"Poison Potion"},{"floor":33,"key":"EssenceOfSteel"},{"floor":35,"key":"SpeedPotion"},{"floor":38,"key":"Weak Potion"}],"is_trial":false,"path_per_floor":["M","M","M","?","M","E","M","$","T","R","M","$","R","M","R","B",null,"M","?","$","M","M","E","R","E","T","R","T","?","$","E","R","B",null,"M","?","?","M","M"],"character_chosen":"THE_SILENT","items_purchased":["HandDrill","Flying Knee","Dagger Throw"],"campfire_rested":0,"item_purchase_floors":[8,8,20],"current_hp_per_floor":[68,67,66,65,64,55,55,55,55,55,55,55,55,55,54,22,52,38,38,38,42,42,31,45,27,27,42,41,40,39,26,37,6,35,26,26,22,1,0],"gold":358,"neow_bonus":"","is_prod":false,"is_daily":true,"chose_seed":false,"campfire_upgraded":6,"win_rate":0,"timestamp":1568199574,"path_taken":["M","M","?","?","M","E","M","$","T","R","M","$","R","M","R","BOSS","M","?","$","M","M","E","R","E","T","R","?","?","$","E","R","BOSS","M","?","?","M","M"],"build_version":"2019-07-17","purchased_purges":1,"victory":false,"max_hp_per_floor":[68,67,66,65,64,63,62,61,60,59,58,57,56,55,54,53,52,51,50,49,48,47,46,45,44,43,42,41,40,39,38,37,36,35,34,33,32,31,31],"card_choices":[{"not_picked":["Havoc","Deadly Poison"],"picked":"Wild Strike","floor":0},{"not_picked":["Dagger Spray","Blood for Blood"],"picked":"Backflip","floor":0},{"not_picked":["Headbutt","Melter"],"picked":"FTL","floor":0},{"not_picked":["Glacier","Turbo"],"picked":"Seeing Red","floor":0},{"not_picked":["Streamline","Heel Hook"],"picked":"Cloak And Dagger","floor":0},{"not_picked":["Concentrate","Backflip"],"picked":"Footwork","floor":0},{"not_picked":["Rebound","Underhanded Strike"],"picked":"Metallicize","floor":0},{"not_picked":["Ball Lightning","Clothesline"],"picked":"Twin Strike","floor":0},{"not_picked":["Hologram","Bloodletting"],"picked":"Go for the Eyes","floor":0},{"not_picked":["Shockwave","Noxious Fumes"],"picked":"Rebound","floor":0},{"not_picked":["Pommel Strike","Scrape"],"picked":"Whirlwind","floor":0},{"not_picked":["Force Field","Iron Wave"],"picked":"Dual Wield","floor":0},{"not_picked":["Deflect","Steam"],"picked":"Blade Dance","floor":0},{"not_picked":["Pummel","Sweeping Beam"],"picked":"Cloak And Dagger","floor":0},{"not_picked":["Hemokinesis","Double Energy"],"picked":"Deflect","floor":0},{"not_picked":["Stack","Sweeping Beam"],"picked":"Reflex","floor":1},{"not_picked":["Force Field","Undo"],"picked":"Quick Slash","floor":2},{"not_picked":["Corruption","Sunder"],"picked":"Streamline","floor":3},{"not_picked":["Twin Strike","Consume"],"picked":"Intimidate","floor":5},{"not_picked":["Blade Dance","Quick Slash"],"picked":"Acrobatics","floor":6},{"not_picked":["Dropkick","Setup"],"picked":"Endless Agony","floor":7},{"not_picked":["Intimidate","Sword Boomerang"],"picked":"Flex","floor":11},{"not_picked":["Blood for Blood","Poisoned Stab","Heavy Blade"],"picked":"SKIP","floor":14},{"not_picked":["Grand Finale","Amplify"],"picked":"A Thousand Cuts","floor":16},{"not_picked":["Leap","Gash"],"picked":"Accuracy+1","floor":18},{"not_picked":["Warcry","Sweeping Beam"],"picked":"Reprogram","floor":21},{"not_picked":["Coolheaded+1","Skim+1"],"picked":"Rage+1","floor":22},{"not_picked":["Flying Knee+1","Wild Strike"],"picked":"Flex","floor":23},{"not_picked":["Sword Boomerang","Conserve Battery"],"picked":"Fire Breathing","floor":25},{"not_picked":["Carnage","Bullet Time"],"picked":"Burning Pact","floor":31},{"not_picked":["Adrenaline","Meteor Strike"],"picked":"Feed","floor":33},{"not_picked":["Combust+1","Blood for Blood+1","Havoc+1"],"picked":"SKIP","floor":35},{"not_picked":["Underhanded Strike+1","Clothesline+1","Blade Dance+1"],"picked":"SKIP","floor":38}],"player_experience":30129,"relics_obtained":[{"floor":6,"key":"PreservedInsect"},{"floor":9,"key":"Gremlin Horn"},{"floor":23,"key":"Dream Catcher"},{"floor":25,"key":"Shuriken"},{"floor":26,"key":"StoneCalendar"},{"floor":28,"key":"Tiny Chest"},{"floor":31,"key":"Snake Skull"},{"floor":34,"key":"Omamori"},{"floor":34,"key":"Frozen Egg 2"},{"floor":34,"key":"Dead Branch"}],"event_choices":[{"damage_healed":0,"gold_gain":50,"player_choice":"Gained Gold","damage_taken":0,"max_hp_gain":0,"max_hp_loss":0,"event_name":"Golden Wing","floor":4,"gold_loss":0},{"damage_healed":0,"gold_gain":0,"player_choice":"Ignored","damage_taken":0,"max_hp_gain":0,"max_hp_loss":0,"event_name":"Ghosts","floor":19,"gold_loss":0},{"damage_healed":0,"gold_gain":0,"player_choice":"Ignored","damage_taken":0,"max_hp_gain":0,"max_hp_loss":0,"event_name":"Vampires","floor":29,"gold_loss":0},{"damage_healed":0,"gold_gain":0,"player_choice":"Ignored","damage_taken":0,"max_hp_gain":0,"max_hp_loss":0,"event_name":"Mysterious Sphere","floor":36,"gold_loss":0},{"damage_healed":0,"gold_gain":0,"player_choice":"Embrace Madness","damage_taken":4,"max_hp_gain":0,"max_hp_loss":0,"event_name":"Winding Halls","floor":37,"gold_loss":0,"cards_obtained":["Madness","Madness"]}],"is_beta":false,"boss_relics":[{"not_picked":["Tiny House","Velvet Choker"],"picked":"Eternal Feather"},{"not_picked":["Cursed Key","Snecko Eye"],"picked":"Calling Bell"}],"items_purged_floors":[30],"is_endless":false,"potions_floor_spawned":[3,5,11,16,18,21,31,33,35,38],"killed_by":"Spire Growth","ascension_level":0}