{"gold_per_floor":[213,230,250,250,2,2,37,72,95,95,95,95,133,146,146,242,242,265,265,10,10,29,29,50,50,122,156,156],"floor_reached":28,"playtime":1116,"items_purged":[],"score":515,"play_id":"9d93e4ee-8e83-42db-9afa-7087f123df0e","local_time":"20190722040658","is_ascension_mode":true,"campfire_choices":[{"data":"Zap","floor":6,"key":"SMITH"},{"floor":10,"key":"REST"},{"floor":12,"key":"REST"},{"floor":15,"key":"REST"},{"floor":23,"key":"REST"},{"floor":25,"key":"REST"}],"neow_cost":"NONE","seed_source_timestamp":53723377456102,"circlet_count":0,"master_deck":["AscendersBane","Zap+1","Dualcast","Beam Cell","Stack","Ball Lightning","Compile Driver","Tempest","Coolheaded","Biased Cognition","BootSequence","Core Surge","Heatsinks","Force Field","Reboot","Doom and Gloom","Darkness","Compile Driver","Amplify","Electrodynamics","Hologram","Genetic Algorithm","Redo","Loop","Sweeping Beam","Capacitor","Undo","Coolheaded+1"],"relics":["Cracked Core","Golden Idol","Medical Kit","Juzu Bracelet","Odd Mushroom","DataDisk","Question Card","Blue Candle","Dream Catcher","Nloth\u0027s Gift","Toxic Egg 2","Blood Vial"],"potions_floor_usage":[13,16,28],"damage_taken":[{"damage":1,"enemies":"Cultist","floor":1,"turns":3},{"damage":21,"enemies":"Small Slimes","floor":2,"turns":3},{"damage":2,"enemies":"Jaw Worm","floor":3,"turns":3},{"damage":32,"enemies":"3 Sentries","floor":7,"turns":8},{"damage":7,"enemies":"The Mushroom Lair","floor":8,"turns":4},{"damage":13,"enemies":"Lagavulin","floor":13,"turns":5},{"damage":8,"enemies":"3 Louse","floor":14,"turns":2},{"damage":0,"enemies":"Slime Boss","floor":16,"turns":8},{"damage":2,"enemies":"Chosen","floor":18,"turns":3},{"damage":21,"enemies":"Shell Parasite","floor":22,"turns":4},{"damage":14,"enemies":"Snecko","floor":24,"turns":4},{"damage":55,"enemies":"Book of Stabbing","floor":27,"turns":5},{"damage":14,"enemies":"Centurion and Healer","floor":28,"turns":2}],"seed_played":"5711510548548478439","potions_obtained":[{"floor":3,"key":"LiquidBronze"},{"floor":8,"key":"Swift Potion"},{"floor":14,"key":"FocusPotion"},{"floor":22,"key":"FocusPotion"},{"floor":24,"key":"Dexterity Potion"}],"is_trial":false,"path_per_floor":["M","M","M","?","$","R","E","?","T","R","?","R","E","M","R","B",null,"M","?","$","?","M","R","M","R","T","E","M"],"character_chosen":"DEFECT","items_purchased":["Medical Kit","Compile Driver","Dream Catcher","Genetic Algorithm","Redo"],"campfire_rested":5,"item_purchase_floors":[5,5,20,20,20],"current_hp_per_floor":[63,42,40,40,40,40,8,1,1,20,20,39,26,18,37,37,57,55,55,55,55,34,53,39,58,58,3,0],"gold":156,"neow_bonus":"HUNDRED_GOLD","is_prod":false,"is_daily":false,"chose_seed":false,"campfire_upgraded":1,"win_rate":0,"timestamp":1563732418,"path_taken":["M","?","M","?","$","R","E","?","T","R","?","R","E","M","R","BOSS","M","?","$","?","M","R","M","R","T","E","M"],"build_version":"2019-07-17","purchased_purges":0,"victory":false,"max_hp_per_floor":[71,71,71,64,64,64,64,64,64,64,64,64,64,64,64,64,64,64,64,64,64,64,64,64,64,64,64,64],"card_choices":[{"not_picked":["Force Field","Heatsinks"],"picked":"Beam Cell","floor":1},{"not_picked":["Recycle","Chaos"],"picked":"Stack","floor":2},{"not_picked":["Turbo","Stack"],"picked":"Ball Lightning","floor":3},{"not_picked":["Stack","Aggregate"],"picked":"Tempest","floor":7},{"not_picked":["Steam Power","Turbo"],"picked":"Coolheaded","floor":8},{"not_picked":["Melter","Conserve Battery"],"picked":"Biased Cognition","floor":13},{"not_picked":["Compile Driver","Conserve Battery","Ball Lightning"],"picked":"BootSequence","floor":14},{"not_picked":["Seek","Creative AI","All For One"],"picked":"Core Surge","floor":16},{"not_picked":["Hello World","Go for the Eyes","Gash"],"picked":"Hologram","floor":18},{"not_picked":["Genetic Algorithm","Rip and Tear","Tempest"],"picked":"Loop","floor":22},{"not_picked":["Redo","Go for the Eyes","Leap"],"picked":"Sweeping Beam","floor":23},{"not_picked":["Force Field","Recycle","Sweeping Beam"],"picked":"Capacitor","floor":24},{"not_picked":["Conserve Battery","Steam","Coolheaded"],"picked":"Undo","floor":25},{"not_picked":["Blizzard","Go for the Eyes","Turbo+1"],"picked":"Coolheaded+1","floor":27}],"player_experience":1050159,"relics_obtained":[{"floor":7,"key":"Juzu Bracelet"},{"floor":8,"key":"Odd Mushroom"},{"floor":9,"key":"DataDisk"},{"floor":13,"key":"Question Card"},{"floor":26,"key":"Toxic Egg 2"},{"floor":27,"key":"Blood Vial"}],"event_choices":[{"damage_healed":0,"gold_gain":0,"player_choice":"Lose Max HP","damage_taken":0,"relics_obtained":["Golden Idol"],"max_hp_gain":0,"max_hp_loss":7,"event_name":"Golden Idol","floor":4,"gold_loss":0},{"damage_healed":0,"gold_gain":0,"player_choice":"Fought Mushrooms","damage_taken":0,"max_hp_gain":0,"max_hp_loss":0,"event_name":"Mushrooms","floor":8,"gold_loss":0},{"damage_healed":0,"gold_gain":0,"player_choice":"Ignored","damage_taken":0,"max_hp_gain":0,"max_hp_loss":0,"event_name":"Shining Light","floor":11,"gold_loss":0},{"damage_healed":0,"gold_gain":0,"player_choice":"Gave Potion","damage_taken":0,"relics_obtained":["Blue Candle"],"max_hp_gain":0,"max_hp_loss":0,"event_name":"WeMeetAgain","floor":19,"gold_loss":0},{"damage_healed":0,"gold_gain":0,"player_choice":"Traded Relic","damage_taken":0,"relics_obtained":["Nloth\u0027s Gift"],"max_hp_gain":0,"max_hp_loss":0,"event_name":"N\u0027loth","floor":21,"relics_lost":["Pandora\u0027s Box"],"gold_loss":0}],"is_beta":false,"boss_relics":[{"not_picked":["Ectoplasm","Empty Cage"],"picked":"Pandora\u0027s Box"}],"items_purged_floors":[],"is_endless":false,"potions_floor_spawned":[3,8,14,22,24],"killed_by":"Centurion and Healer","ascension_level":15}