{"gold_per_floor":[119,119,119,39,39,39,65,15,15,15,25,58,70,103,103,175,175,193,193,211,222,222,222],"floor_reached":23,"playtime":1254,"items_purged":[],"score":514,"play_id":"764e9a45-9681-4a1e-8ff5-343bca1f796e","local_time":"20190811000241","is_ascension_mode":true,"campfire_choices":[{"data":"Genetic Algorithm","floor":6,"key":"SMITH"},{"data":"Fusion","floor":10,"key":"SMITH"},{"data":"Stack","floor":15,"key":"SMITH"}],"neow_cost":"NONE","seed_source_timestamp":1239927796630743,"circlet_count":0,"master_deck":["AscendersBane","Strike_B","Strike_B","Strike_B","Strike_B","Defend_B","Defend_B","Defend_B+1","Defend_B","Zap","Dualcast+1","Undo","Genetic Algorithm+1","Fusion+1","Cold Snap","Compile Driver","Stack+1","Core Surge","Conserve Battery","Electrodynamics","Stack+1","Genetic Algorithm+1"],"relics":["Cracked Core","NeowsBlessing","Blood Vial","Mercury Hourglass","Pear","Thread and Needle","Gambling Chip","Philosopher\u0027s Stone"],"potions_floor_usage":[12,12,21,21],"damage_taken":[{"damage":0,"enemies":"Jaw Worm","floor":1,"turns":1},{"damage":0,"enemies":"3 Sentries","floor":7,"turns":1},{"damage":0,"enemies":"Cultist","floor":11,"turns":1},{"damage":38,"enemies":"Gremlin Nob","floor":12,"turns":4},{"damage":0,"enemies":"Small Slimes","floor":13,"turns":3},{"damage":0,"enemies":"3 Sentries","floor":14,"turns":8},{"damage":4,"enemies":"The Guardian","floor":16,"turns":14},{"damage":9,"enemies":"3 Byrds","floor":18,"turns":3},{"damage":8,"enemies":"2 Thieves","floor":20,"turns":4},{"damage":6,"enemies":"Shelled Parasite and Fungi","floor":21,"turns":8},{"damage":31,"enemies":"Slavers","floor":23,"turns":3}],"seed_played":"-3647491530264022172","potions_obtained":[{"floor":1,"key":"SkillPotion"},{"floor":7,"key":"Swift Potion"},{"floor":16,"key":"Dexterity Potion"},{"floor":20,"key":"Block Potion"}],"is_trial":false,"path_per_floor":["M","?","?","$","?","R","E","$","T","R","M","E","M","E","R","B",null,"M","?","M","M","?","E"],"character_chosen":"DEFECT","items_purchased":["Genetic Algorithm","Cold Snap"],"campfire_rested":0,"item_purchase_floors":[4,8],"current_hp_per_floor":[64,64,57,57,36,36,38,38,48,48,50,14,16,18,18,16,65,58,58,52,48,25,0],"gold":222,"neow_bonus":"THREE_ENEMY_KILL","is_prod":false,"is_daily":false,"chose_seed":false,"campfire_upgraded":3,"win_rate":0,"timestamp":1565496161,"path_taken":["M","?","?","$","?","R","E","?","T","R","M","E","?","E","R","BOSS","M","?","?","?","?","E"],"build_version":"2019-07-17","purchased_purges":0,"victory":false,"max_hp_per_floor":[71,71,71,71,71,71,71,71,81,81,81,81,81,81,81,81,81,81,81,81,81,86,86],"card_choices":[{"not_picked":["Blizzard","Beam Cell"],"picked":"Undo","floor":1},{"not_picked":["Barrage","Stack"],"picked":"Fusion","floor":7},{"not_picked":["Steam Power","Rebound"],"picked":"Compile Driver","floor":11},{"not_picked":["Steam Power","Go for the Eyes"],"picked":"Stack","floor":12},{"not_picked":["Leap","Hologram"],"picked":"Core Surge","floor":13},{"not_picked":["Ball Lightning","Recycle"],"picked":"Conserve Battery","floor":14},{"not_picked":["Buffer","Machine Learning"],"picked":"Electrodynamics","floor":16},{"not_picked":["Streamline","Ball Lightning"],"picked":"Stack+1","floor":18},{"not_picked":["Steam","Blizzard+1","Recycle"],"picked":"SKIP","floor":20},{"not_picked":["Leap","Stack+1","Hello World"],"picked":"SKIP","floor":21}],"player_experience":1785406,"relics_obtained":[{"floor":7,"key":"Mercury Hourglass"},{"floor":9,"key":"Pear"},{"floor":12,"key":"Thread and Needle"},{"floor":14,"key":"Gambling Chip"}],"event_choices":[{"damage_healed":0,"gold_gain":0,"player_choice":"Box","damage_taken":0,"relics_obtained":["Blood Vial"],"max_hp_gain":0,"max_hp_loss":0,"event_name":"Big Fish","floor":2,"gold_loss":0,"cards_obtained":["Regret"]},{"cards_removed":["Regret"],"damage_healed":0,"gold_gain":0,"player_choice":"Card Removal","damage_taken":7,"max_hp_gain":0,"max_hp_loss":0,"event_name":"Golden Wing","floor":3,"gold_loss":0},{"damage_healed":0,"gold_gain":0,"player_choice":"Entered Light","damage_taken":21,"max_hp_gain":0,"max_hp_loss":0,"event_name":"Shining Light","floor":5,"gold_loss":0,"cards_upgraded":["Defend_B","Dualcast"]},{"damage_healed":0,"gold_gain":0,"player_choice":"Copied","damage_taken":0,"max_hp_gain":0,"max_hp_loss":0,"event_name":"Duplicator","floor":19,"gold_loss":0,"cards_obtained":["Genetic Algorithm"]},{"damage_healed":0,"gold_gain":0,"player_choice":"Shed Blood","damage_taken":28,"max_hp_gain":5,"max_hp_loss":0,"event_name":"Forgotten Altar","floor":22,"gold_loss":0}],"is_beta":false,"boss_relics":[{"not_picked":["Snecko Eye","Runic Dome"],"picked":"Philosopher\u0027s Stone"}],"items_purged_floors":[],"is_endless":false,"potions_floor_spawned":[1,7,16,20],"killed_by":"Slavers","ascension_level":20}