{"gold_per_floor":[116,131,150,200,216,216,243,262,262,292,292],"floor_reached":11,"playtime":652,"items_purged":[],"score":170,"play_id":"729b177c-6c85-4465-8109-03d87cbc5e38","local_time":"20190103180611","is_ascension_mode":true,"campfire_choices":[{"data":"Neutralize","floor":6.0,"key":"SMITH"}],"neow_cost":"NONE","seed_source_timestamp":751645679152030,"circlet_count":0,"master_deck":["AscendersBane","Defend_G","Defend_G+1","Defend_G","Defend_G","Defend_G","Strike_G","Strike_G","Strike_G","Strike_G","Strike_G","Survivor+1","Neutralize+1","Caltrops","All Out Attack","Bouncing Flask","Dodge and Roll","Corpse Explosion"],"special_seed":0,"relics":["Ring of the Snake","Orichalcum","War Paint","Singing Bowl","Bird Faced Urn"],"potions_floor_usage":[],"damage_taken":[{"damage":1.0,"enemies":"Jaw Worm","floor":1.0,"turns":6.0},{"damage":0.0,"enemies":"Cultist","floor":2.0,"turns":4.0},{"damage":0.0,"enemies":"Small Slimes","floor":3.0,"turns":2.0},{"damage":4.0,"enemies":"2 Fungi Beasts","floor":5.0,"turns":3.0},{"damage":13.0,"enemies":"3 Sentries","floor":7.0,"turns":8.0},{"damage":6.0,"enemies":"Gremlin Gang","floor":8.0,"turns":4.0},{"damage":15,"enemies":"Lagavulin","floor":10,"turns":8},{"damage":34,"enemies":"Lagavulin Event","floor":11,"turns":5}],"seed_played":"2736122286943384489","potions_obtained":[{"floor":2.0,"key":"Block Potion"},{"floor":3.0,"key":"LiquidBronze"}],"is_trial":false,"path_per_floor":["M","M","M","?","M","R","E","M","T","E","?"],"character_chosen":"THE_SILENT","items_purchased":[],"campfire_rested":0,"item_purchase_floors":[],"current_hp_per_floor":[58,58,58,58,54,54,41,35,35,20,0],"gold":292,"neow_bonus":"RANDOM_COMMON_RELIC","is_prod":false,"is_daily":false,"chose_seed":false,"campfire_upgraded":1,"win_rate":0,"timestamp":1546556771,"path_taken":["M","M","M","?","?","R","E","M","T","E","?"],"build_version":"2018-12-20","purchased_purges":0,"victory":false,"max_hp_per_floor":[66,66,66,66,66,66,66,66,66,66,66],"card_choices":[{"not_picked":["Acrobatics","Endless Agony"],"picked":"Caltrops","floor":1.0},{"not_picked":["Bane","Backflip"],"picked":"All Out Attack","floor":2.0},{"not_picked":["Quick Slash","Dodge and Roll"],"picked":"Bouncing Flask","floor":3.0},{"not_picked":["Infinite Blades","Underhanded Strike","Terror"],"picked":"SKIP","floor":5.0},{"not_picked":["Sucker Punch","A Thousand Cuts","All Out Attack"],"picked":"SKIP","floor":7.0},{"not_picked":["Acrobatics","Prepared"],"picked":"Dodge and Roll","floor":8.0},{"not_picked":["Prepared","Flechettes"],"picked":"Corpse Explosion","floor":10}],"player_experience":1145229,"relics_obtained":[{"floor":7.0,"key":"War Paint"},{"floor":9.0,"key":"Singing Bowl"},{"floor":10,"key":"Bird Faced Urn"}],"event_choices":[{"damage_healed":0.0,"max_hp_gain":0.0,"max_hp_loss":0.0,"gold_gain":50.0,"event_name":"Golden Shrine","player_choice":"Pray","floor":4.0,"gold_loss":0.0,"damage_taken":0.0},{"damage_healed":0,"gold_gain":0,"player_choice":"Searched \u00271\u0027 times","damage_taken":0,"max_hp_gain":0,"max_hp_loss":0,"event_name":"Dead Adventurer","floor":11,"gold_loss":0}],"is_beta":false,"boss_relics":[],"items_purged_floors":[],"is_endless":false,"potions_floor_spawned":[2,3],"killed_by":"Lagavulin Event","ascension_level":20}