{"gold_per_floor":[117,132,148,167,132,132,161,161,161,161,173,184,184,213,213,287,287,307,324,342,46,96,96],"floor_reached":23,"playtime":2035,"items_purged":[],"score":456,"play_id":"0e68be26-e3be-4d68-ac60-ba283e22ae58","local_time":"20190107154809","is_ascension_mode":true,"campfire_choices":[{"data":"Choke","floor":6,"key":"SMITH"},{"data":"Neutralize","floor":10,"key":"SMITH"},{"data":"Dagger Spray","floor":15,"key":"SMITH"}],"neow_cost":"NONE","seed_source_timestamp":1087683502465426,"circlet_count":0,"master_deck":["AscendersBane","Defend_G","Defend_G","Defend_G","Defend_G","Defend_G","Strike_G","Strike_G","Strike_G","Strike_G","Strike_G","Survivor","Neutralize+1","Dagger Throw","Infinite Blades+1","Choke+1","Endless Agony","Backflip","Dagger Spray+1","Crippling Poison","Backstab","Bullet Time","Caltrops","Terror","Dodge and Roll"],"relics":["Ring of the Snake","PreservedInsect","Bag of Marbles","Bottled Flame","Fusion Hammer","Frozen Eye"],"potions_floor_usage":[7,7,12,14,16,23,23],"damage_taken":[{"damage":11,"enemies":"Jaw Worm","floor":1,"turns":7},{"damage":4,"enemies":"Small Slimes","floor":2,"turns":4},{"damage":0,"enemies":"2 Louse","floor":3,"turns":3},{"damage":19,"enemies":"Exordium Wildlife","floor":4,"turns":5},{"damage":0,"enemies":"Gremlin Nob","floor":7,"turns":3},{"damage":5,"enemies":"Blue Slaver","floor":11,"turns":3},{"damage":0,"enemies":"Gremlin Gang","floor":12,"turns":3},{"damage":7,"enemies":"Lagavulin","floor":14,"turns":3},{"damage":34,"enemies":"Slime Boss","floor":16,"turns":8},{"damage":11,"enemies":"Chosen","floor":18,"turns":5},{"damage":21,"enemies":"Shell Parasite","floor":19,"turns":3},{"damage":11,"enemies":"Chosen and Byrds","floor":20,"turns":4},{"damage":17,"enemies":"Book of Stabbing","floor":23,"turns":1}],"seed_played":"-8313567075086327597","potions_obtained":[{"floor":3,"key":"AttackPotion"},{"floor":4,"key":"PowerPotion"},{"floor":7,"key":"AttackPotion"},{"floor":12,"key":"Strength Potion"},{"floor":14,"key":"GamblersBrew"},{"floor":19,"key":"PowerPotion"}],"is_trial":false,"path_per_floor":["M","M","M","M","?","R","E","?","T","R","M","M","?","E","R","B",null,"M","M","M","$","?","E"],"character_chosen":"THE_SILENT","items_purchased":["Dexterity Potion","Dodge and Roll","Frozen Eye"],"campfire_rested":0,"item_purchase_floors":[21,21,21],"current_hp_per_floor":[54,50,50,31,49,49,49,49,49,49,44,44,49,42,42,8,60,49,28,17,17,17,0],"gold":96,"neow_bonus":"TEN_PERCENT_HP_BONUS","is_prod":false,"is_daily":false,"chose_seed":false,"campfire_upgraded":3,"win_rate":0,"timestamp":1546894089,"path_taken":["M","M","M","M","?","R","E","?","T","R","M","M","?","E","R","BOSS","M","M","M","$","?","E"],"build_version":"2019-01-03v4","purchased_purges":0,"victory":false,"max_hp_per_floor":[72,72,72,72,72,72,72,72,72,72,72,72,77,77,77,77,77,77,77,77,77,77,77],"card_choices":[{"not_picked":["Quick Slash","Masterful Stab"],"picked":"Dagger Throw","floor":1},{"not_picked":["Eviscerate","Slice"],"picked":"Infinite Blades","floor":2},{"not_picked":["Setup","Deadly Poison"],"picked":"Choke","floor":3},{"not_picked":["Blur","Deflect"],"picked":"Endless Agony","floor":4},{"not_picked":["Blade Dance","Noxious Fumes"],"picked":"Backflip","floor":7},{"not_picked":["Concentrate","Choke"],"picked":"Dagger Spray","floor":11},{"not_picked":["Acrobatics","Sucker Punch"],"picked":"Crippling Poison","floor":12},{"not_picked":["Flying Knee","Dagger Throw"],"picked":"Backstab","floor":14},{"not_picked":["Grand Finale","Burst"],"picked":"Bullet Time","floor":16},{"not_picked":["Poisoned Stab","Dagger Spray+1","Sucker Punch"],"picked":"SKIP","floor":18},{"not_picked":["Dagger Spray","Underhanded Strike"],"picked":"Caltrops","floor":19},{"not_picked":["Setup+1","Blade Dance"],"picked":"Terror","floor":20}],"player_experience":1170785,"relics_obtained":[{"floor":7,"key":"PreservedInsect"},{"floor":9,"key":"Bag of Marbles"},{"floor":14,"key":"Bottled Flame"}],"event_choices":[{"damage_healed":18,"gold_gain":0,"player_choice":"Healed","damage_taken":0,"max_hp_gain":0,"max_hp_loss":0,"event_name":"The Cleric","floor":5,"gold_loss":35},{"damage_healed":0,"gold_gain":0,"player_choice":"Grow","damage_taken":0,"max_hp_gain":0,"max_hp_loss":0,"event_name":"Living Wall","floor":8,"gold_loss":0,"cards_upgraded":["Infinite Blades"]},{"damage_healed":0,"gold_gain":0,"player_choice":"Donut","damage_taken":0,"max_hp_gain":5,"max_hp_loss":0,"event_name":"Big Fish","floor":13,"gold_loss":0},{"damage_healed":0,"gold_gain":50,"player_choice":"Stole From Cult","damage_taken":0,"max_hp_gain":0,"max_hp_loss":0,"event_name":"Nest","floor":22,"gold_loss":0}],"is_beta":false,"boss_relics":[{"not_picked":["WristBlade","Eternal Feather"],"picked":"Fusion Hammer"}],"items_purged_floors":[],"is_endless":false,"potions_floor_spawned":[3,4,7,12,14,19],"killed_by":"Book of Stabbing","ascension_level":20}