{"gold_per_floor":[116,129,145,52,52,52,52,80,80,98,98,116,136,153,153,255,255,271,371,341,359,377,377,388,399,447,447,447,447],"floor_reached":29,"playtime":3211,"items_purged":[],"score":432,"play_id":"ff8449db-bf45-4027-9582-994e44d9d46a","local_time":"20181110195756","is_ascension_mode":true,"campfire_choices":[{"data":"Whirlwind","floor":6,"key":"SMITH"},{"data":"Juggernaut","floor":11,"key":"SMITH"},{"data":"True Grit","floor":15,"key":"SMITH"},{"data":"Inflame","floor":23,"key":"SMITH"}],"neow_cost":"PERCENT_DAMAGE","seed_source_timestamp":194071755032507,"circlet_count":0,"master_deck":["AscendersBane","Strike_R","Strike_R","Strike_R","Defend_R","Defend_R","Defend_R","Defend_R","Bash","Whirlwind+1","Uppercut","Seeing Red","Flex+1","Juggernaut+1","Feel No Pain","Warcry","True Grit+1","Shockwave","Burning Pact","Offering","Infernal Blade+1","Heavy Blade+1","Inflame+1"],"relics":["Burning Blood","FossilizedHelix","Shovel","Philosopher\u0027s Stone","Unceasing Top","Sundial","Juzu Bracelet"],"potions_floor_usage":[3,8,16,19,24],"damage_taken":[{"damage":7,"enemies":"Small Slimes","floor":1,"turns":4},{"damage":6,"enemies":"Jaw Worm","floor":2,"turns":3},{"damage":1,"enemies":"Cultist","floor":3,"turns":3},{"damage":7,"enemies":"Lagavulin","floor":8,"turns":6},{"damage":9,"enemies":"3 Louse","floor":10,"turns":4},{"damage":3,"enemies":"Large Slime","floor":12,"turns":5},{"damage":0,"enemies":"Exordium Wildlife","floor":13,"turns":1},{"damage":1,"enemies":"Blue Slaver","floor":14,"turns":5},{"damage":0,"enemies":"Slime Boss","floor":16,"turns":9},{"damage":6,"enemies":"Chosen","floor":18,"turns":3},{"damage":16,"enemies":"Colosseum Slavers","floor":19,"turns":3},{"damage":34,"enemies":"Colosseum Nobs","floor":19,"turns":4},{"damage":0,"enemies":"3 Byrds","floor":21,"turns":3},{"damage":0,"enemies":"Snecko","floor":22,"turns":3},{"damage":16,"enemies":"Centurion and Healer","floor":24,"turns":3},{"damage":32,"enemies":"3 Cultists","floor":25,"turns":6},{"damage":43,"enemies":"Gremlin Leader","floor":29,"turns":4}],"seed_played":"6047610411580822116","potions_obtained":[{"floor":1,"key":"Swift Potion"},{"floor":2,"key":"SkillPotion"},{"floor":10,"key":"Strength Potion"},{"floor":14,"key":"Weak Potion"},{"floor":20,"key":"Ancient Potion"},{"floor":20,"key":"SkillPotion"}],"is_trial":false,"path_per_floor":["M","M","M","$","?","R","?","E","T","M","R","M","M","M","R","B",null,"M","?","?","M","M","R","M","M","T","?","?","E"],"character_chosen":"IRONCLAD","items_purchased":["Feel No Pain","Warcry"],"campfire_rested":0,"item_purchase_floors":[4,4],"current_hp_per_floor":[50,50,55,55,55,55,55,54,54,51,51,54,60,65,65,71,78,78,40,40,46,52,52,42,16,16,42,42,0],"gold":447,"neow_bonus":"TRANSFORM_TWO_CARDS","is_prod":false,"is_daily":false,"chose_seed":false,"campfire_upgraded":4,"win_rate":0,"timestamp":1541897876,"path_taken":["M","M","M","$","?","R","?","E","T","M","R","M","M","M","R","BOSS","M","?","?","M","?","R","M","M","T","?","?","E"],"build_version":"2018-11-08","purchased_purges":0,"victory":false,"max_hp_per_floor":[80,80,80,80,80,80,80,80,80,80,80,80,80,80,80,80,80,80,80,80,80,80,80,80,80,80,80,80,80],"card_choices":[{"not_picked":["Infernal Blade","Twin Strike"],"picked":"Seeing Red","floor":1},{"not_picked":["Headbutt","Anger"],"picked":"Flex","floor":2},{"not_picked":["Blood for Blood","Twin Strike"],"picked":"Juggernaut","floor":3},{"not_picked":["Rupture","Perfected Strike"],"picked":"True Grit","floor":8},{"not_picked":["Thunderclap","Perfected Strike","Cleave"],"picked":"SKIP","floor":10},{"not_picked":["Body Slam","Iron Wave","Clothesline"],"picked":"SKIP","floor":12},{"not_picked":["Juggernaut","True Grit"],"picked":"Shockwave","floor":13},{"not_picked":["Clash","Cleave"],"picked":"Burning Pact","floor":14},{"not_picked":["Bludgeon","Berserk"],"picked":"Offering","floor":16},{"not_picked":["Hemokinesis+1","Flex"],"picked":"Infernal Blade+1","floor":18},{"not_picked":["Headbutt","Ghostly Armor"],"picked":"Heavy Blade+1","floor":21},{"not_picked":["Shockwave","Sword Boomerang"],"picked":"Inflame","floor":22},{"not_picked":["Pommel Strike","Wild Strike","Cleave"],"picked":"SKIP","floor":24},{"not_picked":["Shrug It Off","Iron Wave","Clash"],"picked":"SKIP","floor":25}],"player_experience":664683,"relics_obtained":[{"floor":8,"key":"FossilizedHelix"},{"floor":9,"key":"Shovel"},{"floor":19,"key":"Unceasing Top"},{"floor":19,"key":"Sundial"},{"floor":26,"key":"Juzu Bracelet"}],"event_choices":[{"damage_healed":0,"gold_gain":0,"player_choice":"Grow","damage_taken":0,"max_hp_gain":0,"max_hp_loss":0,"event_name":"Living Wall","floor":5,"gold_loss":0,"cards_upgraded":["Flex"]},{"damage_healed":0,"gold_gain":0,"player_choice":"Ignored","damage_taken":0,"max_hp_gain":0,"max_hp_loss":0,"event_name":"Liars Game","floor":7,"gold_loss":0},{"damage_healed":0,"gold_gain":0,"player_choice":"Fight","damage_taken":0,"max_hp_gain":0,"max_hp_loss":0,"event_name":"Colosseum","floor":19,"gold_loss":0},{"damage_healed":0,"gold_gain":0,"player_choice":"Fought Nobs","damage_taken":0,"max_hp_gain":0,"max_hp_loss":0,"event_name":"Colosseum","floor":19,"gold_loss":0},{"damage_healed":0,"gold_gain":0,"player_choice":"Bought 2 Potions","damage_taken":0,"max_hp_gain":0,"max_hp_loss":0,"event_name":"The Woman in Blue","floor":20,"gold_loss":0},{"damage_healed":26,"gold_gain":0,"player_choice":"Heal","damage_taken":0,"max_hp_gain":0,"max_hp_loss":0,"event_name":"The Library","floor":27,"gold_loss":0},{"damage_healed":0,"gold_gain":0,"player_choice":"Ignored","damage_taken":0,"max_hp_gain":0,"max_hp_loss":0,"event_name":"Vampires","floor":28,"gold_loss":0}],"is_beta":false,"boss_relics":[{"not_picked":["Fusion Hammer","Pandora\u0027s Box"],"picked":"Philosopher\u0027s Stone"}],"items_purged_floors":[],"is_endless":false,"potions_floor_spawned":[1,2,10,14,19],"killed_by":"Gremlin Leader","ascension_level":11}