{"gold_per_floor":[110,122,122,135,150,150,180,180,204,55,68,68,103,123,123,196,196,96,96,96,96,96,96,96,96,96,96,96,96,96,96,96,96,96,96,96,96,96,0,0,0,0,0,0,0,0,0,0,0,0,0,0,0,0,0,0],"floor_reached":57,"playtime":5883,"items_purged":[],"score":3355,"play_id":"ba99c828-476b-4970-8c4d-fe32ec1cccdc","local_time":"20190518043336","is_ascension_mode":true,"campfire_choices":[{"data":"Neutralize","floor":6.0,"key":"SMITH"},{"data":"Footwork","floor":12.0,"key":"SMITH"},{"data":"Noxious Fumes","floor":15,"key":"SMITH"},{"data":"Adrenaline","floor":23,"key":"SMITH"},{"data":"Malaise","floor":25,"key":"SMITH"},{"floor":32,"key":"REST"},{"floor":40,"key":"REST"},{"data":"Burst","floor":42,"key":"SMITH"},{"floor":49,"key":"RECALL"},{"data":"Dash","floor":53,"key":"SMITH"}],"neow_cost":"NONE","seed_source_timestamp":2047627883087347,"circlet_count":0,"master_deck":["AscendersBane","Defend_G+1","Defend_G+1","Defend_G+1","Defend_G+1","Defend_G+1","Strike_G+1","Strike_G+1","Strike_G+1","Survivor","Neutralize+1","Underhanded Strike","Predator","Dash+1","Noxious Fumes+1","Deadly Poison","Adrenaline+1","Footwork+1","Leg Sweep","Prepared","Burst+1","Deflect+1","Malaise+1","Cloak And Dagger+1","PiercingWail","Adrenaline+1","Escape Plan+1","Adrenaline","Choke+1","Madness","Madness","Crippling Poison+1","Blade Dance+1","Noxious Fumes+1","Cloak And Dagger","Dodge and Roll+1","Jack Of All Trades","Footwork+1"],"special_seed":0,"relics":["Ring of the Snake","Happy Flower","Potion Belt","Bag of Marbles","Ectoplasm","Frozen Egg 2","Pocketwatch","Question Card","FossilizedHelix","Runic Pyramid","Peace Pipe","Red Mask","Thread and Needle","Ancient Tea Set","Du-Vu Doll","Ornamental Fan"],"potions_floor_usage":[13,13,13,14,16,19,24,27,33,37,41,47,56,56,56],"damage_taken":[{"damage":0.0,"enemies":"2 Louse","floor":1.0,"turns":4.0},{"damage":1.0,"enemies":"Small Slimes","floor":2.0,"turns":4.0},{"damage":0.0,"enemies":"Cultist","floor":4.0,"turns":3.0},{"damage":7.0,"enemies":"Blue Slaver","floor":5.0,"turns":4.0},{"damage":20.0,"enemies":"Lagavulin","floor":7.0,"turns":7.0},{"damage":0.0,"enemies":"Large Slime","floor":11.0,"turns":9.0},{"damage":0,"enemies":"Gremlin Nob","floor":13,"turns":3},{"damage":0,"enemies":"Red Slaver","floor":14,"turns":4},{"damage":0,"enemies":"The Guardian","floor":16,"turns":9},{"damage":1,"enemies":"2 Thieves","floor":18,"turns":4},{"damage":2,"enemies":"Spheric Guardian","floor":19,"turns":5},{"damage":0,"enemies":"Centurion and Healer","floor":22,"turns":7},{"damage":13,"enemies":"Slavers","floor":24,"turns":5},{"damage":11,"enemies":"Gremlin Leader","floor":27,"turns":7},{"damage":0,"enemies":"Chosen and Byrds","floor":29,"turns":5},{"damage":0,"enemies":"Cultist and Chosen","floor":31,"turns":6},{"damage":0,"enemies":"Champ","floor":33,"turns":18},{"damage":0,"enemies":"Orb Walker","floor":35,"turns":5},{"damage":13,"enemies":"2 Orb Walkers","floor":37,"turns":6},{"damage":0,"enemies":"3 Darklings","floor":38,"turns":4},{"damage":0,"enemies":"Reptomancer","floor":41,"turns":8},{"damage":0,"enemies":"Transient","floor":44,"turns":6},{"damage":0,"enemies":"Giant Head","floor":45,"turns":8},{"damage":0,"enemies":"Jaw Worm Horde","floor":46,"turns":5},{"damage":0,"enemies":"Reptomancer","floor":47,"turns":8},{"damage":0,"enemies":"Donu and Deca","floor":50,"turns":10},{"damage":5,"enemies":"Time Eater","floor":51,"turns":14},{"damage":18,"enemies":"Shield and Spear","floor":55,"turns":8},{"damage":41,"enemies":"The Heart","floor":56,"turns":13}],"seed_played":"-9193751090224593643","potions_obtained":[{"floor":13,"key":"SkillPotion"},{"floor":14,"key":"GhostInAJar"},{"floor":16,"key":"SkillPotion"},{"floor":19,"key":"Fruit Juice"},{"floor":27,"key":"SkillPotion"},{"floor":29,"key":"Fire Potion"},{"floor":35,"key":"SteroidPotion"},{"floor":41,"key":"SteroidPotion"},{"floor":45,"key":"Block Potion"},{"floor":55,"key":"Block Potion"}],"is_trial":false,"path_per_floor":["M","M","?","M","M","R","E","?","T","$","M","R","E","M","R","B",null,"M","M","T","?","M","R","E","R","T","E","$","M","?","M","R","B",null,"M","?","?","M","?","R","E","R","T","M","E","M","E","?","R","B","B",null,"R","$","E","B",null],"character_chosen":"THE_SILENT","items_purchased":["Footwork","EntropicBrew"],"campfire_rested":2,"item_purchase_floors":[10,10],"current_hp_per_floor":[59,58,58,58,51,51,31,31,31,31,31,31,31,31,31,31,57,56,59,59,59,59,59,46,46,46,35,35,35,35,35,56,56,67,67,54,41,41,41,62,62,62,62,62,62,62,62,62,62,62,57,68,68,68,50,9],"gold":0,"neow_bonus":"REMOVE_CARD","is_prod":false,"is_daily":false,"chose_seed":false,"campfire_upgraded":7,"win_rate":0,"timestamp":1558168416,"path_taken":["M","M","?","M","M","R","E","?","T","$","M","R","E","M","R","BOSS","M","M","?","?","M","R","E","R","T","E","?","M","?","?","R","BOSS","M","?","?","M","?","R","E","R","T","?","E","?","E","?","R","BOSS","BOSS","R","$","E","BOSS"],"build_version":"2019-01-23","purchased_purges":0,"victory":true,"max_hp_per_floor":[66,66,66,66,66,66,66,66,66,66,66,66,66,66,66,66,66,66,71,71,71,71,71,71,71,71,71,71,71,71,71,71,71,71,71,71,71,71,71,71,71,71,71,71,71,71,71,71,71,71,71,71,71,71,71,71],"card_choices":[{"not_picked":["Deadly Poison","Acrobatics"],"picked":"Underhanded Strike","floor":1.0},{"not_picked":["Flying Knee","PiercingWail"],"picked":"Predator","floor":2.0},{"not_picked":["Acrobatics","Prepared"],"picked":"Dash","floor":4.0},{"not_picked":["Leg Sweep","Backflip"],"picked":"Noxious Fumes","floor":5.0},{"not_picked":["Glass Knife","Dagger Spray"],"picked":"Deadly Poison","floor":7.0},{"not_picked":["Sucker Punch","Dash"],"picked":"Leg Sweep","floor":11.0},{"not_picked":["Terror","Slice"],"picked":"Prepared","floor":13},{"not_picked":["Outmaneuver","Accuracy","Prepared"],"picked":"SKIP","floor":14},{"not_picked":["Night Terror","Doppelganger"],"picked":"Burst","floor":16},{"not_picked":["Dagger Spray","Blade Dance","Underhanded Strike"],"picked":"SKIP","floor":18},{"not_picked":["Tactician","Noxious Fumes","Riddle With Holes"],"picked":"SKIP","floor":19},{"not_picked":["Acrobatics","Concentrate+1"],"picked":"Deflect+1","floor":22},{"not_picked":["Leg Sweep","Endless Agony"],"picked":"Malaise","floor":24},{"not_picked":["Blade Dance","Poisoned Stab","Well Laid Plans+1"],"picked":"Cloak And Dagger+1","floor":27},{"not_picked":["Flying Knee","Quick Slash","Slice"],"picked":"PiercingWail","floor":29},{"not_picked":["Dodge and Roll","Poisoned Stab","Prepared"],"picked":"Escape Plan+1","floor":31},{"not_picked":["Bullet Time","Phantasmal Killer","Grand Finale"],"picked":"Adrenaline","floor":33},{"not_picked":["Leg Sweep","Predator","Tactician"],"picked":"Choke+1","floor":35},{"not_picked":["Sucker Punch","Bane","Tactician+1"],"picked":"Crippling Poison+1","floor":37},{"not_picked":["PiercingWail+1","Sucker Punch+1","Deflect"],"picked":"Blade Dance+1","floor":38},{"not_picked":["Bouncing Flask+1","After Image+1","Prepared"],"picked":"Noxious Fumes+1","floor":41},{"not_picked":["Poisoned Stab","Dagger Throw","Quick Slash","Backflip"],"picked":"SKIP","floor":44},{"not_picked":["Backstab","Prepared+1","Flying Knee"],"picked":"Cloak And Dagger","floor":45},{"not_picked":["Riddle With Holes","Cloak And Dagger","A Thousand Cuts+1"],"picked":"Dodge and Roll+1","floor":46},{"not_picked":["Backstab","Acrobatics","Dagger Throw","Choke+1"],"picked":"SKIP","floor":47},{"not_picked":["Thinking Ahead","Swift Strike","Impatience"],"picked":"Jack Of All Trades","floor":48},{"not_picked":["Sucker Punch+1","Expertise+1","Escape Plan+1"],"picked":"Footwork+1","floor":55}],"player_experience":1506049,"relics_obtained":[{"floor":7.0,"key":"Happy Flower"},{"floor":9.0,"key":"Potion Belt"},{"floor":13,"key":"Bag of Marbles"},{"floor":20,"key":"Frozen Egg 2"},{"floor":24,"key":"Pocketwatch"},{"floor":26,"key":"Question Card"},{"floor":27,"key":"FossilizedHelix"},{"floor":37,"key":"Peace Pipe"},{"floor":41,"key":"Thread and Needle"},{"floor":45,"key":"Ancient Tea Set"},{"floor":47,"key":"Du-Vu Doll"},{"floor":55,"key":"Ornamental Fan"}],"event_choices":[{"damage_healed":0.0,"max_hp_gain":0.0,"max_hp_loss":0.0,"gold_gain":0.0,"event_name":"Liars Game","player_choice":"Ignored","floor":3.0,"gold_loss":0.0,"damage_taken":0.0},{"damage_healed":0.0,"max_hp_gain":0.0,"max_hp_loss":0.0,"gold_gain":0.0,"cards_transformed":["Strike_G"],"event_name":"Transmorgrifier","player_choice":"Transformed","floor":8.0,"gold_loss":0.0,"damage_taken":0.0,"cards_obtained":["Adrenaline"]},{"damage_healed":0,"gold_gain":0,"player_choice":"Simplicity","damage_taken":0,"max_hp_gain":0,"max_hp_loss":0,"event_name":"Back to Basics","floor":21,"gold_loss":0,"cards_upgraded":["Defend_G","Defend_G","Defend_G","Defend_G","Defend_G","Strike_G","Strike_G","Strike_G"]},{"damage_healed":0,"gold_gain":0,"player_choice":"Copied","damage_taken":0,"max_hp_gain":0,"max_hp_loss":0,"event_name":"Duplicator","floor":30,"gold_loss":0,"cards_obtained":["Adrenaline"]},{"damage_healed":0,"gold_gain":0,"player_choice":"Embrace Madness","damage_taken":13,"max_hp_gain":0,"max_hp_loss":0,"event_name":"Winding Halls","floor":36,"gold_loss":0,"cards_obtained":["Madness","Madness"]},{"damage_healed":0,"gold_gain":0,"player_choice":"Fight","damage_taken":0,"max_hp_gain":0,"max_hp_loss":0,"event_name":"Mysterious Sphere","floor":37,"gold_loss":0},{"damage_healed":0,"gold_gain":0,"player_choice":"Paid","damage_taken":0,"relics_obtained":["Red Mask"],"max_hp_gain":0,"max_hp_loss":0,"event_name":"Tomb of Lord Red Mask","floor":39,"gold_loss":96},{"damage_healed":0,"gold_gain":0,"player_choice":"Memory 1","damage_taken":0,"max_hp_gain":0,"max_hp_loss":0,"event_name":"SensoryStone","floor":48,"gold_loss":0}],"is_beta":false,"boss_relics":[{"not_picked":["Lizard Tail","Orrery"],"picked":"Ectoplasm"},{"not_picked":["Snecko Eye","Astrolabe"],"picked":"Runic Pyramid"}],"items_purged_floors":[],"is_endless":false,"potions_floor_spawned":[13,14,16,19,27,29,35,41,45,55],"ascension_level":20}