{"gold_per_floor":[109,34,34,45,55,55,67,99,99,99,114,114,14,26,26,130,130,143,154,154,154,170,45,75,75,75,75,36,67,78,89,89,89],"floor_reached":33,"playtime":1789,"items_purged":["Strike_R","Strike_R","Barricade"],"score":416,"play_id":"909366f4-582a-4c9e-acc4-e648ec267bf6","local_time":"20180908143803","is_ascension_mode":true,"campfire_choices":[{"data":"Whirlwind","floor":6,"key":"SMITH"},{"data":"Flame Barrier","floor":12,"key":"SMITH"},{"floor":15,"key":"REST"},{"data":"Feed","floor":25,"key":"SMITH"},{"floor":27,"key":"REST"},{"data":"Flex","floor":32,"key":"SMITH"}],"neow_cost":"NONE","seed_source_timestamp":1715594628481890,"circlet_count":0,"master_deck":["Strike_R","Defend_R","Defend_R","Defend_R","Defend_R","Bash+1","Ghostly Armor","Berserk+1","Whirlwind+1","Flex+1","Flame Barrier+1","Feed+1","Twin Strike+1","Battle Trance"],"relics":["Burning Blood","Bag of Preparation","Art of War","Sozu","NlothsMask","Letter Opener","Vajra"],"potions_floor_usage":[7,8,16],"damage_taken":[{"damage":1,"enemies":"Cultist","floor":1,"turns":4},{"damage":2,"enemies":"2 Louse","floor":4,"turns":3},{"damage":7,"enemies":"Small Slimes","floor":5,"turns":4},{"damage":15,"enemies":"Exordium Thugs","floor":7,"turns":6},{"damage":32,"enemies":"Gremlin Nob","floor":8,"turns":4},{"damage":4,"enemies":"Exordium Wildlife","floor":11,"turns":3},{"damage":3,"enemies":"Blue Slaver","floor":14,"turns":4},{"damage":13,"enemies":"Slime Boss","floor":16,"turns":8},{"damage":24,"enemies":"Shell Parasite","floor":18,"turns":6},{"damage":2,"enemies":"Chosen","floor":19,"turns":4},{"damage":25,"enemies":"Centurion and Healer","floor":22,"turns":4},{"damage":28,"enemies":"Gremlin Leader","floor":24,"turns":6},{"damage":17,"enemies":"Slavers","floor":29,"turns":4},{"damage":0,"enemies":"Snake Plant","floor":30,"turns":2},{"damage":0,"enemies":"3 Cultists","floor":31,"turns":2},{"damage":72,"enemies":"Champ","floor":33,"turns":6}],"seed_played":"6035136846095984097","potions_obtained":[{"floor":4,"key":"Fruit Juice"},{"floor":7,"key":"Swift Potion"},{"floor":8,"key":"GamblersBrew"}],"is_trial":false,"path_per_floor":["M","$","?","M","M","R","M","E","T","?","M","R","$","M","R","B",null,"M","M","?","?","M","$","E","R","T","R","$","E","M","M","R"],"character_chosen":"IRONCLAD","items_purchased":["Battle Trance"],"campfire_rested":2,"item_purchase_floors":[28],"current_hp_per_floor":[77,77,77,80,79,79,75,49,49,49,51,51,51,54,79,72,82,64,68,68,68,52,52,30,30,30,56,56,49,55,61,61,0],"gold":89,"neow_bonus":"UPGRADE_CARD","is_prod":false,"is_daily":false,"chose_seed":false,"campfire_upgraded":4,"win_rate":0,"timestamp":1536431883,"path_taken":["M","?","?","M","M","R","M","E","T","?","M","R","$","M","R","BOSS","M","M","?","?","M","$","E","R","T","R","?","E","?","M","R","BOSS"],"build_version":"2018-09-06","purchased_purges":3,"victory":false,"max_hp_per_floor":[80,80,80,80,80,80,85,85,85,85,85,85,85,85,85,85,85,85,85,85,85,88,88,88,88,88,88,88,92,92,92,92,92],"card_choices":[{"not_picked":["Iron Wave","Entrench"],"picked":"Ghostly Armor","floor":1},{"not_picked":["Cleave","Havoc","Clash"],"picked":"SKIP","floor":4},{"not_picked":["Uppercut","Havoc"],"picked":"Whirlwind","floor":5},{"not_picked":["Armaments","Twin Strike"],"picked":"Flex","floor":7},{"not_picked":["Sword Boomerang","Body Slam","Dark Embrace"],"picked":"SKIP","floor":8},{"not_picked":["Clothesline","Perfected Strike"],"picked":"Flame Barrier","floor":11},{"not_picked":["Heavy Blade","Clothesline","Pommel Strike"],"picked":"SKIP","floor":14},{"not_picked":["Immolate","Demon Form"],"picked":"Feed","floor":16},{"not_picked":["Anger","Flame Barrier","Pommel Strike"],"picked":"SKIP","floor":18},{"not_picked":["Havoc","Heavy Blade"],"picked":"Twin Strike+1","floor":19},{"not_picked":["Heavy Blade","Havoc","Iron Wave"],"picked":"SKIP","floor":22},{"not_picked":["Pommel Strike","Burning Pact+1","Ghostly Armor"],"picked":"SKIP","floor":24},{"not_picked":["Rampage","Clothesline","Perfected Strike"],"picked":"SKIP","floor":29},{"not_picked":["Exhume","Combust","Heavy Blade"],"picked":"SKIP","floor":30},{"not_picked":["Wild Strike","Entrench","Power Through+1"],"picked":"SKIP","floor":31}],"player_experience":523433,"relics_obtained":[{"floor":8,"key":"Bag of Preparation"},{"floor":9,"key":"Art of War"},{"floor":24,"key":"Letter Opener"},{"floor":29,"key":"Vajra"}],"event_choices":[{"event_name":"Transmorgrifier","player_choice":"Transform","floor":3,"damage_taken":0},{"event_name":"Accursed Blacksmith","player_choice":"Forge","floor":10,"damage_taken":0},{"event_name":"Transmorgrifier","player_choice":"Transform","floor":20,"damage_taken":0},{"event_name":"FaceTrader","player_choice":"Trade","floor":21,"damage_taken":0}],"is_beta":false,"boss_relics":[{"not_picked":["Philosopher\u0027s Stone","Orrery"],"picked":"Sozu"}],"items_purged_floors":[2,13,23],"is_endless":false,"potions_floor_spawned":[4,7,8,22,29],"killed_by":"Champ","ascension_level":9}