{"gold_per_floor":[128,160,183,205,235,280,309,321],"floor_reached":8,"playtime":444,"items_purged":[],"score":96,"play_id":"0a5aac44-dbbb-4a49-be97-498d178c1b31","local_time":"20181201221514","is_ascension_mode":true,"campfire_choices":[],"neow_cost":"NONE","seed_source_timestamp":84660186248220,"circlet_count":0,"master_deck":["AscendersBane","Defend_G","Defend_G","Defend_G","Defend_G","Defend_G","Strike_G","Strike_G","Strike_G","Strike_G","Strike_G","Survivor","Neutralize","Predator","Dagger Throw","Dagger Spray","Backstab","Underhanded Strike","Footwork"],"relics":["Ring of the Snake","MawBank","Art of War"],"potions_floor_usage":[6],"damage_taken":[{"damage":0,"enemies":"Cultist","floor":1,"turns":5},{"damage":3,"enemies":"2 Louse","floor":2,"turns":5},{"damage":4,"enemies":"Jaw Worm","floor":3,"turns":4},{"damage":2,"enemies":"3 Louse","floor":4,"turns":4},{"damage":10,"enemies":"Red Slaver","floor":5,"turns":3},{"damage":31,"enemies":"Lagavulin","floor":6,"turns":6},{"damage":7,"enemies":"Gremlin Gang","floor":7,"turns":2},{"damage":7,"enemies":"Exordium Wildlife","floor":8,"turns":3}],"seed_played":"6553447835721983624","potions_obtained":[{"floor":1,"key":"Block Potion"},{"floor":2,"key":"SpeedPotion"}],"is_trial":false,"path_per_floor":["M","M","M","M","M","E","M","M"],"character_chosen":"THE_SILENT","items_purchased":[],"campfire_rested":0,"item_purchase_floors":[],"current_hp_per_floor":[63,60,56,54,44,13,6,0],"gold":321,"neow_bonus":"RANDOM_COMMON_RELIC","is_prod":false,"is_daily":false,"chose_seed":false,"campfire_upgraded":0,"win_rate":0,"timestamp":1543720514,"path_taken":["M","M","M","?","M","E","?","M"],"build_version":"2018-11-15","purchased_purges":0,"victory":false,"max_hp_per_floor":[70,70,70,70,70,70,70,70],"card_choices":[{"not_picked":["Cloak And Dagger","Distraction"],"picked":"Predator","floor":1},{"not_picked":["Bane","Cloak And Dagger"],"picked":"Dagger Throw","floor":2},{"not_picked":["Escape Plan","Dagger Throw"],"picked":"Dagger Spray","floor":3},{"not_picked":["Dodge and Roll","Catalyst"],"picked":"Backstab","floor":4},{"not_picked":["Heel Hook","Flying Knee"],"picked":"Underhanded Strike","floor":5},{"not_picked":["Eviscerate","Quick Slash"],"picked":"Footwork","floor":6},{"not_picked":["Dagger Spray","Flying Knee","Bane"],"picked":"SKIP","floor":7}],"player_experience":744763,"relics_obtained":[{"floor":6,"key":"Art of War"}],"event_choices":[],"is_beta":false,"boss_relics":[],"items_purged_floors":[],"is_endless":false,"potions_floor_spawned":[1,2],"killed_by":"Exordium Wildlife","ascension_level":11}