{"gold_per_floor":[116,132,407,419,434,466,446,446,522,556,526],"floor_reached":11,"playtime":257,"items_purged":[],"score":149,"play_id":"d8fa2352-38e5-46ce-bfc4-d6c57cb3ceec","local_time":"20190808010910","is_ascension_mode":true,"campfire_choices":[{"floor":8,"key":"REST"}],"neow_cost":"NONE","seed_source_timestamp":74657560587636,"circlet_count":0,"master_deck":["AscendersBane","Strike_B","Strike_B","Strike_B","Strike_B","Defend_B","Defend_B","Defend_B","Defend_B","Zap","Dualcast","Doom and Gloom","Defragment","Regret","Streamline","BootSequence","Lockon"],"relics":["Cracked Core","Turnip","Letter Opener","Orichalcum"],"potions_floor_usage":[4,6,10],"damage_taken":[{"damage":9,"enemies":"Jaw Worm","floor":1,"turns":3},{"damage":1,"enemies":"Cultist","floor":2,"turns":3},{"damage":0,"enemies":"Small Slimes","floor":4,"turns":2},{"damage":13,"enemies":"Red Slaver","floor":5,"turns":3},{"damage":22,"enemies":"3 Sentries","floor":6,"turns":5},{"damage":31,"enemies":"Gremlin Nob","floor":10,"turns":4},{"damage":9,"enemies":"Looter","floor":11,"turns":2}],"seed_played":"-2344326612822131985","potions_obtained":[{"floor":0,"key":"EntropicBrew"},{"floor":0,"key":"Explosive Potion"},{"floor":5,"key":"GamblersBrew"},{"floor":7,"key":"FearPotion"},{"floor":10,"key":"SpeedPotion"}],"is_trial":false,"path_per_floor":["M","M","?","M","M","E","?","R","T","E","M"],"character_chosen":"DEFECT","items_purchased":[],"campfire_rested":1,"item_purchase_floors":[],"current_hp_per_floor":[55,54,54,54,41,19,19,40,40,9,0],"gold":526,"neow_bonus":"THREE_SMALL_POTIONS","is_prod":false,"is_daily":false,"chose_seed":false,"campfire_upgraded":0,"win_rate":0,"timestamp":1565190550,"path_taken":["M","M","?","M","?","E","?","R","T","E","?"],"build_version":"2019-07-17","purchased_purges":0,"victory":false,"max_hp_per_floor":[71,71,71,71,71,71,71,71,71,71,71],"card_choices":[{"not_picked":["Loop","Scrape"],"picked":"Doom and Gloom","floor":1},{"not_picked":["Coolheaded","Reprogram"],"picked":"Defragment","floor":2},{"not_picked":["Hologram","Compile Driver"],"picked":"Streamline","floor":4},{"not_picked":["Fusion","Doom and Gloom"],"picked":"BootSequence","floor":5},{"not_picked":["Gash","Compile Driver"],"picked":"Lockon","floor":6},{"not_picked":["Blizzard","Steam","Scrape"],"picked":"SKIP","floor":10}],"player_experience":1163228,"relics_obtained":[{"floor":6,"key":"Turnip"},{"floor":9,"key":"Letter Opener"},{"floor":10,"key":"Orichalcum"}],"event_choices":[{"damage_healed":0,"gold_gain":275,"player_choice":"Desecrate","damage_taken":0,"max_hp_gain":0,"max_hp_loss":0,"event_name":"Golden Shrine","floor":3,"gold_loss":0,"cards_obtained":["Regret"]},{"damage_healed":0,"gold_gain":0,"player_choice":"Bought 1 Potion","damage_taken":0,"max_hp_gain":0,"max_hp_loss":0,"event_name":"The Woman in Blue","floor":7,"gold_loss":0}],"is_beta":false,"boss_relics":[],"items_purged_floors":[],"is_endless":false,"potions_floor_spawned":[5,10],"killed_by":"Looter","ascension_level":16}