{"gold_per_floor":[115,115,127,277,28,28,61,76,99,113,130,32,32,48,48,124,124,135,0,10,10,10],"floor_reached":22,"playtime":570,"items_purged":[],"score":401,"play_id":"41203bfd-824c-404f-be3d-4e3717fa60f4","local_time":"20190906054646","is_ascension_mode":true,"campfire_choices":[{"data":"Zap","floor":6.0,"key":"SMITH"},{"floor":15.0,"key":"REST"}],"neow_cost":"NONE","seed_source_timestamp":63391734023876,"circlet_count":0,"master_deck":["AscendersBane","Strike_B","Strike_B","Strike_B","Strike_B","Defend_B+1","Defend_B","Defend_B","Defend_B","Zap+1","Dualcast+1","Capacitor+1","Hologram+1","Leap","Sweeping Beam","Conserve Battery","Recycle","Coolheaded","Doom and Gloom","Ball Lightning","Electrodynamics","Echo Form","FTL","Streamline"],"special_seed":0,"relics":["FrozenCore","NeowsBlessing","Lee\u0027s Waffle","War Paint","Art of War"],"potions_floor_usage":[22],"damage_taken":[{"damage":0.0,"enemies":"Small Slimes","floor":1.0,"turns":1.0},{"damage":0.0,"enemies":"2 Louse","floor":3.0,"turns":1.0},{"damage":0.0,"enemies":"Lagavulin","floor":7.0,"turns":1.0},{"damage":7.0,"enemies":"Jaw Worm","floor":8.0,"turns":3.0},{"damage":9.0,"enemies":"Blue Slaver","floor":10.0,"turns":5.0},{"damage":1.0,"enemies":"2 Fungi Beasts","floor":11.0,"turns":3.0},{"damage":23.0,"enemies":"Exordium Thugs","floor":14.0,"turns":4.0},{"damage":40.0,"enemies":"The Guardian","floor":16.0,"turns":11.0},{"damage":16.0,"enemies":"3 Byrds","floor":18.0,"turns":4.0},{"damage":29,"enemies":"Spheric Guardian","floor":20,"turns":6},{"damage":27,"enemies":"3 Cultists","floor":22,"turns":3}],"seed_played":"3052079314887132059","potions_obtained":[{"floor":1.0,"key":"Poison Potion"},{"floor":8.0,"key":"SteroidPotion"},{"floor":14.0,"key":"AttackPotion"},{"floor":16.0,"key":"Poison Potion"},{"floor":18.0,"key":"Energy Potion"}],"is_trial":false,"path_per_floor":["M","?","M","?","$","R","E","M","T","M","M","$","$","M","R","B",null,"M","?","M","?","M"],"character_chosen":"DEFECT","items_purchased":["Lee\u0027s Waffle","Leap","Doom and Gloom","Ball Lightning"],"campfire_rested":1,"item_purchase_floors":[5,5,12,12],"current_hp_per_floor":[64,43,43,43,78,78,78,71,71,62,61,61,61,38,61,21,64,48,48,19,19,0],"gold":10,"neow_bonus":"THREE_ENEMY_KILL","is_prod":false,"is_daily":false,"chose_seed":false,"campfire_upgraded":1,"win_rate":0,"timestamp":1567712806,"path_taken":["M","?","M","?","$","R","E","M","T","M","M","?","$","M","R","BOSS","M","?","M","?","?"],"build_version":"2019-07-17","purchased_purges":0,"victory":false,"max_hp_per_floor":[71,71,71,71,78,78,78,78,78,78,78,78,78,78,78,78,78,78,78,78,78,78],"card_choices":[{"not_picked":["Heatsinks","Fusion"],"picked":"Capacitor","floor":1.0},{"not_picked":["Beam Cell","Reprogram"],"picked":"Hologram","floor":3.0},{"not_picked":["Hologram","BootSequence"],"picked":"Sweeping Beam","floor":7.0},{"not_picked":["Steam","Scrape"],"picked":"Conserve Battery","floor":8.0},{"not_picked":["Tempest","Sweeping Beam"],"picked":"Recycle","floor":10.0},{"not_picked":["Rebound","Double Energy"],"picked":"Coolheaded","floor":11.0},{"not_picked":["Consume","Turbo"],"picked":"Electrodynamics","floor":14.0},{"not_picked":["All For One","Electrodynamics"],"picked":"Echo Form","floor":16.0},{"not_picked":["Beam Cell","Sweeping Beam"],"picked":"FTL","floor":18.0},{"not_picked":["Conserve Battery","Sweeping Beam+1"],"picked":"Streamline","floor":20}],"player_experience":1253210,"relics_obtained":[{"floor":7.0,"key":"War Paint"},{"floor":9.0,"key":"Art of War"}],"event_choices":[{"damage_healed":0.0,"max_hp_gain":0.0,"max_hp_loss":0.0,"gold_gain":0.0,"event_name":"Shining Light","player_choice":"Entered Light","floor":2.0,"gold_loss":0.0,"damage_taken":21.0,"cards_upgraded":["Capacitor","Dualcast"]},{"damage_healed":0.0,"max_hp_gain":0.0,"max_hp_loss":0.0,"gold_gain":150.0,"event_name":"Liars Game","player_choice":"AGREE","floor":4.0,"gold_loss":0.0,"damage_taken":0.0,"cards_obtained":["Doubt"]},{"damage_healed":0,"gold_gain":0,"player_choice":"Paid Fearfully","damage_taken":0,"max_hp_gain":0,"max_hp_loss":0,"event_name":"Masked Bandits","floor":19,"gold_loss":135},{"cards_removed":["Doubt"],"damage_healed":0,"gold_gain":0,"player_choice":"Removed Curses","damage_taken":0,"max_hp_gain":0,"max_hp_loss":0,"event_name":"Fountain of Cleansing","floor":21,"gold_loss":0}],"is_beta":false,"boss_relics":[{"not_picked":["Fusion Hammer","Black Star"],"picked":"FrozenCore"}],"items_purged_floors":[],"is_endless":false,"potions_floor_spawned":[1,8,14,16,18],"killed_by":"3 Cultists","ascension_level":18}