{"gold_per_floor":[113,125,145,145,155,155,172,172,196,196,196,215,215,231,231,306,306,316,327,340,340,4,35,35,64,64,64,92,92,106,31,31,31],"floor_reached":33,"playtime":1628,"items_purged":["Strike_G"],"score":535,"play_id":"c2415ddc-e9a1-4ce6-9b39-10117cca73bb","local_time":"20190807063301","is_ascension_mode":true,"campfire_choices":[{"data":"Quick Slash","floor":6,"key":"SMITH"},{"floor":8,"key":"REST"},{"data":"Deflect","floor":11,"key":"SMITH"},{"data":"Adrenaline","floor":15,"key":"SMITH"},{"floor":24,"key":"REST"},{"data":"Noxious Fumes","floor":27,"key":"SMITH"},{"floor":32,"key":"REST"}],"neow_cost":"NONE","seed_source_timestamp":6315894487662,"circlet_count":0,"master_deck":["AscendersBane","Strike_G","Strike_G","Defend_G","Defend_G","Defend_G","Defend_G","Defend_G","Survivor","Neutralize+1","Quick Slash+1","Leg Sweep","Tools of the Trade","Underhanded Strike","Deflect+1","Flying Knee","Caltrops","Adrenaline+1","PiercingWail","Bullet Time","Noxious Fumes+1","Dagger Spray","Blur","Outmaneuver+1","Deadly Poison","Calculated Gamble"],"relics":["Ring of the Snake","Lantern","Runic Pyramid","Oddly Smooth Stone","PreservedInsect","Blood Vial","Pen Nib","Bag of Marbles","Molten Egg 2"],"potions_floor_usage":[5,16,16,25,30,33],"damage_taken":[{"damage":6,"enemies":"Jaw Worm","floor":1,"turns":5},{"damage":8,"enemies":"Cultist","floor":2,"turns":4},{"damage":0,"enemies":"Small Slimes","floor":3,"turns":4},{"damage":3,"enemies":"Looter","floor":5,"turns":4},{"damage":6,"enemies":"3 Louse","floor":7,"turns":7},{"damage":9,"enemies":"Exordium Wildlife","floor":12,"turns":8},{"damage":4,"enemies":"Large Slime","floor":14,"turns":4},{"damage":16,"enemies":"Hexaghost","floor":16,"turns":11},{"damage":6,"enemies":"Shell Parasite","floor":18,"turns":7},{"damage":6,"enemies":"Chosen","floor":19,"turns":6},{"damage":1,"enemies":"Snecko","floor":20,"turns":7},{"damage":9,"enemies":"Gremlin Leader","floor":23,"turns":9},{"damage":9,"enemies":"Slavers","floor":25,"turns":5},{"damage":12,"enemies":"Book of Stabbing","floor":28,"turns":5},{"damage":24,"enemies":"Sentry and Sphere","floor":30,"turns":6},{"damage":39,"enemies":"Champ","floor":33,"turns":13}],"seed_played":"7682399038199460781","potions_obtained":[{"floor":2,"key":"AttackPotion"},{"floor":5,"key":"LiquidBronze"},{"floor":12,"key":"Weak Potion"},{"floor":16,"key":"AttackPotion"},{"floor":19,"key":"Energy Potion"},{"floor":25,"key":"Explosive Potion"}],"is_trial":false,"path_per_floor":["M","M","M","?","M","R","M","R","T","?","R","M","?","M","R","B",null,"M","M","M","?","$","E","R","E","T","R","E","?","M","$","R","B"],"character_chosen":"THE_SILENT","items_purchased":["Oddly Smooth Stone","PreservedInsect"],"campfire_rested":3,"item_purchase_floors":[22,22],"current_hp_per_floor":[59,51,51,51,48,48,42,63,63,63,63,54,54,50,50,34,63,57,51,50,50,50,41,62,55,55,55,45,25,3,3,26,0],"gold":31,"neow_bonus":"TEN_PERCENT_HP_BONUS","is_prod":false,"is_daily":false,"chose_seed":false,"campfire_upgraded":4,"win_rate":0,"timestamp":1565123581,"path_taken":["M","M","M","?","?","R","M","R","T","?","R","M","?","M","R","BOSS","M","?","M","?","$","E","R","E","T","R","E","?","M","?","R","BOSS"],"build_version":"2019-07-17","purchased_purges":1,"victory":false,"max_hp_per_floor":[72,72,72,72,72,72,72,72,72,72,72,72,72,72,72,72,72,72,72,72,72,72,72,72,72,72,72,72,77,77,77,77,77],"card_choices":[{"not_picked":["Dodge and Roll","Prepared"],"picked":"Quick Slash","floor":1},{"not_picked":["Accuracy","Concentrate"],"picked":"Leg Sweep","floor":2},{"not_picked":["Acrobatics","Flying Knee"],"picked":"Tools of the Trade","floor":3},{"not_picked":["Escape Plan","Acrobatics"],"picked":"Underhanded Strike","floor":5},{"not_picked":["Quick Slash","Acrobatics"],"picked":"Deflect","floor":7},{"not_picked":["Leg Sweep","Blade Dance"],"picked":"Caltrops","floor":12},{"not_picked":["Blade Dance","Dagger Throw"],"picked":"PiercingWail","floor":14},{"not_picked":["Tools of the Trade","Envenom"],"picked":"Bullet Time","floor":16},{"not_picked":["Poisoned Stab","Bane"],"picked":"Noxious Fumes","floor":18},{"not_picked":["Deflect","Caltrops","Blade Dance"],"picked":"SKIP","floor":19},{"not_picked":["Riddle With Holes","Slice"],"picked":"Dagger Spray","floor":20},{"not_picked":["Flechettes","Accuracy"],"picked":"Outmaneuver+1","floor":23},{"not_picked":["Calculated Gamble","Setup"],"picked":"Deadly Poison","floor":25},{"not_picked":["Prepared","Deadly Poison","Slice"],"picked":"SKIP","floor":28},{"not_picked":["Terror","Prepared"],"picked":"Calculated Gamble","floor":30}],"player_experience":1152572,"relics_obtained":[{"floor":9,"key":"Lantern"},{"floor":23,"key":"Blood Vial"},{"floor":25,"key":"Pen Nib"},{"floor":26,"key":"Bag of Marbles"},{"floor":28,"key":"Molten Egg 2"}],"event_choices":[{"damage_healed":0,"gold_gain":0,"player_choice":"Upgraded","damage_taken":0,"max_hp_gain":0,"max_hp_loss":0,"event_name":"Upgrade Shrine","floor":4,"gold_loss":0,"cards_upgraded":["Neutralize"]},{"damage_healed":0,"gold_gain":0,"cards_transformed":["Strike_G"],"player_choice":"Change","damage_taken":0,"max_hp_gain":0,"max_hp_loss":0,"event_name":"Living Wall","floor":10,"gold_loss":0,"cards_obtained":["Flying Knee"]},{"damage_healed":0,"gold_gain":0,"cards_transformed":["Strike_G"],"player_choice":"Transformed","damage_taken":0,"max_hp_gain":0,"max_hp_loss":0,"event_name":"Transmorgrifier","floor":13,"gold_loss":0,"cards_obtained":["Adrenaline"]},{"damage_healed":0,"gold_gain":0,"player_choice":"Read","damage_taken":0,"max_hp_gain":0,"max_hp_loss":0,"event_name":"The Library","floor":21,"gold_loss":0,"cards_obtained":["Blur"]},{"damage_healed":0,"gold_gain":0,"player_choice":"Shed Blood","damage_taken":25,"max_hp_gain":5,"max_hp_loss":0,"event_name":"Forgotten Altar","floor":29,"gold_loss":0}],"is_beta":false,"boss_relics":[{"not_picked":["WristBlade","Sozu"],"picked":"Runic Pyramid"}],"items_purged_floors":[31],"is_endless":false,"potions_floor_spawned":[2,5,12,16,19,23,25],"killed_by":"Champ","ascension_level":16}