{"gold_per_floor":[216,118,135,150,150,150,181,181,181,191,191,221,231,241,241,346,346,365,380,414,414,20,20,51,51,51,85,101,117,117,135,135,234,234,248,260,306,317,317],"floor_reached":39,"playtime":2653,"items_purged":["Strike_G"],"score":650,"play_id":"9205ca94-e82a-4d16-91fc-e26200b99a69","local_time":"20181026230207","is_ascension_mode":true,"campfire_choices":[{"data":"Backflip","floor":6,"key":"SMITH"},{"data":"Neutralize","floor":8,"key":"SMITH"},{"data":"PiercingWail","floor":11,"key":"SMITH"},{"floor":15,"key":"REST"},{"floor":23,"key":"REST"},{"data":"Infinite Blades","floor":25,"key":"SMITH"},{"data":"Footwork","floor":30,"key":"SMITH"},{"floor":32,"key":"REST"}],"neow_cost":"NONE","seed_source_timestamp":27791298187801,"circlet_count":0,"master_deck":["Defend_G","Defend_G","Defend_G","Defend_G","Strike_G","Strike_G","Survivor","Neutralize+1","Heel Hook","Backflip+1","Deflect","Dagger Throw","PiercingWail+1","Masterful Stab","Sucker Punch+1","Prepared","PiercingWail","Adrenaline","Footwork+1","Doppelganger","Infinite Blades+1","Backstab+1","Grand Finale+1","Distraction+1","Finisher+1","Slice+1","Blade Dance","Malaise","Riddle With Holes+1"],"relics":["Ring of the Snake","Ninja Scroll","Sundial","Orichalcum","Molten Egg 2","WristBlade","Red Mask","Shuriken","Bottled Lightning","Bottled Tornado","The Courier","Empty Cage","Ice Cream"],"potions_floor_usage":[7,12,16,24,33,33,37,37],"damage_taken":[{"damage":0,"enemies":"Small Slimes","floor":1,"turns":3},{"damage":0,"enemies":"2 Louse","floor":3,"turns":3},{"damage":0,"enemies":"Jaw Worm","floor":4,"turns":6},{"damage":7,"enemies":"Gremlin Nob","floor":7,"turns":4},{"damage":0,"enemies":"Looter","floor":10,"turns":3},{"damage":9,"enemies":"Lagavulin Event","floor":12,"turns":6},{"damage":0,"enemies":"3 Louse","floor":13,"turns":3},{"damage":6,"enemies":"Exordium Thugs","floor":14,"turns":5},{"damage":16,"enemies":"The Guardian","floor":16,"turns":15},{"damage":0,"enemies":"Spheric Guardian","floor":18,"turns":3},{"damage":0,"enemies":"3 Byrds","floor":19,"turns":7},{"damage":37,"enemies":"Masked Bandits","floor":20,"turns":8},{"damage":7,"enemies":"Gremlin Leader","floor":24,"turns":6},{"damage":0,"enemies":"Book of Stabbing","floor":27,"turns":3},{"damage":1,"enemies":"Shelled Parasite and Fungi","floor":28,"turns":4},{"damage":0,"enemies":"Centurion and Healer","floor":29,"turns":2},{"damage":10,"enemies":"Snake Plant","floor":31,"turns":2},{"damage":35,"enemies":"Collector","floor":33,"turns":6},{"damage":2,"enemies":"3 Shapes","floor":35,"turns":4},{"damage":1,"enemies":"Orb Walker","floor":36,"turns":2},{"damage":8,"enemies":"2 Orb Walkers","floor":37,"turns":5},{"damage":6,"enemies":"4 Shapes","floor":38,"turns":10},{"damage":46,"enemies":"Writhing Mass","floor":39,"turns":4}],"seed_played":"-6618903389269985129","potions_obtained":[{"floor":1,"key":"Fire Potion"},{"floor":10,"key":"EssenceOfSteel"},{"floor":13,"key":"Swift Potion"},{"floor":16,"key":"GhostInAJar"},{"floor":20,"key":"Ancient Potion"},{"floor":28,"key":"Ancient Potion"},{"floor":31,"key":"Block Potion"},{"floor":33,"key":"FearPotion"},{"floor":35,"key":"Fire Potion"}],"is_trial":false,"path_per_floor":["M","$","M","M","?","R","E","R","T","M","R","?","M","M","R","B",null,"M","M","?","?","$","R","E","R","T","E","M","M","R","M","R","B",null,"M","M","?","M"],"character_chosen":"THE_SILENT","items_purchased":["Backflip","Shuriken","Infinite Blades","Backstab+1"],"campfire_rested":3,"item_purchase_floors":[2,22,22,22],"current_hp_per_floor":[63,63,63,63,56,56,49,49,49,49,49,40,40,34,55,39,62,62,62,25,25,25,46,39,39,39,39,38,38,38,28,49,14,56,54,53,45,39,0],"gold":317,"neow_bonus":"HUNDRED_GOLD","is_prod":false,"is_daily":false,"chose_seed":false,"campfire_upgraded":5,"win_rate":0,"timestamp":1540609327,"path_taken":["M","$","M","M","?","R","E","R","T","M","R","?","M","M","R","BOSS","M","M","?","?","?","R","E","R","T","E","?","M","R","M","R","BOSS","M","M","?","?","M"],"build_version":"2018-10-25v2","purchased_purges":1,"victory":false,"max_hp_per_floor":[70,70,70,70,70,70,70,70,70,70,70,70,70,70,70,70,70,70,70,70,70,70,70,70,70,70,70,70,70,70,70,70,70,70,70,70,70,70,70],"card_choices":[{"not_picked":["Noxious Fumes","Flying Knee"],"picked":"Heel Hook","floor":1},{"not_picked":["Deadly Poison","Outmaneuver"],"picked":"Deflect","floor":3},{"not_picked":["Bane","Poisoned Stab"],"picked":"Dagger Throw","floor":4},{"not_picked":["Endless Agony","Deadly Poison"],"picked":"PiercingWail","floor":7},{"not_picked":["Dash","Endless Agony"],"picked":"Masterful Stab","floor":10},{"not_picked":["Dagger Throw+1","Quick Slash+1"],"picked":"Sucker Punch+1","floor":12},{"not_picked":["Sucker Punch+1","Distraction"],"picked":"Prepared","floor":13},{"not_picked":["Blade Dance","Backflip"],"picked":"PiercingWail","floor":14},{"not_picked":["Envenom","Tools of the Trade"],"picked":"Adrenaline","floor":16},{"not_picked":["Acrobatics","Prepared","PiercingWail"],"picked":"SKIP","floor":18},{"not_picked":["Deflect","Outmaneuver"],"picked":"Footwork","floor":19},{"not_picked":["Catalyst+1","Sucker Punch+1"],"picked":"Grand Finale+1","floor":24},{"not_picked":["Dagger Spray+1","Bane+1"],"picked":"Distraction+1","floor":27},{"not_picked":["Blade Dance","Bane+1"],"picked":"Finisher+1","floor":28},{"not_picked":["Acrobatics","Catalyst+1"],"picked":"Slice+1","floor":29},{"not_picked":["Distraction+1","Heel Hook+1"],"picked":"Blade Dance","floor":31},{"not_picked":["Corpse Explosion","Bullet Time"],"picked":"Malaise","floor":33},{"not_picked":["Dodge and Roll","Calculated Gamble+1"],"picked":"Riddle With Holes+1","floor":35},{"not_picked":["Catalyst+1","Quick Slash+1","Prepared"],"picked":"SKIP","floor":36},{"not_picked":["Footwork+1","Caltrops+1","Blade Dance+1"],"picked":"SKIP","floor":38}],"player_experience":554433,"relics_obtained":[{"floor":7,"key":"Sundial"},{"floor":9,"key":"Orichalcum"},{"floor":20,"key":"Red Mask"},{"floor":24,"key":"Bottled Lightning"},{"floor":26,"key":"Bottled Tornado"},{"floor":27,"key":"The Courier"},{"floor":37,"key":"Ice Cream"}],"event_choices":[{"damage_healed":0,"gold_gain":0,"player_choice":"Success","damage_taken":7,"relics_obtained":["Ninja Scroll"],"max_hp_gain":0,"max_hp_loss":0,"event_name":"Scrap Ooze","floor":5,"gold_loss":0},{"damage_healed":0,"gold_gain":30,"player_choice":"Searched \u00273\u0027 times","damage_taken":0,"relics_obtained":["Molten Egg 2"],"max_hp_gain":0,"max_hp_loss":0,"event_name":"Dead Adventurer","floor":12,"gold_loss":0},{"damage_healed":0,"gold_gain":0,"player_choice":"Fought Bandits","damage_taken":0,"max_hp_gain":0,"max_hp_loss":0,"event_name":"Masked Bandits","floor":20,"gold_loss":0},{"damage_healed":0,"gold_gain":0,"cards_transformed":["Strike_G"],"player_choice":"Transformed","damage_taken":0,"max_hp_gain":0,"max_hp_loss":0,"event_name":"Transmorgrifier","floor":21,"gold_loss":0,"cards_obtained":["Doppelganger"]},{"damage_healed":0,"gold_gain":0,"player_choice":"Fight","damage_taken":0,"max_hp_gain":0,"max_hp_loss":0,"event_name":"Mysterious Sphere","floor":37,"gold_loss":0}],"is_beta":false,"boss_relics":[{"not_picked":["Sozu","Coffee Dripper"],"picked":"WristBlade"},{"not_picked":["Snecko Eye","Philosopher\u0027s Stone"],"picked":"Empty Cage"}],"items_purged_floors":[2],"is_endless":false,"potions_floor_spawned":[1,10,13,16,20,28,31,33,35],"killed_by":"Writhing Mass","ascension_level":9}