{"gold_per_floor":[117,117,117,127,127,127,143,160,238,299,4,4,15,31,31,133,133,145,164,0,0,0,0,20,20,44,44,379,396,396,396,396,396],"floor_reached":33,"playtime":2557,"items_purged":["Pain"],"score":255,"play_id":"236118fd-a986-4ef7-9ffa-48336e19193e","local_time":"20190323031825","is_ascension_mode":false,"campfire_choices":[{"data":"Zap","floor":6,"key":"SMITH"},{"floor":12,"key":"REST"},{"data":"Dualcast","floor":15,"key":"SMITH"},{"floor":23,"key":"REST"},{"data":"Machine Learning","floor":25,"key":"SMITH"},{"data":"Capacitor","floor":27,"key":"SMITH"},{"floor":32,"key":"REST"}],"neow_cost":"NONE","seed_source_timestamp":17109327800895,"circlet_count":0,"master_deck":["Strike_B","Strike_B","Strike_B","Defend_B","Defend_B","Defend_B","Defend_B","Zap+1","Dualcast+1","Capacitor+1","Scrape","Cold Snap","Double Energy","Beam Cell","Turbo","Beam Cell","Ball Lightning","FTL","Machine Learning+1","Rebound+1","Genetic Algorithm","Reinforced Body","BootSequence","Self Repair","Decay"],"relics":["Cracked Core","NeowsBlessing","WarpedTongs","Dodecahedron","Oddly Smooth Stone","OrangePellets","Lizard Tail","Anchor","Old Coin","Gremlin Horn"],"potions_floor_usage":[28,28,29],"damage_taken":[{"damage":0,"enemies":"2 Louse","floor":1,"turns":1},{"damage":0,"enemies":"Jaw Worm","floor":4,"turns":1},{"damage":0,"enemies":"Cultist","floor":7,"turns":1},{"damage":23,"enemies":"3 Louse","floor":8,"turns":4},{"damage":17,"enemies":"Lagavulin Event","floor":10,"turns":5},{"damage":14,"enemies":"Exordium Thugs","floor":13,"turns":5},{"damage":0,"enemies":"Large Slime","floor":14,"turns":3},{"damage":5,"enemies":"Slime Boss","floor":16,"turns":5},{"damage":13,"enemies":"3 Byrds","floor":18,"turns":4},{"damage":10,"enemies":"Shell Parasite","floor":19,"turns":5},{"damage":9,"enemies":"Centurion and Healer","floor":24,"turns":7},{"damage":32,"enemies":"Slavers","floor":28,"turns":6},{"damage":14,"enemies":"Snecko","floor":29,"turns":5},{"damage":118,"enemies":"Automaton","floor":33,"turns":14}],"seed_played":"-6305663118318160970","potions_obtained":[{"floor":1,"key":"FocusPotion"},{"floor":4,"key":"FairyPotion"},{"floor":8,"key":"Dexterity Potion"},{"floor":28,"key":"Swift Potion"}],"is_trial":false,"path_per_floor":["M","?","?","M","?","R","M","M","T","?","$","R","M","M","R","B",null,"M","M","?","?","$","R","M","R","T","R","E","M","?","?","R","B"],"character_chosen":"DEFECT","items_purchased":["OrangePellets","Beam Cell"],"campfire_rested":3,"item_purchase_floors":[11,11],"current_hp_per_floor":[75,75,75,75,75,75,75,52,52,35,35,57,43,43,43,38,75,62,52,52,52,52,74,65,65,65,65,33,19,19,19,41,0],"gold":396,"neow_bonus":"THREE_ENEMY_KILL","is_prod":false,"is_daily":false,"chose_seed":false,"campfire_upgraded":4,"win_rate":0.0,"timestamp":1553275105,"path_taken":["M","?","?","M","?","R","M","?","T","?","?","R","M","M","R","BOSS","M","M","?","?","?","R","M","R","T","R","E","M","?","?","R","BOSS"],"build_version":"2019-01-23","purchased_purges":1,"victory":false,"max_hp_per_floor":[75,75,75,75,75,75,75,75,75,75,75,75,75,75,75,75,75,75,75,75,75,75,75,75,75,75,75,75,75,75,75,75,75],"card_choices":[{"not_picked":["Reinforced Body","Leap"],"picked":"Capacitor","floor":1},{"not_picked":["Compile Driver","Reinforced Body"],"picked":"Cold Snap","floor":4},{"not_picked":["Streamline","Coolheaded"],"picked":"Double Energy","floor":7},{"not_picked":["Coolheaded","Hologram"],"picked":"Beam Cell","floor":8},{"not_picked":["Sweeping Beam","Hyperbeam"],"picked":"Turbo","floor":10},{"not_picked":["Stack","Leap"],"picked":"Ball Lightning","floor":13},{"not_picked":["Go for the Eyes","Aggregate"],"picked":"FTL","floor":14},{"not_picked":["Amplify","All For One"],"picked":"Machine Learning","floor":16},{"not_picked":["Sweeping Beam","Cold Snap"],"picked":"Rebound+1","floor":18},{"not_picked":["Hologram","Cold Snap+1"],"picked":"Genetic Algorithm","floor":19},{"not_picked":["Steam","Gash"],"picked":"Reinforced Body","floor":24},{"not_picked":["Cold Snap","Ball Lightning"],"picked":"BootSequence","floor":28},{"not_picked":["Reprogram","Ball Lightning"],"picked":"Self Repair","floor":29}],"player_experience":53735,"relics_obtained":[{"floor":9,"key":"Dodecahedron"},{"floor":10,"key":"Oddly Smooth Stone"},{"floor":26,"key":"Anchor"},{"floor":28,"key":"Old Coin"}],"event_choices":[{"damage_healed":0,"gold_gain":0,"player_choice":"Leave","damage_taken":0,"max_hp_gain":0,"max_hp_loss":0,"event_name":"The Cleric","floor":2,"gold_loss":0},{"damage_healed":0,"gold_gain":0,"cards_transformed":["Strike_B"],"player_choice":"Change","damage_taken":0,"max_hp_gain":0,"max_hp_loss":0,"event_name":"Living Wall","floor":3,"gold_loss":0,"cards_obtained":["Scrape"]},{"damage_healed":0,"gold_gain":0,"player_choice":"Rummage","damage_taken":0,"relics_obtained":["WarpedTongs"],"max_hp_gain":0,"max_hp_loss":0,"event_name":"Accursed Blacksmith","floor":5,"gold_loss":0,"cards_obtained":["Pain"]},{"damage_healed":0,"gold_gain":0,"player_choice":"Searched \u00272\u0027 times","damage_taken":0,"max_hp_gain":0,"max_hp_loss":0,"event_name":"Dead Adventurer","floor":10,"gold_loss":0},{"damage_healed":0,"gold_gain":0,"player_choice":"Paid Fearfully","damage_taken":0,"max_hp_gain":0,"max_hp_loss":0,"event_name":"Masked Bandits","floor":20,"gold_loss":164},{"damage_healed":0,"gold_gain":0,"player_choice":"Ignored","damage_taken":0,"max_hp_gain":0,"max_hp_loss":0,"event_name":"Vampires","floor":21,"gold_loss":0},{"damage_healed":0,"gold_gain":0,"player_choice":"Opened","damage_taken":0,"relics_obtained":["Gremlin Horn"],"max_hp_gain":0,"max_hp_loss":0,"event_name":"The Mausoleum","floor":30,"gold_loss":0},{"damage_healed":0,"gold_gain":0,"player_choice":"Smashed Altar","damage_taken":0,"max_hp_gain":0,"max_hp_loss":0,"event_name":"Forgotten Altar","floor":31,"gold_loss":0,"cards_obtained":["Decay"]}],"is_beta":false,"boss_relics":[{"not_picked":["Astrolabe","Busted Crown"],"picked":"Lizard Tail"}],"items_purged_floors":[11],"is_endless":false,"potions_floor_spawned":[1,4,8,16,24,28],"killed_by":"Automaton","ascension_level":0}