{"gold_per_floor":[118,193,205,223,243,243,41,74,74,74,74,93,111,125,125,224,274,286,304,219,235,160,160,174,174,201,231,231,231,59,74,74,177,177,188,188,63,80,90,90,119,119,166,179,279,298,312,312,312,312],"floor_reached":50,"playtime":5806,"items_purged":["Strike_G","Strike_G","Strike_G"],"score":546,"play_id":"ea657b9d-0abc-4132-8566-ecff1df3488b","local_time":"20190903001813","is_ascension_mode":true,"campfire_choices":[{"data":"Dagger Spray","floor":6,"key":"SMITH"},{"floor":11,"key":"REST"},{"floor":15,"key":"REST"},{"data":"Envenom","floor":23,"key":"SMITH"},{"data":"Neutralize","floor":25,"key":"SMITH"},{"floor":28,"key":"REST"},{"floor":32,"key":"REST"},{"floor":40,"key":"REST"},{"floor":42,"key":"REST"},{"floor":49,"key":"REST"}],"neow_cost":"NONE","seed_source_timestamp":53372273524700,"circlet_count":0,"master_deck":["Defend_G","Defend_G","Defend_G","Defend_G","Defend_G+1","Survivor","Neutralize+1","Backstab","Dagger Spray+1","Quick Slash","Quick Slash","Backflip","Noxious Fumes","Backflip","Noxious Fumes","Flying Knee","Dodge and Roll+1","Envenom+1","Blur","Footwork+1","Dodge and Roll+1","Footwork","Footwork","Well Laid Plans","PiercingWail+1","Expertise","Terror","Eviscerate","Blur+1"],"relics":["Ring of the Snake","Shuriken","Ornamental Fan","Tiny House","Ancient Tea Set","Oddly Smooth Stone","Mango","HoveringKite","Prayer Wheel","StoneCalendar"],"potions_floor_usage":[5,19,21,50],"damage_taken":[{"damage":0,"enemies":"Jaw Worm","floor":1,"turns":2},{"damage":0,"enemies":"Small Slimes","floor":3,"turns":3},{"damage":0,"enemies":"Cultist","floor":4,"turns":2},{"damage":7,"enemies":"Looter","floor":5,"turns":3},{"damage":21,"enemies":"Gremlin Nob","floor":8,"turns":4},{"damage":9,"enemies":"Exordium Wildlife","floor":12,"turns":7},{"damage":2,"enemies":"3 Louse","floor":13,"turns":3},{"damage":0,"enemies":"2 Fungi Beasts","floor":14,"turns":3},{"damage":19,"enemies":"The Guardian","floor":16,"turns":14},{"damage":1,"enemies":"3 Byrds","floor":18,"turns":6},{"damage":9,"enemies":"Chosen","floor":19,"turns":5},{"damage":20,"enemies":"3 Cultists","floor":21,"turns":6},{"damage":7,"enemies":"Sentry and Sphere","floor":24,"turns":10},{"damage":54,"enemies":"Book of Stabbing","floor":27,"turns":9},{"damage":5,"enemies":"Cultist and Chosen","floor":31,"turns":8},{"damage":27,"enemies":"Collector","floor":33,"turns":15},{"damage":27,"enemies":"3 Darklings","floor":35,"turns":9},{"damage":6,"enemies":"Orb Walker","floor":38,"turns":6},{"damage":5,"enemies":"Sphere and 2 Shapes","floor":39,"turns":8},{"damage":18,"enemies":"Nemesis","floor":41,"turns":11},{"damage":28,"enemies":"Transient","floor":44,"turns":5},{"damage":2,"enemies":"Mind Bloom Boss Battle","floor":45,"turns":10},{"damage":14,"enemies":"Jaw Worm Horde","floor":46,"turns":7},{"damage":0,"enemies":"Maw","floor":47,"turns":9},{"damage":77,"enemies":"Awakened One","floor":50,"turns":6}],"seed_played":"-6696716912298843137","potions_obtained":[{"floor":1,"key":"GhostInAJar"},{"floor":5,"key":"Fruit Juice"},{"floor":12,"key":"Swift Potion"},{"floor":16,"key":"SteroidPotion"},{"floor":19,"key":"Regen Potion"},{"floor":21,"key":"Strength Potion"},{"floor":35,"key":"Strength Potion"},{"floor":45,"key":"Dexterity Potion"}],"is_trial":false,"path_per_floor":["M","?","M","M","M","R","$","E","T","?","R","M","M","M","R","B",null,"M","M","?","M","?","R","M","R","T","E","R","?","$","M","R","B",null,"M","?","$","M","M","R","E","R","T","M","?","M","M","?","R","B"],"character_chosen":"THE_SILENT","items_purchased":["Noxious Fumes","Backflip","Footwork"],"campfire_rested":7,"item_purchase_floors":[7,7,30],"current_hp_per_floor":[70,59,59,59,57,57,57,36,36,29,51,42,40,40,62,43,80,79,70,70,64,64,64,57,57,57,17,45,45,45,40,68,41,94,67,67,67,61,56,84,66,94,94,66,64,50,50,50,76,0],"gold":312,"neow_bonus":"THREE_CARDS","is_prod":false,"is_daily":false,"chose_seed":false,"campfire_upgraded":3,"win_rate":0,"timestamp":1567466293,"path_taken":["M","?","M","M","M","R","$","E","T","?","R","M","M","M","R","BOSS","M","M","?","M","?","R","M","R","T","E","R","?","$","M","R","BOSS","M","?","$","M","M","R","E","R","T","M","?","M","?","?","R","BOSS"],"build_version":"2019-07-17","purchased_purges":3,"victory":false,"max_hp_per_floor":[70,70,70,70,75,75,75,75,75,75,75,75,75,75,75,75,80,80,80,80,80,80,80,80,80,80,94,94,94,94,94,94,94,94,94,94,94,94,94,94,94,94,94,94,94,94,94,89,89,89],"card_choices":[{"not_picked":["Distraction","Deadly Poison"],"picked":"Backstab","floor":0},{"not_picked":["Bouncing Flask","Blade Dance"],"picked":"Dagger Spray","floor":1},{"not_picked":["Deadly Poison","Flying Knee"],"picked":"Quick Slash","floor":3},{"not_picked":["Bane","Blade Dance"],"picked":"Quick Slash","floor":4},{"not_picked":["Expertise","Cloak And Dagger"],"picked":"Backflip","floor":5},{"not_picked":["Choke","Bullet Time"],"picked":"Noxious Fumes","floor":8},{"not_picked":["Setup","Predator","Tactician"],"picked":"SKIP","floor":12},{"not_picked":["Choke","Outmaneuver"],"picked":"Flying Knee","floor":13},{"not_picked":["Caltrops","Underhanded Strike"],"picked":"Dodge and Roll","floor":14},{"not_picked":["Glass Knife","Wraith Form v2"],"picked":"Envenom","floor":16},{"not_picked":["Underhanded Strike","Deflect+1"],"picked":"Blur","floor":18},{"not_picked":["Prepared+1","Dodge and Roll+1"],"picked":"Footwork+1","floor":19},{"not_picked":["Tactician+1","Cloak And Dagger","Deadly Poison"],"picked":"SKIP","floor":21},{"not_picked":["Flechettes","Masterful Stab+1","Quick Slash"],"picked":"SKIP","floor":24},{"not_picked":["Riddle With Holes","Blur"],"picked":"Dodge and Roll+1","floor":27},{"not_picked":["Outmaneuver","Blade Dance","Predator+1"],"picked":"SKIP","floor":31},{"not_picked":["Bane","Dagger Spray+1"],"picked":"Footwork","floor":35},{"not_picked":["Quick Slash","Dagger Spray+1"],"picked":"Well Laid Plans","floor":38},{"not_picked":["Deadly Poison","Underhanded Strike+1","Bane"],"picked":"SKIP","floor":39},{"not_picked":["Backflip","Poisoned Stab+1"],"picked":"PiercingWail+1","floor":41},{"not_picked":["PiercingWail","Underhanded Strike"],"picked":"Expertise","floor":44},{"not_picked":["Outmaneuver","Dagger Throw"],"picked":"Terror","floor":44},{"not_picked":["Dagger Throw","Deflect+1"],"picked":"Eviscerate","floor":45},{"not_picked":["Glass Knife","Slice","Dagger Throw+1"],"picked":"SKIP","floor":46},{"not_picked":["Flechettes+1","Deadly Poison+1","Eviscerate"],"picked":"SKIP","floor":46},{"not_picked":["Underhanded Strike+1","Backflip+1"],"picked":"Blur+1","floor":47},{"not_picked":["Quick Slash","Skewer","Outmaneuver"],"picked":"SKIP","floor":47}],"player_experience":138873,"relics_obtained":[{"floor":8,"key":"Shuriken"},{"floor":9,"key":"Ornamental Fan"},{"floor":26,"key":"Oddly Smooth Stone"},{"floor":27,"key":"Mango"},{"floor":41,"key":"Prayer Wheel"},{"floor":45,"key":"StoneCalendar"}],"event_choices":[{"damage_healed":0,"gold_gain":75,"player_choice":"Gather Gold","damage_taken":11,"max_hp_gain":0,"max_hp_loss":0,"event_name":"World of Goop","floor":2,"gold_loss":0},{"cards_removed":["Strike_G"],"damage_healed":0,"gold_gain":0,"player_choice":"Card Removal","damage_taken":7,"max_hp_gain":0,"max_hp_loss":0,"event_name":"Golden Wing","floor":10,"gold_loss":0},{"damage_healed":0,"gold_gain":0,"player_choice":"Obtained Relic","damage_taken":0,"relics_obtained":["Ancient Tea Set"],"max_hp_gain":0,"max_hp_loss":0,"event_name":"Addict","floor":20,"gold_loss":85},{"cards_removed":["Strike_G"],"damage_healed":0,"gold_gain":0,"player_choice":"Gave Gold","damage_taken":0,"max_hp_gain":0,"max_hp_loss":0,"event_name":"Beggar","floor":22,"gold_loss":75},{"damage_healed":0,"gold_gain":0,"player_choice":"Upgraded","damage_taken":0,"max_hp_gain":0,"max_hp_loss":0,"event_name":"Upgrade Shrine","floor":29,"gold_loss":0,"cards_upgraded":["Dodge and Roll"]},{"damage_healed":0,"gold_gain":0,"player_choice":"Ignored","damage_taken":0,"max_hp_gain":0,"max_hp_loss":0,"event_name":"Mysterious Sphere","floor":36,"gold_loss":0},{"damage_healed":0,"gold_gain":0,"player_choice":"Fight","damage_taken":0,"max_hp_gain":0,"max_hp_loss":0,"event_name":"MindBloom","floor":45,"gold_loss":0},{"damage_healed":0,"gold_gain":0,"player_choice":"Max HP","damage_taken":0,"max_hp_gain":0,"max_hp_loss":5,"event_name":"Winding Halls","floor":48,"gold_loss":0}],"is_beta":false,"boss_relics":[{"not_picked":["Cursed Key","Busted Crown"],"picked":"Tiny House"},{"not_picked":["Black Star","White Beast Statue"],"picked":"HoveringKite"}],"items_purged_floors":[7,30,37],"is_endless":false,"potions_floor_spawned":[1,5,12,16,18,19,21,24,33,35,38,41,45],"killed_by":"Awakened One","ascension_level":1}