{"gold_per_floor":[111,186,186,206,226,251,251,271,271,282,5,5,5,5,5,82,82,93,105,105],"floor_reached":20,"playtime":728,"items_purged":[],"score":305,"play_id":"0a74bf10-9d71-4655-9366-56f585636ed3","local_time":"20190722043749","is_ascension_mode":true,"campfire_choices":[{"floor":7,"key":"REST"},{"floor":12,"key":"REST"},{"floor":15,"key":"REST"}],"neow_cost":"NONE","seed_source_timestamp":55964214361708,"circlet_count":0,"master_deck":["AscendersBane","Strike_B","Strike_B","Strike_B","Strike_B","Defend_B+1","Defend_B","Defend_B","Defend_B","Zap+1","Dualcast","Sweeping Beam","Ball Lightning","BootSequence","FTL","Capacitor","Hologram","Melter","Sweeping Beam","Pain","Biased Cognition","Ball Lightning","Self Repair"],"relics":["Cracked Core","NeowsBlessing","Art of War","Matryoshka","OrangePellets","WarpedTongs","Nuclear Battery"],"potions_floor_usage":[6,8,19],"damage_taken":[{"damage":0,"enemies":"Cultist","floor":1,"turns":1},{"damage":0,"enemies":"Small Slimes","floor":4,"turns":1},{"damage":0,"enemies":"Jaw Worm","floor":5,"turns":1},{"damage":10,"enemies":"3 Sentries","floor":6,"turns":5},{"damage":16,"enemies":"Lots of Slimes","floor":8,"turns":3},{"damage":19,"enemies":"Exordium Thugs","floor":10,"turns":3},{"damage":38,"enemies":"Hexaghost","floor":16,"turns":9},{"damage":2,"enemies":"3 Byrds","floor":18,"turns":3},{"damage":26,"enemies":"2 Thieves","floor":19,"turns":4},{"damage":32,"enemies":"Snake Plant","floor":20,"turns":3}],"seed_played":"-5410340185238266100","potions_obtained":[{"floor":1,"key":"SpeedPotion"},{"floor":4,"key":"SteroidPotion"},{"floor":16,"key":"SkillPotion"},{"floor":19,"key":"FearPotion"}],"is_trial":false,"path_per_floor":["M","?","?","M","M","E","R","M","T","M","$","R","$","?","R","B",null,"M","M","M"],"character_chosen":"DEFECT","items_purchased":["OrangePellets","Melter","Sweeping Beam"],"campfire_rested":3,"item_purchase_floors":[11,11,11],"current_hp_per_floor":[64,53,32,32,32,22,43,27,27,8,8,29,29,29,50,12,56,54,28,0],"gold":105,"neow_bonus":"THREE_ENEMY_KILL","is_prod":false,"is_daily":false,"chose_seed":false,"campfire_upgraded":0,"win_rate":0,"timestamp":1563734269,"path_taken":["M","?","?","M","?","E","R","M","T","?","$","R","$","?","R","BOSS","M","M","?"],"build_version":"2019-07-17","purchased_purges":0,"victory":false,"max_hp_per_floor":[71,71,71,71,71,71,71,71,71,71,71,71,71,71,71,71,71,71,71,71],"card_choices":[{"not_picked":["Storm","Steam Power"],"picked":"Sweeping Beam","floor":1},{"not_picked":["Steam","Scrape"],"picked":"Ball Lightning","floor":4},{"not_picked":["Gash","Sweeping Beam"],"picked":"BootSequence","floor":5},{"not_picked":["Multi-Cast","Barrage"],"picked":"FTL","floor":6},{"not_picked":["Turbo","Auto Shields"],"picked":"Capacitor","floor":8},{"not_picked":["Turbo","Heatsinks"],"picked":"Hologram","floor":10},{"not_picked":["Core Surge","Creative AI"],"picked":"Biased Cognition","floor":16},{"not_picked":["Leap","Turbo"],"picked":"Ball Lightning","floor":18},{"not_picked":["Darkness","Ball Lightning"],"picked":"Self Repair","floor":19}],"player_experience":1052348,"relics_obtained":[{"floor":6,"key":"Art of War"},{"floor":9,"key":"Matryoshka"}],"event_choices":[{"damage_healed":0,"gold_gain":75,"player_choice":"Gather Gold","damage_taken":11,"max_hp_gain":0,"max_hp_loss":0,"event_name":"World of Goop","floor":2,"gold_loss":0},{"damage_healed":0,"gold_gain":0,"player_choice":"Entered Light","damage_taken":21,"max_hp_gain":0,"max_hp_loss":0,"event_name":"Shining Light","floor":3,"gold_loss":0,"cards_upgraded":["Defend_B","Zap"]},{"damage_healed":0,"gold_gain":0,"player_choice":"Rummage","damage_taken":0,"relics_obtained":["WarpedTongs"],"max_hp_gain":0,"max_hp_loss":0,"event_name":"Accursed Blacksmith","floor":14,"gold_loss":0,"cards_obtained":["Pain"]}],"is_beta":false,"boss_relics":[{"not_picked":["Runic Pyramid","Orrery"],"picked":"Nuclear Battery"}],"items_purged_floors":[],"is_endless":false,"potions_floor_spawned":[1,4,16,19],"killed_by":"Snake Plant","ascension_level":15}