{"gold_per_floor":[118,132,132,82,82,113,131,146,173,173,193,203,203,233,233,233],"floor_reached":16,"playtime":621,"items_purged":[],"score":233,"play_id":"b69ec27b-30f6-444d-ba34-215f1f61817e","local_time":"20181220022442","is_ascension_mode":true,"campfire_choices":[{"floor":10,"key":"RECALL"},{"data":"Eviscerate","floor":13,"key":"SMITH"},{"floor":15,"key":"REST"}],"neow_cost":"NONE","seed_source_timestamp":543364775352141,"circlet_count":0,"master_deck":["AscendersBane","Defend_G","Defend_G","Defend_G","Defend_G","Defend_G","Strike_G","Strike_G","Strike_G","Strike_G","Survivor","Neutralize","Dagger Throw","Predator+1","Crippling Poison","Eviscerate+1","Concentrate","Backstab","Heel Hook"],"relics":["Ring of the Snake","NeowsBlessing","Oddly Smooth Stone","PreservedInsect","Happy Flower"],"potions_floor_usage":[14,16],"damage_taken":[{"damage":0,"enemies":"Cultist","floor":1,"turns":1},{"damage":0,"enemies":"Small Slimes","floor":2,"turns":1},{"damage":0,"enemies":"Lagavulin","floor":6,"turns":1},{"damage":0,"enemies":"2 Louse","floor":7,"turns":2},{"damage":11,"enemies":"Gremlin Gang","floor":8,"turns":4},{"damage":0,"enemies":"2 Fungi Beasts","floor":11,"turns":2},{"damage":4,"enemies":"Blue Slaver","floor":12,"turns":3},{"damage":12,"enemies":"3 Sentries","floor":14,"turns":6},{"damage":58,"enemies":"Hexaghost","floor":16,"turns":15}],"seed_played":"8258799783973985431","potions_obtained":[{"floor":2,"key":"Ancient Potion"},{"floor":6,"key":"GhostInAJar"},{"floor":12,"key":"SkillPotion"}],"is_trial":false,"path_per_floor":["M","M","?","?","?","E","M","M","T","R","M","M","R","E","R","B"],"character_chosen":"THE_SILENT","items_purchased":[],"campfire_rested":1,"item_purchase_floors":[],"current_hp_per_floor":[59,59,64,64,64,64,64,53,53,53,53,49,49,37,58,0],"gold":233,"neow_bonus":"THREE_ENEMY_KILL","is_prod":false,"is_daily":false,"chose_seed":false,"campfire_upgraded":1,"win_rate":0,"timestamp":1545290682,"path_taken":["M","M","?","?","?","E","M","?","T","R","M","M","R","E","R","BOSS"],"build_version":"2018-12-13","purchased_purges":0,"victory":false,"max_hp_per_floor":[66,66,71,71,71,71,71,71,71,71,71,71,71,71,71,71],"card_choices":[{"not_picked":["PiercingWail","Outmaneuver"],"picked":"Dagger Throw","floor":1},{"not_picked":["Acrobatics","Dodge and Roll"],"picked":"Predator","floor":2},{"not_picked":["Dagger Spray","Caltrops"],"picked":"Crippling Poison","floor":6},{"not_picked":["Prepared","Caltrops"],"picked":"Eviscerate","floor":7},{"not_picked":["Noxious Fumes","Flying Knee"],"picked":"Concentrate","floor":8},{"not_picked":["Deflect","Well Laid Plans","Dagger Throw"],"picked":"SKIP","floor":11},{"not_picked":["Underhanded Strike","Outmaneuver"],"picked":"Backstab","floor":12},{"not_picked":["Predator","Dash"],"picked":"Heel Hook","floor":14}],"player_experience":923611,"relics_obtained":[{"floor":6,"key":"Oddly Smooth Stone"},{"floor":9,"key":"PreservedInsect"},{"floor":14,"key":"Happy Flower"}],"event_choices":[{"damage_healed":0,"gold_gain":0,"player_choice":"Donut","damage_taken":0,"max_hp_gain":5,"max_hp_loss":0,"event_name":"Big Fish","floor":3,"gold_loss":0},{"cards_removed":["Strike_G"],"damage_healed":0,"gold_gain":0,"player_choice":"Card Removal","damage_taken":0,"max_hp_gain":0,"max_hp_loss":0,"event_name":"The Cleric","floor":4,"gold_loss":50},{"damage_healed":0,"gold_gain":0,"player_choice":"Upgraded","damage_taken":0,"max_hp_gain":0,"max_hp_loss":0,"event_name":"Upgrade Shrine","floor":5,"gold_loss":0,"cards_upgraded":["Predator"]}],"is_beta":false,"boss_relics":[],"items_purged_floors":[],"is_endless":false,"potions_floor_spawned":[2,6,12],"killed_by":"Hexaghost","ascension_level":14}