{"gold_per_floor":[110,123,134,26,0,27,27,60,60,80,80,80,91,106,106,178,178,188,113,123,133,98,98,123,123,148,167,187,204,204,303,303,303],"floor_reached":33,"playtime":2270,"items_purged":["Accuracy"],"score":499,"play_id":"8201ad7f-162c-4cbe-8abe-33743361c60a","local_time":"20181223212828","is_ascension_mode":true,"campfire_choices":[{"data":"Dash","floor":7,"key":"SMITH"},{"data":"Calculated Gamble","floor":12,"key":"SMITH"},{"data":"Dodge and Roll","floor":15,"key":"SMITH"},{"floor":23,"key":"REST"},{"floor":25,"key":"REST"},{"floor":30,"key":"REST"},{"data":"Envenom","floor":32,"key":"SMITH"}],"neow_cost":"NONE","seed_source_timestamp":243737661171133,"circlet_count":0,"master_deck":["AscendersBane","Survivor","Neutralize+1","Dagger Spray","Dash+1","Dagger Throw","Heel Hook","Tactician","Calculated Gamble+1","PiercingWail","Dodge and Roll+1","Envenom","Envenom+1","Malaise","Underhanded Strike","Bullet Time","Bane","Distraction","Venomology","Flying Knee","Poisoned Stab","Backflip","Escape Plan","Deflect","Backflip+1","Riddle With Holes+1"],"relics":["Ring of the Snake","Snake Skull","Mango","Pear","Pandora\u0027s Box","Lantern","Art of War"],"potions_floor_usage":[6,16,16,18,20,24,24,29,29,33],"damage_taken":[{"damage":1,"enemies":"2 Louse","floor":1,"turns":3},{"damage":3,"enemies":"Small Slimes","floor":2,"turns":5},{"damage":0,"enemies":"Cultist","floor":3,"turns":4},{"damage":26,"enemies":"3 Sentries","floor":6,"turns":8},{"damage":23,"enemies":"Gremlin Nob","floor":8,"turns":5},{"damage":0,"enemies":"Lots of Slimes","floor":10,"turns":3},{"damage":0,"enemies":"3 Louse","floor":13,"turns":2},{"damage":3,"enemies":"Blue Slaver","floor":14,"turns":4},{"damage":22,"enemies":"Hexaghost","floor":16,"turns":13},{"damage":29,"enemies":"2 Thieves","floor":18,"turns":4},{"damage":13,"enemies":"Shell Parasite","floor":20,"turns":6},{"damage":9,"enemies":"Centurion and Healer","floor":21,"turns":8},{"damage":30,"enemies":"Gremlin Leader","floor":24,"turns":6},{"damage":3,"enemies":"3 Cultists","floor":27,"turns":5},{"damage":20,"enemies":"Snecko","floor":28,"turns":5},{"damage":8,"enemies":"Cultist and Chosen","floor":29,"turns":8},{"damage":47,"enemies":"Collector","floor":33,"turns":7}],"seed_played":"-118749812121074860","potions_obtained":[{"floor":1,"key":"Ancient Potion"},{"floor":8,"key":"Strength Potion"},{"floor":10,"key":"Block Potion"},{"floor":20,"key":"Strength Potion"},{"floor":21,"key":"Weak Potion"}],"is_trial":false,"path_per_floor":["M","M","M","$","?","E","R","E","T","M","?","R","M","M","R","B",null,"M","$","M","M","$","R","E","R","T","M","M","M","R","?","R","B"],"character_chosen":"THE_SILENT","items_purchased":["Heel Hook","Tactician","Escape Plan"],"campfire_rested":3,"item_purchase_floors":[4,4,22],"current_hp_per_floor":[58,55,55,55,55,29,29,20,30,30,30,30,30,27,27,5,69,40,40,27,18,18,45,15,42,42,39,19,11,38,38,38,0],"gold":303,"neow_bonus":"UPGRADE_CARD","is_prod":false,"is_daily":false,"chose_seed":false,"campfire_upgraded":4,"win_rate":0,"timestamp":1545618508,"path_taken":["M","M","M","$","?","E","R","E","T","M","?","R","?","M","R","BOSS","M","$","M","M","?","R","E","R","T","M","M","?","R","?","R","BOSS"],"build_version":"2018-12-20","purchased_purges":1,"victory":false,"max_hp_per_floor":[66,66,66,66,66,66,66,80,90,90,90,90,90,90,90,90,90,90,90,90,90,90,90,90,90,90,90,90,90,90,90,90,90],"card_choices":[{"not_picked":["Tactician","Slice"],"picked":"Dagger Spray","floor":1},{"not_picked":["Poisoned Stab","Distraction"],"picked":"Dash","floor":2},{"not_picked":["Deflect","Flying Knee"],"picked":"Dagger Throw","floor":3},{"not_picked":["Blade Dance","Outmaneuver","Quick Slash"],"picked":"SKIP","floor":6},{"not_picked":["Flying Knee","Distraction"],"picked":"Calculated Gamble","floor":8},{"not_picked":["Bane","Prepared"],"picked":"PiercingWail","floor":10},{"not_picked":["Prepared","Dagger Spray","Deflect"],"picked":"SKIP","floor":13},{"not_picked":["Dagger Spray","Terror"],"picked":"Dodge and Roll","floor":14},{"not_picked":["Unload","Night Terror"],"picked":"Envenom","floor":16},{"not_picked":["Slice","Underhanded Strike"],"picked":"Backflip","floor":18},{"not_picked":["Sucker Punch","Bane","Dagger Spray"],"picked":"SKIP","floor":20},{"not_picked":["Deflect","Dodge and Roll","Outmaneuver"],"picked":"SKIP","floor":21},{"not_picked":["Wraith Form v2","Finisher"],"picked":"Deflect","floor":24},{"not_picked":["Riddle With Holes","Blade Dance"],"picked":"Backflip+1","floor":27},{"not_picked":["Dagger Spray","PiercingWail","Deflect"],"picked":"SKIP","floor":28},{"not_picked":["Outmaneuver","Concentrate+1"],"picked":"Riddle With Holes+1","floor":29}],"player_experience":949101,"relics_obtained":[{"floor":6,"key":"Snake Skull"},{"floor":8,"key":"Mango"},{"floor":9,"key":"Pear"},{"floor":24,"key":"Lantern"},{"floor":26,"key":"Art of War"}],"event_choices":[{"damage_healed":0,"gold_gain":0,"player_choice":"Left Gold","damage_taken":0,"max_hp_gain":0,"max_hp_loss":0,"event_name":"World of Goop","floor":5,"gold_loss":26},{"damage_healed":0,"gold_gain":0,"player_choice":"Bought 0 Potions","damage_taken":0,"max_hp_gain":0,"max_hp_loss":0,"event_name":"The Woman in Blue","floor":11,"gold_loss":0},{"damage_healed":0,"gold_gain":99,"player_choice":"Stole From Cult","damage_taken":0,"max_hp_gain":0,"max_hp_loss":0,"event_name":"Nest","floor":31,"gold_loss":0}],"is_beta":false,"boss_relics":[{"not_picked":["Calling Bell","WristBlade"],"picked":"Pandora\u0027s Box"}],"items_purged_floors":[19],"is_endless":false,"potions_floor_spawned":[1,8,10,13,20,21,27],"killed_by":"Collector","ascension_level":14}