{"gold_per_floor":[112,112,112,112,127,127,52,77,129,157,157,173,204,221,221,221],"floor_reached":16,"playtime":636,"items_purged":["Strike_B"],"score":140,"play_id":"222c3fc6-96ef-41dc-94ef-45858684a159","local_time":"20190721211020","is_ascension_mode":true,"campfire_choices":[{"data":"Zap","floor":6,"key":"SMITH"},{"floor":11,"key":"REST"},{"floor":15,"key":"REST"}],"neow_cost":"NONE","seed_source_timestamp":106399998679599,"circlet_count":0,"master_deck":["Strike_B+1","Strike_B+1","Defend_B","Defend_B","Defend_B","Defend_B","Zap+1","Dualcast","Barrage","Genetic Algorithm","BootSequence"],"special_seed":0,"relics":["Cracked Core","Letter Opener","Dodecahedron","Blood Vial","Odd Mushroom","Whetstone"],"potions_floor_usage":[10,16],"damage_taken":[{"damage":1.0,"enemies":"Cultist","floor":1.0,"turns":3.0},{"damage":7,"enemies":"Small Slimes","floor":5,"turns":3},{"damage":29,"enemies":"3 Sentries","floor":8,"turns":7},{"damage":14,"enemies":"The Mushroom Lair","floor":10,"turns":4},{"damage":3,"enemies":"2 Louse","floor":12,"turns":3},{"damage":33,"enemies":"Lagavulin","floor":13,"turns":7},{"damage":0,"enemies":"2 Fungi Beasts","floor":14,"turns":3},{"damage":40,"enemies":"Hexaghost","floor":16,"turns":11}],"seed_played":"-2425451525516076131","potions_obtained":[{"floor":8,"key":"Fire Potion"},{"floor":10,"key":"Strength Potion"},{"floor":14,"key":"Block Potion"}],"is_trial":false,"path_per_floor":["M","T","?","?","M","R","$","E","T","?","R","M","E","M","R","B"],"character_chosen":"DEFECT","items_purchased":[],"campfire_rested":2,"item_purchase_floors":[],"current_hp_per_floor":[67,67,67,67,60,60,60,31,31,19,41,40,9,11,33,0],"gold":221,"neow_bonus":"REMOVE_CARD","is_prod":false,"is_daily":false,"chose_seed":false,"campfire_upgraded":1,"win_rate":0,"timestamp":1563736220,"path_taken":["M","?","?","?","M","R","$","E","T","?","R","M","E","M","R","BOSS"],"build_version":"2019-07-17","purchased_purges":1,"victory":false,"max_hp_per_floor":[75,75,75,75,75,75,75,75,75,75,75,75,75,75,75,75],"card_choices":[{"not_picked":["Stack","Cold Snap"],"picked":"Barrage","floor":1.0},{"not_picked":["Loop","Barrage"],"picked":"Genetic Algorithm","floor":5},{"not_picked":["Ball Lightning","Storm","Sweeping Beam"],"picked":"SKIP","floor":8},{"not_picked":["Chaos","Ball Lightning"],"picked":"BootSequence","floor":12},{"not_picked":["Thunder Strike","Turbo","Aggregate"],"picked":"SKIP","floor":13},{"not_picked":["Ball Lightning","Blizzard","Consume"],"picked":"SKIP","floor":14}],"player_experience":68301,"relics_obtained":[{"floor":2.0,"key":"Letter Opener"},{"floor":8,"key":"Dodecahedron"},{"floor":9,"key":"Blood Vial"},{"floor":10,"key":"Odd Mushroom"},{"floor":13,"key":"Whetstone"}],"event_choices":[{"damage_healed":0.0,"max_hp_gain":0.0,"max_hp_loss":0.0,"gold_gain":0.0,"event_name":"Liars Game","player_choice":"Ignored","floor":3.0,"gold_loss":0.0,"damage_taken":0.0},{"damage_healed":0,"gold_gain":0,"player_choice":"Fled","damage_taken":0,"max_hp_gain":0,"max_hp_loss":0,"event_name":"Scrap Ooze","floor":4,"gold_loss":0},{"damage_healed":0,"gold_gain":0,"player_choice":"Fought Mushrooms","damage_taken":0,"max_hp_gain":0,"max_hp_loss":0,"event_name":"Mushrooms","floor":10,"gold_loss":0}],"is_beta":false,"boss_relics":[],"items_purged_floors":[7],"is_endless":false,"potions_floor_spawned":[8,10,14],"killed_by":"Hexaghost","ascension_level":6}