{"gold_per_floor":[114,39,58,58,58,58,87,87,87,103,121,221,239,254,254,358,358,370,382,395,36,62,62],"floor_reached":23,"playtime":652,"items_purged":["Strike_R"],"score":309,"play_id":"9dcba02e-ca40-4592-be5b-608619a82fc9","local_time":"20181202214933","is_ascension_mode":true,"campfire_choices":[{"data":"Spot Weakness","floor":6,"key":"SMITH"},{"data":"Whirlwind","floor":8,"key":"SMITH"},{"data":"Pummel","floor":15,"key":"SMITH"}],"neow_cost":"NONE","seed_source_timestamp":10344456339073,"circlet_count":0,"master_deck":["AscendersBane","Strike_R","Strike_R","Strike_R","Strike_R","Defend_R","Defend_R","Defend_R","Defend_R","Bash+1","Headbutt","Spot Weakness+1","Whirlwind+1","Offering","Pummel+1","Offering","True Grit","Thunderclap","Flex","Battle Trance"],"relics":["Burning Blood","Red Skull","Blue Candle","Mark of Pain","FossilizedHelix","Red Mask"],"potions_floor_usage":[7,11,18,20],"damage_taken":[{"damage":15,"enemies":"Small Slimes","floor":1,"turns":3},{"damage":2,"enemies":"2 Louse","floor":3,"turns":4},{"damage":28,"enemies":"Gremlin Nob","floor":7,"turns":4},{"damage":1,"enemies":"Cultist","floor":10,"turns":3},{"damage":15,"enemies":"Gremlin Gang","floor":11,"turns":2},{"damage":8,"enemies":"Looter","floor":13,"turns":3},{"damage":6,"enemies":"3 Louse","floor":14,"turns":2},{"damage":43,"enemies":"Slime Boss","floor":16,"turns":9},{"damage":12,"enemies":"3 Byrds","floor":18,"turns":4},{"damage":34,"enemies":"Spheric Guardian","floor":19,"turns":4},{"damage":12,"enemies":"Shelled Parasite and Fungi","floor":20,"turns":2},{"damage":0,"enemies":"Masked Bandits","floor":22,"turns":2},{"damage":43,"enemies":"Slavers","floor":23,"turns":3}],"seed_played":"6023324990120656618","potions_obtained":[{"floor":3,"key":"PowerPotion"},{"floor":7,"key":"BloodPotion"},{"floor":11,"key":"Swift Potion"},{"floor":16,"key":"Weak Potion"}],"is_trial":false,"path_per_floor":["M","$","M","?","?","R","E","R","T","M","M","?","M","M","R","B",null,"M","M","M","$","?","E"],"character_chosen":"IRONCLAD","items_purchased":["FossilizedHelix","Flex"],"campfire_rested":0,"item_purchase_floors":[21,21],"current_hp_per_floor":[63,63,67,67,72,72,50,50,50,55,54,54,52,52,52,15,68,62,34,28,28,34,0],"gold":62,"neow_bonus":"UPGRADE_CARD","is_prod":false,"is_daily":false,"chose_seed":false,"campfire_upgraded":3,"win_rate":0,"timestamp":1543805373,"path_taken":["M","$","M","?","?","R","E","R","T","M","M","?","?","M","R","BOSS","M","?","M","$","?","E"],"build_version":"2018-11-15","purchased_purges":1,"victory":false,"max_hp_per_floor":[80,80,80,80,85,85,85,85,85,85,85,85,85,85,85,85,85,85,85,85,85,85,85],"card_choices":[{"not_picked":["Blood for Blood","True Grit"],"picked":"Headbutt","floor":1},{"not_picked":["Clash","Sentinel"],"picked":"Spot Weakness","floor":3},{"not_picked":["True Grit","Iron Wave"],"picked":"Whirlwind","floor":7},{"not_picked":["Wild Strike","Sword Boomerang","Clothesline"],"picked":"SKIP","floor":10},{"not_picked":["Twin Strike","Evolve"],"picked":"Offering","floor":11},{"not_picked":["Twin Strike","Sword Boomerang"],"picked":"Pummel","floor":13},{"not_picked":["Havoc","Flame Barrier","Perfected Strike"],"picked":"SKIP","floor":14},{"not_picked":["Dark Embrace","Feed"],"picked":"Offering","floor":16},{"not_picked":["Shrug It Off","Combust"],"picked":"True Grit","floor":18},{"not_picked":["Heavy Blade+1","Feel No Pain","Wild Strike"],"picked":"SKIP","floor":19},{"not_picked":["Warcry","Twin Strike"],"picked":"Thunderclap","floor":20},{"not_picked":["Blood for Blood","Armaments"],"picked":"Battle Trance","floor":22}],"player_experience":775456,"relics_obtained":[{"floor":7,"key":"Red Skull"},{"floor":9,"key":"Blue Candle"},{"floor":22,"key":"Red Mask"}],"event_choices":[{"damage_healed":0,"gold_gain":0,"player_choice":"Ignored","damage_taken":0,"max_hp_gain":0,"max_hp_loss":0,"event_name":"Liars Game","floor":4,"gold_loss":0},{"damage_healed":0,"gold_gain":0,"player_choice":"Donut","damage_taken":0,"max_hp_gain":5,"max_hp_loss":0,"event_name":"Big Fish","floor":5,"gold_loss":0},{"damage_healed":0,"gold_gain":100,"player_choice":"Pray","damage_taken":0,"max_hp_gain":0,"max_hp_loss":0,"event_name":"Golden Shrine","floor":12,"gold_loss":0},{"damage_healed":0,"gold_gain":0,"player_choice":"Fought Bandits","damage_taken":0,"max_hp_gain":0,"max_hp_loss":0,"event_name":"Masked Bandits","floor":22,"gold_loss":0}],"is_beta":false,"boss_relics":[{"not_picked":["Orrery","Eternal Feather"],"picked":"Mark of Pain"}],"items_purged_floors":[2],"is_endless":false,"potions_floor_spawned":[3,7,11,16],"killed_by":"Slavers","ascension_level":12}