{"gold_per_floor":[113,113,125,11,11,45,57,57,80,31,50,50,83,108,108,232,232,256,256,280,293,314,357,357,73,73,111,111,124,124,148,148,272,272,297,310,41,56,56,92,107,166,166,207,187,187,127,57,57,57],"floor_reached":51,"playtime":5163,"items_purged":["Regret","Strike_G","Strike_G"],"score":755,"play_id":"5bcd4db9-de32-4a03-a623-0699ef3d473b","local_time":"20190910225126","is_ascension_mode":false,"campfire_choices":[{"data":"Corpse Explosion","floor":8,"key":"SMITH"},{"floor":15,"key":"REST"},{"data":"After Image","floor":24,"key":"SMITH"},{"data":"Adrenaline","floor":32,"key":"SMITH"},{"data":"Deep Breath","floor":46,"key":"SMITH"},{"data":"Expertise","floor":49,"key":"SMITH"}],"neow_cost":"NONE","seed_source_timestamp":2011181745361200,"circlet_count":0,"master_deck":["Strike_G","Defend_G","Defend_G","Defend_G","Defend_G","Defend_G","Survivor","Neutralize","Noxious Fumes+1","Poisoned Stab","Noxious Fumes","Corpse Explosion+1","Flying Knee","PiercingWail","Well Laid Plans","Backflip","Bouncing Flask","After Image+1","PiercingWail+1","Noxious Fumes","Bane+1","Quick Slash","Adrenaline+1","Apotheosis+1","Footwork","Deadly Poison+1","Night Terror","Blur","Terror","Deep Breath+1","Burst","Footwork","Prepared+1","Expertise+1"],"relics":["Ring of the Snake","Strawberry","Nunchaku","Juzu Bracelet","Golden Idol","Centennial Puzzle","Coffee Dripper","Bag of Preparation","Meat on the Bone","Dodecahedron","MutagenicStrength","Eternal Feather","Blood Vial","Boot","Calipers","StoneCalendar","Dream Catcher"],"potions_floor_usage":[16,33,33,40,44,50,50,50],"damage_taken":[{"damage":0,"enemies":"Jaw Worm","floor":1,"turns":6},{"damage":14,"enemies":"Small Slimes","floor":3,"turns":4},{"damage":13,"enemies":"Lagavulin","floor":6,"turns":7},{"damage":0,"enemies":"Cultist","floor":7,"turns":4},{"damage":3,"enemies":"Exordium Wildlife","floor":11,"turns":4},{"damage":5,"enemies":"3 Sentries","floor":13,"turns":4},{"damage":2,"enemies":"3 Louse","floor":14,"turns":4},{"damage":11,"enemies":"Hexaghost","floor":16,"turns":7},{"damage":0,"enemies":"Shell Parasite","floor":18,"turns":5},{"damage":15,"enemies":"2 Thieves","floor":20,"turns":3},{"damage":6,"enemies":"Centurion and Healer","floor":21,"turns":5},{"damage":5,"enemies":"Chosen and Byrds","floor":22,"turns":6},{"damage":9,"enemies":"Slavers","floor":23,"turns":4},{"damage":0,"enemies":"Gremlin Leader","floor":27,"turns":5},{"damage":1,"enemies":"Snecko","floor":29,"turns":4},{"damage":9,"enemies":"Shelled Parasite and Fungi","floor":31,"turns":4},{"damage":9,"enemies":"Collector","floor":33,"turns":8},{"damage":4,"enemies":"3 Shapes","floor":35,"turns":3},{"damage":17,"enemies":"Orb Walker","floor":36,"turns":3},{"damage":17,"enemies":"Transient","floor":38,"turns":5},{"damage":25,"enemies":"Giant Head","floor":40,"turns":9},{"damage":0,"enemies":"4 Shapes","floor":41,"turns":4},{"damage":50,"enemies":"2 Orb Walkers","floor":42,"turns":6},{"damage":18,"enemies":"Reptomancer","floor":44,"turns":7},{"damage":23,"enemies":"Donu and Deca","floor":50,"turns":8}],"seed_played":"8720175855414656139","potions_obtained":[{"floor":1,"key":"Block Potion"},{"floor":3,"key":"Fire Potion"},{"floor":14,"key":"FairyPotion"},{"floor":18,"key":"Dexterity Potion"},{"floor":22,"key":"Dexterity Potion"},{"floor":27,"key":"GamblersBrew"},{"floor":33,"key":"Dexterity Potion"},{"floor":38,"key":"Ancient Potion"},{"floor":42,"key":"Weak Potion"},{"floor":44,"key":"GamblersBrew"},{"floor":45,"key":"Block Potion"}],"is_trial":false,"path_per_floor":["M","?","M","$","?","E","M","R","T","$","M","?","E","M","R","B",null,"M","?","M","M","M","E","R","$","T","E","?","M","?","M","R","B",null,"M","M","$","M","?","E","M","?","T","E","?","R","?","$","R","B",null],"character_chosen":"THE_SILENT","items_purchased":["Noxious Fumes","PiercingWail","Apotheosis","Blood Vial","Expertise"],"campfire_rested":1,"item_purchase_floors":[4,10,25,37,48],"current_hp_per_floor":[70,77,63,63,63,50,50,50,50,50,47,28,23,21,44,33,77,77,77,62,56,51,42,42,42,42,42,42,41,41,44,44,47,77,73,56,56,41,41,30,44,19,19,15,15,33,33,33,51,42],"gold":57,"neow_bonus":"REMOVE_CARD","is_prod":false,"is_daily":false,"chose_seed":false,"campfire_upgraded":5,"win_rate":0.0,"timestamp":1568123486,"path_taken":["M","?","M","$","?","E","M","R","T","$","M","?","E","M","R","BOSS","M","?","M","M","M","E","R","$","T","E","?","M","?","M","R","BOSS","M","M","$","M","?","E","M","?","T","E","?","R","?","$","R","BOSS"],"build_version":"2019-07-17","purchased_purges":3,"victory":true,"max_hp_per_floor":[70,77,77,77,77,77,77,77,77,77,77,77,77,77,77,77,77,77,77,77,77,77,77,77,77,77,77,77,77,77,77,77,77,77,77,77,77,77,77,77,77,77,77,77,77,77,77,77,77,77],"card_choices":[{"not_picked":["Sucker Punch","Riddle With Holes"],"picked":"Noxious Fumes","floor":1},{"not_picked":["Choke","Flechettes"],"picked":"Poisoned Stab","floor":3},{"not_picked":["Deflect","Choke"],"picked":"Corpse Explosion","floor":6},{"not_picked":["Sucker Punch","Deflect"],"picked":"Flying Knee","floor":7},{"not_picked":["Underhanded Strike","Adrenaline"],"picked":"Well Laid Plans","floor":11},{"not_picked":["Blade Dance","Blur"],"picked":"Backflip","floor":13},{"not_picked":["PiercingWail","Glass Knife"],"picked":"Bouncing Flask","floor":14},{"not_picked":["Night Terror","Corpse Explosion"],"picked":"After Image","floor":16},{"not_picked":["Deflect","Dodge and Roll+1"],"picked":"PiercingWail+1","floor":18},{"not_picked":["All Out Attack","Distraction+1"],"picked":"Bane+1","floor":20},{"not_picked":["Slice","Deflect+1","Riddle With Holes"],"picked":"SKIP","floor":21},{"not_picked":["Tactician","All Out Attack"],"picked":"Quick Slash","floor":22},{"not_picked":["Prepared+1","Riddle With Holes+1"],"picked":"Adrenaline","floor":23},{"not_picked":["Slice+1","Quick Slash"],"picked":"Footwork","floor":27},{"not_picked":["Quick Slash","Flechettes","Flying Knee"],"picked":"SKIP","floor":29},{"not_picked":["Sucker Punch","Dagger Throw+1"],"picked":"Deadly Poison+1","floor":31},{"not_picked":["Phantasmal Killer","Wraith Form v2"],"picked":"Night Terror","floor":33},{"not_picked":["Dagger Throw","Underhanded Strike+1","Dash+1"],"picked":"SKIP","floor":35},{"not_picked":["Slice","Blade Dance"],"picked":"Blur","floor":36},{"not_picked":["Backflip+1","Deadly Poison"],"picked":"Terror","floor":38},{"not_picked":["Apotheosis","Blind"],"picked":"Deep Breath","floor":39},{"not_picked":["Deadly Poison","Slice+1"],"picked":"Burst","floor":40},{"not_picked":["Quick Slash+1","Prepared+1"],"picked":"Footwork","floor":41},{"not_picked":["Underhanded Strike+1","Heel Hook"],"picked":"Prepared+1","floor":42},{"not_picked":["Outmaneuver","Heel Hook+1","Malaise"],"picked":"SKIP","floor":44}],"player_experience":12391,"relics_obtained":[{"floor":6,"key":"Nunchaku"},{"floor":9,"key":"Juzu Bracelet"},{"floor":13,"key":"Centennial Puzzle"},{"floor":23,"key":"Bag of Preparation"},{"floor":26,"key":"Meat on the Bone"},{"floor":27,"key":"Dodecahedron"},{"floor":40,"key":"Boot"},{"floor":42,"key":"Calipers"},{"floor":43,"key":"StoneCalendar"},{"floor":44,"key":"Dream Catcher"}],"event_choices":[{"damage_healed":0,"gold_gain":0,"player_choice":"Box","damage_taken":0,"relics_obtained":["Strawberry"],"max_hp_gain":0,"max_hp_loss":0,"event_name":"Big Fish","floor":2,"gold_loss":0,"cards_obtained":["Regret"]},{"damage_healed":0,"gold_gain":0,"player_choice":"Grow","damage_taken":0,"max_hp_gain":0,"max_hp_loss":0,"event_name":"Living Wall","floor":5,"gold_loss":0,"cards_upgraded":["Noxious Fumes"]},{"damage_healed":0,"gold_gain":0,"player_choice":"Take Damage","damage_taken":19,"relics_obtained":["Golden Idol"],"max_hp_gain":0,"max_hp_loss":0,"event_name":"Golden Idol","floor":12,"gold_loss":0},{"damage_healed":0,"gold_gain":0,"player_choice":"Read","damage_taken":0,"max_hp_gain":0,"max_hp_loss":0,"event_name":"The Library","floor":19,"gold_loss":0,"cards_obtained":["Noxious Fumes"]},{"damage_healed":0,"gold_gain":0,"player_choice":"Inject Mutagens","damage_taken":0,"relics_obtained":["MutagenicStrength"],"max_hp_gain":0,"max_hp_loss":0,"event_name":"Drug Dealer","floor":28,"gold_loss":0},{"damage_healed":0,"gold_gain":0,"player_choice":"Upgraded","damage_taken":0,"max_hp_gain":0,"max_hp_loss":0,"event_name":"Upgrade Shrine","floor":30,"gold_loss":0,"cards_upgraded":["Apotheosis"]},{"damage_healed":0,"gold_gain":0,"player_choice":"Memory 1","damage_taken":0,"max_hp_gain":0,"max_hp_loss":0,"event_name":"SensoryStone","floor":39,"gold_loss":0},{"damage_healed":0,"gold_gain":0,"player_choice":"Fight","damage_taken":0,"max_hp_gain":0,"max_hp_loss":0,"event_name":"Mysterious Sphere","floor":42,"gold_loss":0},{"damage_healed":0,"gold_gain":0,"player_choice":"Bought 1 Potion","damage_taken":0,"max_hp_gain":0,"max_hp_loss":0,"event_name":"The Woman in Blue","floor":45,"gold_loss":0},{"cards_removed":["Strike_G"],"damage_healed":0,"gold_gain":0,"player_choice":"Single Remove","damage_taken":0,"max_hp_gain":0,"max_hp_loss":0,"event_name":"Designer","floor":47,"gold_loss":60}],"is_beta":false,"boss_relics":[{"not_picked":["Calling Bell","Lizard Tail"],"picked":"Coffee Dripper"},{"not_picked":["WristBlade","Black Star"],"picked":"Eternal Feather"}],"items_purged_floors":[4,25,37],"is_endless":false,"potions_floor_spawned":[1,3,14,18,22,27,33,38,42,44],"ascension_level":0}