{"gold_per_floor":[117,128,146,146,160,160,175,175,199,225,300,300],"floor_reached":12,"playtime":775,"items_purged":[],"score":84,"play_id":"f7059027-f0b6-4b94-a130-fa53e7cc2209","local_time":"20190913010037","is_ascension_mode":true,"campfire_choices":[{"data":"Juggernaut","floor":6,"key":"SMITH"},{"data":"Shrug It Off","floor":8,"key":"SMITH"}],"neow_cost":"NONE","seed_source_timestamp":82841112757100,"circlet_count":0,"master_deck":["Strike_R","Strike_R","Strike_R","Strike_R","Strike_R","Defend_R","Defend_R","Defend_R","Defend_R","Bash","Purity","Shrug It Off+1","Perfected Strike+1","Cleave","Juggernaut+1","Second Wind","Reckless Charge"],"relics":["Burning Blood","Bronze Scales"],"potions_floor_usage":[12,12,12],"damage_taken":[{"damage":0,"enemies":"2 Louse","floor":1,"turns":2},{"damage":7,"enemies":"Cultist","floor":2,"turns":6},{"damage":0,"enemies":"Jaw Worm","floor":3,"turns":4},{"damage":0,"enemies":"3 Louse","floor":5,"turns":3},{"damage":19,"enemies":"Exordium Thugs","floor":7,"turns":4},{"damage":41,"enemies":"Gremlin Nob","floor":10,"turns":5},{"damage":31,"enemies":"3 Sentries","floor":12,"turns":8}],"seed_played":"3760255417027009306","potions_obtained":[{"floor":3,"key":"GamblersBrew"},{"floor":5,"key":"SkillPotion"},{"floor":10,"key":"Regen Potion"}],"is_trial":false,"path_per_floor":["M","M","M","?","M","R","M","R","T","E","?","E"],"character_chosen":"IRONCLAD","items_purchased":[],"campfire_rested":0,"item_purchase_floors":[],"current_hp_per_floor":[80,79,80,80,80,80,67,67,67,32,21,5],"gold":300,"neow_bonus":"RANDOM_COLORLESS","is_prod":false,"is_daily":false,"chose_seed":false,"campfire_upgraded":2,"win_rate":0,"timestamp":1568304037,"path_taken":["M","M","M","?","?","R","M","R","T","E","?","E"],"build_version":"2019-07-17","purchased_purges":0,"victory":false,"max_hp_per_floor":[80,80,80,80,80,80,80,80,80,80,80,80],"card_choices":[{"not_picked":["Warcry","Spot Weakness"],"picked":"Shrug It Off","floor":1},{"not_picked":["Iron Wave","Cleave"],"picked":"Perfected Strike","floor":2},{"not_picked":["Clash","Headbutt"],"picked":"Cleave","floor":3},{"not_picked":["True Grit","Body Slam"],"picked":"Juggernaut","floor":5},{"not_picked":["Rupture","Fire Breathing"],"picked":"Second Wind","floor":7},{"not_picked":["Hemokinesis","Sword Boomerang"],"picked":"Reckless Charge","floor":10}],"player_experience":47197,"relics_obtained":[{"floor":10,"key":"Bronze Scales"}],"event_choices":[{"damage_healed":0,"gold_gain":0,"player_choice":"Upgraded","damage_taken":0,"max_hp_gain":0,"max_hp_loss":0,"event_name":"Upgrade Shrine","floor":4,"gold_loss":0,"cards_upgraded":["Perfected Strike"]},{"damage_healed":0,"gold_gain":75,"player_choice":"Gather Gold","damage_taken":11,"max_hp_gain":0,"max_hp_loss":0,"event_name":"World of Goop","floor":11,"gold_loss":0}],"is_beta":false,"boss_relics":[],"items_purged_floors":[],"is_endless":false,"potions_floor_spawned":[3,5,10],"killed_by":"3 Sentries","ascension_level":1}