{"gold_per_floor":[118,135,155,155,172,203,203,233,233,233,262,274,292,327,327,401,401,421,696,715,715,725,725,755,161,239,164,189,207,242,253,253,324,324,344,363,374,474,493,493,521,552,614,626,215,215,234,265,265,265,265,265,265,23,58,58],"floor_reached":57,"playtime":6764,"items_purged":["Regret","Strike_B"],"score":3083,"play_id":"01e4ed40-7a67-4d84-bf22-2a22cb0adad3","local_time":"20190830164308","is_ascension_mode":true,"campfire_choices":[{"data":"Redo","floor":7.0,"key":"SMITH"},{"data":"Chaos","floor":10.0,"key":"SMITH"},{"data":"Glacier","floor":15.0,"key":"SMITH"},{"data":"Meteor Strike","floor":23.0,"key":"SMITH"},{"data":"Capacitor","floor":32.0,"key":"SMITH"},{"data":"Heatsinks","floor":40.0,"key":"SMITH"},{"floor":44.0,"key":"RECALL"},{"data":"Sunder","floor":46,"key":"SMITH"},{"data":"Electrodynamics","floor":49,"key":"SMITH"},{"data":"Compile Driver","floor":53,"key":"SMITH"}],"neow_cost":"TEN_PERCENT_HP_LOSS","seed_source_timestamp":81219263343257,"circlet_count":0,"master_deck":["AscendersBane","Strike_B","Defend_B","Defend_B","Zap","Dualcast","Rainbow","Self Repair","Glacier+1","Chaos+1","Redo+1","Compile Driver","Coolheaded+1","Rebound","Turbo+1","Stack+1","Meteor Strike+1","Amplify+1","Skim+1","Creative AI","Capacitor+1","Stack+1","Chill+1","Genetic Algorithm+1","Double Energy+1","Electrodynamics+1","Force Field+1","White Noise+1","Aggregate+1","Heatsinks+1","Glacier+1","Core Surge","Compile Driver+1","Coolheaded+1","Stack+1","Creative AI","Stack+1","Sunder+1","Coolheaded+1","Genetic Algorithm+1"],"special_seed":0,"relics":["Cracked Core","Mummified Hand","Toxic Egg 2","Du-Vu Doll","Bird Faced Urn","Bag of Marbles","Snecko Eye","Dodecahedron","Mercury Hourglass","Dream Catcher","Toy Ornithopter","Pear","Oddly Smooth Stone","Pen Nib","Orrery","Prayer Wheel","MawBank","DollysMirror","Gremlin Horn","Lantern","Anchor"],"potions_floor_usage":[51,55,56],"damage_taken":[{"damage":4.0,"enemies":"Cultist","floor":1.0,"turns":4.0},{"damage":0.0,"enemies":"2 Louse","floor":2.0,"turns":4.0},{"damage":7.0,"enemies":"Jaw Worm","floor":3.0,"turns":4.0},{"damage":0.0,"enemies":"Exordium Wildlife","floor":5.0,"turns":4.0},{"damage":0.0,"enemies":"Gremlin Nob","floor":6.0,"turns":3.0},{"damage":25.0,"enemies":"Lagavulin","floor":8.0,"turns":5.0},{"damage":12.0,"enemies":"3 Sentries","floor":11.0,"turns":7.0},{"damage":6.0,"enemies":"3 Louse","floor":12.0,"turns":3.0},{"damage":6.0,"enemies":"2 Fungi Beasts","floor":13.0,"turns":3.0},{"damage":21.0,"enemies":"Gremlin Nob","floor":14.0,"turns":4.0},{"damage":43.0,"enemies":"Hexaghost","floor":16.0,"turns":11.0},{"damage":0.0,"enemies":"Chosen","floor":18.0,"turns":3.0},{"damage":18.0,"enemies":"Shell Parasite","floor":20.0,"turns":5.0},{"damage":13.0,"enemies":"Snake Plant","floor":22.0,"turns":3.0},{"damage":38.0,"enemies":"Slavers","floor":24.0,"turns":5.0},{"damage":0.0,"enemies":"Gremlin Leader","floor":28.0,"turns":5.0},{"damage":0.0,"enemies":"Cultist and Chosen","floor":29.0,"turns":4.0},{"damage":3.0,"enemies":"Slavers","floor":30.0,"turns":3.0},{"damage":5.0,"enemies":"Snecko","floor":31.0,"turns":5.0},{"damage":17.0,"enemies":"Champ","floor":33.0,"turns":9.0},{"damage":2.0,"enemies":"Orb Walker","floor":35.0,"turns":4.0},{"damage":0.0,"enemies":"3 Darklings","floor":36.0,"turns":4.0},{"damage":0.0,"enemies":"Sphere and 2 Shapes","floor":37.0,"turns":4.0},{"damage":0.0,"enemies":"Mind Bloom Boss Battle","floor":38.0,"turns":3.0},{"damage":18.0,"enemies":"Maw","floor":39.0,"turns":6.0},{"damage":0.0,"enemies":"Nemesis","floor":41.0,"turns":5.0},{"damage":0.0,"enemies":"3 Darklings","floor":42.0,"turns":3.0},{"damage":0,"enemies":"Sphere and 2 Shapes","floor":47,"turns":3},{"damage":12,"enemies":"Reptomancer","floor":48,"turns":5},{"damage":39,"enemies":"Time Eater","floor":50,"turns":8},{"damage":2,"enemies":"Donu and Deca","floor":51,"turns":8},{"damage":28,"enemies":"Shield and Spear","floor":55,"turns":6},{"damage":0,"enemies":"The Heart","floor":56,"turns":9}],"seed_played":"1442983701688471958","potions_obtained":[{"floor":2.0,"key":"FearPotion"},{"floor":8.0,"key":"Regen Potion"},{"floor":11.0,"key":"Strength Potion"},{"floor":13.0,"key":"SneckoOil"},{"floor":16.0,"key":"GamblersBrew"},{"floor":20.0,"key":"Fire Potion"},{"floor":24.0,"key":"Regen Potion"},{"floor":31.0,"key":"Dexterity Potion"},{"floor":36.0,"key":"Poison Potion"},{"floor":39.0,"key":"Weak Potion"},{"floor":42.0,"key":"Strength Potion"}],"is_trial":false,"path_per_floor":["M","M","M","?","M","E","R","E","T","R","E","M","M","E","R","B",null,"M","?","M","T","M","R","E","$","T","?","E","M","E","M","R","B",null,"M","M","M","?","M","R","E","M","T","R","$","R","M","E","R","B","B",null,"R","$","E","B",null],"character_chosen":"DEFECT","items_purchased":["Capacitor","Stack+1","Dream Catcher","Toy Ornithopter","Sunder","Coolheaded+1","DollysMirror","Lantern","LiquidBronze"],"campfire_rested":0,"item_purchase_floors":[25,25,25,25,45,45,45,54,54],"current_hp_per_floor":[64,64,64,57,64,64,64,46,46,46,56,59,62,50,50,16,52,64,64,55,55,51,51,22,22,32,32,74,74,74,74,74,74,74,74,74,74,74,74,74,74,74,74,74,74,74,74,74,74,74,74,74,74,74,74,74],"gold":58,"neow_bonus":"TRANSFORM_TWO_CARDS","is_prod":false,"is_daily":false,"chose_seed":false,"campfire_upgraded":9,"win_rate":0,"timestamp":1567197788,"path_taken":["M","M","M","?","M","E","R","E","T","R","E","M","M","E","R","BOSS","M","?","?","?","M","R","E","$","T","?","E","M","E","M","R","BOSS","M","M","M","?","M","R","E","M","T","R","$","R","M","E","R","BOSS","BOSS","R","$","E","BOSS"],"build_version":"2019-07-17","purchased_purges":2,"victory":true,"max_hp_per_floor":[64,64,64,64,64,64,64,64,64,64,64,64,64,64,64,64,64,64,64,64,64,64,64,64,64,74,74,74,74,74,74,74,74,74,74,74,74,74,74,74,74,74,74,74,74,74,74,74,74,74,74,74,74,74,74,74],"card_choices":[{"not_picked":["Barrage","Cold Snap"],"picked":"Glacier","floor":1.0},{"not_picked":["Conserve Battery","Coolheaded"],"picked":"Chaos","floor":2.0},{"not_picked":["Hologram","Conserve Battery","Coolheaded"],"picked":"SKIP","floor":3.0},{"not_picked":["Meteor Strike","Steam"],"picked":"Redo","floor":5.0},{"not_picked":["Stack","Conserve Battery"],"picked":"Compile Driver","floor":6.0},{"not_picked":["Gash","Redo"],"picked":"Coolheaded","floor":8.0},{"not_picked":["Thunder Strike","Stack+1"],"picked":"Rebound","floor":11.0},{"not_picked":["Compile Driver","Ball Lightning"],"picked":"Turbo+1","floor":12.0},{"not_picked":["Cold Snap","Gash"],"picked":"Stack+1","floor":13.0},{"not_picked":["Stack+1","Leap+1"],"picked":"Meteor Strike","floor":14.0},{"not_picked":["Echo Form","All For One"],"picked":"Amplify+1","floor":16.0},{"not_picked":["Steam Power+1","Melter"],"picked":"Skim+1","floor":18.0},{"not_picked":["Cold Snap","Rip and Tear","Barrage"],"picked":"SKIP","floor":20.0},{"not_picked":["Gash","Steam+1","Barrage"],"picked":"SKIP","floor":22.0},{"not_picked":["Tempest+1","Coolheaded+1"],"picked":"Creative AI","floor":24.0},{"not_picked":["Rebound+1","Ball Lightning"],"picked":"Chill+1","floor":28.0},{"not_picked":["Glacier+1","Reinforced Body+1"],"picked":"Genetic Algorithm+1","floor":29.0},{"not_picked":["Beam Cell","Blizzard"],"picked":"Double Energy+1","floor":30.0},{"not_picked":["Redo+1","Reprogram+1","Steam+1"],"picked":"SKIP","floor":31.0},{"not_picked":["Reboot+1","Machine Learning"],"picked":"Electrodynamics","floor":33.0},{"not_picked":["Redo+1","Steam+1"],"picked":"Force Field+1","floor":34.0},{"not_picked":["Stack+1","Sweeping Beam"],"picked":"White Noise+1","floor":34.0},{"not_picked":["Scrape","Go for the Eyes"],"picked":"Aggregate+1","floor":34.0},{"not_picked":["Compile Driver","Steam+1"],"picked":"Heatsinks","floor":35.0},{"not_picked":["Stack+1","Cold Snap"],"picked":"Glacier+1","floor":36.0},{"not_picked":["Cold Snap+1","Darkness+1"],"picked":"Core Surge","floor":37.0},{"not_picked":["Fusion+1","Sweeping Beam"],"picked":"Compile Driver","floor":38.0},{"not_picked":["Steam+1","Ball Lightning"],"picked":"Coolheaded+1","floor":39.0},{"not_picked":["Leap+1","Streamline+1"],"picked":"Stack+1","floor":39.0},{"not_picked":["Cold Snap","Gash"],"picked":"Creative AI","floor":41.0},{"not_picked":["Darkness+1","Loop+1"],"picked":"Stack+1","floor":42.0},{"not_picked":["Conserve Battery+1","Storm","Loop"],"picked":"SKIP","floor":42.0},{"not_picked":["Rebound","Leap+1","Beam Cell"],"picked":"SKIP","floor":47},{"not_picked":["Aggregate+1","Chaos+1","Steam+1"],"picked":"SKIP","floor":47},{"not_picked":["Ball Lightning+1","BootSequence+1","Stack+1"],"picked":"SKIP","floor":48},{"not_picked":["Compile Driver","Conserve Battery+1","Fusion+1"],"picked":"SKIP","floor":55}],"player_experience":1908782,"relics_obtained":[{"floor":6.0,"key":"Mummified Hand"},{"floor":8.0,"key":"Toxic Egg 2"},{"floor":9.0,"key":"Du-Vu Doll"},{"floor":11.0,"key":"Bird Faced Urn"},{"floor":14.0,"key":"Bag of Marbles"},{"floor":21.0,"key":"Dodecahedron"},{"floor":24.0,"key":"Mercury Hourglass"},{"floor":26.0,"key":"Pear"},{"floor":28.0,"key":"Oddly Smooth Stone"},{"floor":30.0,"key":"Pen Nib"},{"floor":38.0,"key":"Prayer Wheel"},{"floor":41.0,"key":"MawBank"},{"floor":48,"key":"Gremlin Horn"},{"floor":55,"key":"Anchor"}],"event_choices":[{"cards_removed":["Defend_B"],"damage_healed":0.0,"max_hp_gain":0.0,"max_hp_loss":0.0,"gold_gain":0.0,"event_name":"Golden Wing","player_choice":"Card Removal","floor":4.0,"gold_loss":0.0,"damage_taken":7.0},{"damage_healed":0.0,"max_hp_gain":0.0,"max_hp_loss":0.0,"gold_gain":275.0,"event_name":"Golden Shrine","player_choice":"Desecrate","floor":19.0,"gold_loss":0.0,"damage_taken":0.0,"cards_obtained":["Regret"]},{"cards_removed":["Strike_B"],"damage_healed":0.0,"max_hp_gain":0.0,"max_hp_loss":0.0,"gold_gain":0.0,"event_name":"Beggar","player_choice":"Gave Gold","floor":27.0,"gold_loss":75.0,"damage_taken":0.0},{"damage_healed":0.0,"max_hp_gain":0.0,"max_hp_loss":0.0,"gold_gain":0.0,"event_name":"MindBloom","player_choice":"Fight","floor":38.0,"gold_loss":0.0,"damage_taken":0.0}],"is_beta":false,"boss_relics":[{"not_picked":["Sozu","Tiny House"],"picked":"Snecko Eye"},{"not_picked":["FrozenCore","Calling Bell"],"picked":"Orrery"}],"items_purged_floors":[25,45],"is_endless":false,"potions_floor_spawned":[2,8,11,13,16,20,24,31,36,39,42,47],"ascension_level":20}