{"gold_per_floor":[17,32,44,60,77,104,104,104],"floor_reached":8,"playtime":413,"items_purged":[],"score":120,"play_id":"a4835e0f-537e-43d4-b3c6-728d0239e6ab","local_time":"20190818171848","is_ascension_mode":true,"campfire_choices":[{"floor":7,"key":"REST"}],"neow_cost":"NO_GOLD","seed_source_timestamp":1907758993752583,"circlet_count":0,"master_deck":["AscendersBane","Strike_B","Strike_B","Strike_B","Strike_B","Defend_B","Defend_B","Defend_B","Defend_B","Zap","Dualcast","Biased Cognition","Lockon","Sweeping Beam","Melter","Darkness","Ball Lightning","Steam"],"relics":["Cracked Core","Nunchaku"],"potions_floor_usage":[5],"damage_taken":[{"damage":0,"enemies":"2 Louse","floor":1,"turns":3},{"damage":7,"enemies":"Jaw Worm","floor":2,"turns":2},{"damage":5,"enemies":"Small Slimes","floor":3,"turns":2},{"damage":9,"enemies":"2 Fungi Beasts","floor":4,"turns":3},{"damage":21,"enemies":"Gremlin Gang","floor":5,"turns":4},{"damage":20,"enemies":"3 Sentries","floor":6,"turns":4},{"damage":27,"enemies":"Lagavulin Event","floor":8,"turns":3}],"seed_played":"-1579659060818124605","potions_obtained":[{"floor":2,"key":"SteroidPotion"},{"floor":3,"key":"LiquidBronze"},{"floor":4,"key":"Fire Potion"}],"is_trial":false,"path_per_floor":["M","M","M","M","M","E","R","?"],"character_chosen":"DEFECT","items_purchased":[],"campfire_rested":1,"item_purchase_floors":[],"current_hp_per_floor":[64,57,52,43,22,2,23,0],"gold":104,"neow_bonus":"THREE_RARE_CARDS","is_prod":false,"is_daily":false,"chose_seed":false,"campfire_upgraded":0,"win_rate":0,"timestamp":1566163128,"path_taken":["M","M","M","M","M","E","R","?"],"build_version":"2019-07-17","purchased_purges":0,"victory":false,"max_hp_per_floor":[71,71,71,71,71,71,71,71],"card_choices":[{"not_picked":["Echo Form","All For One"],"picked":"Biased Cognition","floor":0},{"not_picked":["Stack","Beam Cell"],"picked":"Lockon","floor":1},{"not_picked":["Capacitor","Rebound"],"picked":"Sweeping Beam","floor":2},{"not_picked":["Beam Cell","Reprogram"],"picked":"Melter","floor":3},{"not_picked":["Hologram","Heatsinks"],"picked":"Darkness","floor":4},{"not_picked":["Coolheaded","Defragment"],"picked":"Ball Lightning","floor":5},{"not_picked":["Gash","Ball Lightning"],"picked":"Steam","floor":6}],"player_experience":1818257,"relics_obtained":[{"floor":6,"key":"Nunchaku"}],"event_choices":[{"damage_healed":0,"gold_gain":0,"player_choice":"Searched \u00271\u0027 times","damage_taken":0,"max_hp_gain":0,"max_hp_loss":0,"event_name":"Dead Adventurer","floor":8,"gold_loss":0}],"is_beta":false,"boss_relics":[],"items_purged_floors":[],"is_endless":false,"potions_floor_spawned":[2,3,4],"killed_by":"Lagavulin Event","ascension_level":20}