{"gold_per_floor":[112,128,22,34,48,48,73,73,73,105,121,121,86,86,86,164,164,184,184,15,29,46,46,76,91,91,91,118,133,133,160,160,235,235,252,252,271,285,2,37,37,37,60,91,102,102,136,5,5,5,5,5,5,5,5],"floor_reached":55,"playtime":6464,"items_purged":["Pain"],"score":2096,"play_id":"b7eb0c7a-e75b-4e32-a737-c0c8363e9817","local_time":"20190831143823","is_ascension_mode":true,"campfire_choices":[{"data":"Genetic Algorithm","floor":6.0,"key":"SMITH"},{"data":"Redo","floor":8.0,"key":"SMITH"},{"data":"Go for the Eyes","floor":15.0,"key":"SMITH"},{"floor":23.0,"key":"REST"},{"floor":27.0,"key":"REST"},{"floor":32.0,"key":"REST"},{"data":"Darkness","floor":41.0,"key":"SMITH"},{"floor":46,"key":"RECALL"},{"floor":49,"key":"REST"},{"floor":53,"key":"REST"}],"neow_cost":"TEN_PERCENT_HP_LOSS","seed_source_timestamp":160181568299206,"circlet_count":0,"master_deck":["AscendersBane","Strike_B","Strike_B","Strike_B","Defend_B","Defend_B","Defend_B","Zap","Dualcast","Coolheaded","Go for the Eyes+1","Gash","Genetic Algorithm+1","Redo+1","Lockon","Biased Cognition","Glacier","Echo Form","Stack","Sweeping Beam","Steam+1","All For One","Coolheaded","Genetic Algorithm+1","Capacitor","Core Surge","Go for the Eyes","Double Energy+1","Darkness+1","Redo"],"special_seed":0,"relics":["Cracked Core","Symbiotic Virus","Cables","Gremlin Horn","Philosopher\u0027s Stone","Blood Vial","Bag of Preparation","Mummified Hand","The Courier","WingedGreaves","Unceasing Top","Nuclear Battery","WarpedTongs","Kunai","Blue Candle","Regal Pillow","DataDisk","Oddly Smooth Stone"],"potions_floor_usage":[51,55],"damage_taken":[{"damage":0.0,"enemies":"Cultist","floor":1.0,"turns":3.0},{"damage":2.0,"enemies":"2 Louse","floor":2.0,"turns":3.0},{"damage":5.0,"enemies":"Jaw Worm","floor":4.0,"turns":3.0},{"damage":7.0,"enemies":"Exordium Thugs","floor":5.0,"turns":4.0},{"damage":13.0,"enemies":"Lagavulin","floor":7.0,"turns":7.0},{"damage":21.0,"enemies":"3 Sentries","floor":10.0,"turns":6.0},{"damage":0.0,"enemies":"Blue Slaver","floor":11.0,"turns":2.0},{"damage":5.0,"enemies":"The Guardian","floor":16.0,"turns":8.0},{"damage":25.0,"enemies":"Shell Parasite","floor":18.0,"turns":3.0},{"damage":0.0,"enemies":"2 Thieves","floor":21.0,"turns":4.0},{"damage":21.0,"enemies":"Shelled Parasite and Fungi","floor":22.0,"turns":3.0},{"damage":5.0,"enemies":"Gremlin Leader","floor":24.0,"turns":8.0},{"damage":6.0,"enemies":"Snake Plant","floor":25.0,"turns":4.0},{"damage":20.0,"enemies":"Book of Stabbing","floor":28.0,"turns":6.0},{"damage":19.0,"enemies":"Cultist and Chosen","floor":29.0,"turns":6.0},{"damage":0.0,"enemies":"Slavers","floor":31.0,"turns":7.0},{"damage":23.0,"enemies":"Automaton","floor":33.0,"turns":11.0},{"damage":0.0,"enemies":"3 Shapes","floor":35.0,"turns":3.0},{"damage":1.0,"enemies":"Orb Walker","floor":37.0,"turns":5.0},{"damage":11.0,"enemies":"Transient","floor":38.0,"turns":6.0},{"damage":0.0,"enemies":"Nemesis","floor":40.0,"turns":7.0},{"damage":7.0,"enemies":"Reptomancer","floor":44.0,"turns":11.0},{"damage":0.0,"enemies":"4 Shapes","floor":45.0,"turns":5.0},{"damage":8,"enemies":"Giant Head","floor":47,"turns":5},{"damage":55,"enemies":"Time Eater","floor":50,"turns":12},{"damage":7,"enemies":"Awakened One","floor":51,"turns":15},{"damage":81,"enemies":"Shield and Spear","floor":55,"turns":6}],"seed_played":"5539933053299492329","potions_obtained":[{"floor":2.0,"key":"Block Potion"},{"floor":4.0,"key":"AttackPotion"},{"floor":5.0,"key":"Poison Potion"},{"floor":10.0,"key":"Weak Potion"},{"floor":18.0,"key":"SpeedPotion"},{"floor":24.0,"key":"EntropicBrew"},{"floor":31.0,"key":"FearPotion"},{"floor":33.0,"key":"Poison Potion"},{"floor":35.0,"key":"Explosive Potion"},{"floor":38.0,"key":"Strength Potion"},{"floor":40.0,"key":"Strength Potion"},{"floor":47,"key":"Dexterity Potion"}],"is_trial":false,"path_per_floor":["M","M","$","M","M","R","E","R","T","E","M","?","?","?","R","B",null,"M","?","$","M","M","R","E","M","T","R","E","M","?","E","R","B",null,"M","?","M","M","$","E","R","?","T","E","M","R","E","$","R","B","B",null,"R","$","E"],"character_chosen":"DEFECT","items_purchased":["Gash","Strength Potion","Bag of Preparation","Kunai","Oddly Smooth Stone"],"campfire_rested":5,"item_purchase_floors":[3,3,20,39,48],"current_hp_per_floor":[64,62,62,57,50,50,37,37,37,16,16,16,32,37,37,32,60,35,35,35,37,18,38,35,31,31,51,33,16,16,18,38,17,56,58,58,59,50,50,52,52,52,52,47,49,49,43,43,66,11,6,51,66,66,0],"gold":5,"neow_bonus":"REMOVE_TWO","is_prod":false,"is_daily":false,"chose_seed":false,"campfire_upgraded":4,"win_rate":0,"timestamp":1567276703,"path_taken":["M","M","?","M","M","R","E","R","T","E","M","?","?","?","R","BOSS","M","?","?","M","M","R","E","M","T","R","E","M","?","E","R","BOSS","M","?","M","?","$","E","R","?","T","E","M","R","E","?","R","BOSS","BOSS","R","$","E"],"build_version":"2019-07-17","purchased_purges":1,"victory":false,"max_hp_per_floor":[64,64,64,64,64,64,64,64,64,64,64,64,64,69,69,69,69,69,69,69,69,69,69,69,69,69,69,69,69,69,69,69,69,69,69,69,69,69,69,69,69,66,66,66,66,66,66,66,66,66,66,66,66,66,66],"card_choices":[{"not_picked":["Turbo","Go for the Eyes"],"picked":"Coolheaded","floor":1.0},{"not_picked":["Beam Cell","Force Field"],"picked":"Go for the Eyes","floor":2.0},{"not_picked":["Static Discharge","Steam"],"picked":"Genetic Algorithm","floor":4.0},{"not_picked":["Steam","Leap"],"picked":"Redo","floor":5.0},{"not_picked":["Redo","Rebound"],"picked":"Lockon","floor":7.0},{"not_picked":["Streamline","Redo"],"picked":"Biased Cognition","floor":10.0},{"not_picked":["Undo","Ball Lightning"],"picked":"Glacier","floor":11.0},{"not_picked":["Rainbow","Fission"],"picked":"Echo Form","floor":16.0},{"not_picked":["Compile Driver","Skim"],"picked":"Stack","floor":18.0},{"not_picked":["Redo","Go for the Eyes"],"picked":"Sweeping Beam","floor":21.0},{"not_picked":["Conserve Battery","Beam Cell"],"picked":"Steam+1","floor":22.0},{"not_picked":["Rebound","Redo"],"picked":"All For One","floor":24.0},{"not_picked":["Streamline+1","Reprogram"],"picked":"Coolheaded","floor":25.0},{"not_picked":["Self Repair","Stack","Blizzard"],"picked":"SKIP","floor":28.0},{"not_picked":["Aggregate","Sweeping Beam","Conserve Battery"],"picked":"SKIP","floor":29.0},{"not_picked":["Leap","Sweeping Beam"],"picked":"Capacitor","floor":31.0},{"not_picked":["Buffer","Biased Cognition"],"picked":"Core Surge","floor":33.0},{"not_picked":["Streamline","Lockon+1"],"picked":"Go for the Eyes","floor":35.0},{"not_picked":["Beam Cell","Hello World"],"picked":"Double Energy+1","floor":37.0},{"not_picked":["Cold Snap+1","Coolheaded+1","Streamline"],"picked":"SKIP","floor":38.0},{"not_picked":["Sweeping Beam+1","Skim+1"],"picked":"Darkness","floor":40.0},{"not_picked":["Barrage","Chill+1","Streamline+1"],"picked":"SKIP","floor":44.0},{"not_picked":["Steam","Electrodynamics"],"picked":"Redo","floor":45.0},{"not_picked":["Go for the Eyes","Coolheaded","Doom and Gloom"],"picked":"SKIP","floor":47}],"player_experience":1915546,"relics_obtained":[{"floor":7.0,"key":"Symbiotic Virus"},{"floor":9.0,"key":"Cables"},{"floor":10.0,"key":"Gremlin Horn"},{"floor":24.0,"key":"Mummified Hand"},{"floor":26.0,"key":"The Courier"},{"floor":28.0,"key":"WingedGreaves"},{"floor":31.0,"key":"Unceasing Top"},{"floor":40.0,"key":"Blue Candle"},{"floor":44.0,"key":"Regal Pillow"},{"floor":47,"key":"DataDisk"}],"event_choices":[{"damage_healed":0.0,"max_hp_gain":0.0,"max_hp_loss":0.0,"gold_gain":0.0,"event_name":"Golden Wing","player_choice":"Ignored","floor":12.0,"gold_loss":0.0,"damage_taken":0.0},{"damage_healed":16.0,"max_hp_gain":0.0,"max_hp_loss":0.0,"gold_gain":0.0,"event_name":"The Cleric","player_choice":"Healed","floor":13.0,"gold_loss":35.0,"damage_taken":0.0},{"damage_healed":0.0,"max_hp_gain":5.0,"max_hp_loss":0.0,"gold_gain":0.0,"event_name":"Big Fish","player_choice":"Donut","floor":14.0,"gold_loss":0.0,"damage_taken":0.0},{"damage_healed":0.0,"max_hp_gain":0.0,"max_hp_loss":0.0,"gold_gain":0.0,"event_name":"WeMeetAgain","player_choice":"Gave Potion","floor":19.0,"gold_loss":0.0,"damage_taken":0.0,"relics_obtained":["Blood Vial"]},{"damage_healed":0.0,"max_hp_gain":0.0,"max_hp_loss":0.0,"gold_gain":0.0,"event_name":"Duplicator","player_choice":"Copied","floor":30.0,"gold_loss":0.0,"damage_taken":0.0,"cards_obtained":["Genetic Algorithm"]},{"damage_healed":0.0,"max_hp_gain":0.0,"max_hp_loss":0.0,"gold_gain":0.0,"event_name":"Accursed Blacksmith","player_choice":"Rummage","floor":36.0,"gold_loss":0.0,"damage_taken":0.0,"relics_obtained":["WarpedTongs"],"cards_obtained":["Pain"]},{"damage_healed":0.0,"max_hp_gain":0.0,"max_hp_loss":3.0,"gold_gain":0.0,"event_name":"Winding Halls","player_choice":"Max HP","floor":42.0,"gold_loss":0.0,"damage_taken":0.0}],"is_beta":false,"boss_relics":[{"not_picked":["Lizard Tail","Cursed Key"],"picked":"Philosopher\u0027s Stone"},{"not_picked":["Busted Crown","Inserter"],"picked":"Nuclear Battery"}],"items_purged_floors":[39],"is_endless":false,"potions_floor_spawned":[2,4,5,10,18,24,31,33,35,38,40,47],"killed_by":"Shield and Spear","ascension_level":20}