{"gold_per_floor":[119,119,130,130,142,142,152,176,203,219,22,22,50,67,67,167,167,179,179,191,206,224,224,255,255,255,255,268,301,301,336,336,336],"floor_reached":33,"playtime":1639,"items_purged":[],"score":414,"play_id":"ddbda58e-186a-4f8b-8c2e-de8677f7fd3e","local_time":"20190527195224","is_ascension_mode":true,"campfire_choices":[{"data":"Intimidate","floor":6,"key":"SMITH"},{"data":"Offering","floor":12,"key":"SMITH"},{"data":"True Grit","floor":15,"key":"SMITH"},{"floor":23,"key":"REST"},{"floor":25,"key":"REST"},{"floor":27,"key":"REST"},{"floor":32,"key":"REST"}],"neow_cost":"NONE","seed_source_timestamp":7840595435213,"circlet_count":0,"master_deck":["Strike_R","Strike_R","Strike_R","Defend_R","Defend_R","Defend_R","Defend_R","Bash","Dark Embrace","Infernal Blade","Infernal Blade","Intimidate+1","Wild Strike","Whirlwind","Shrug It Off","Offering+1","Shockwave","Clothesline","True Grit+1","Fiend Fire","Cleave+1","Armaments","Sword Boomerang+1","Heavy Blade+1","Reckless Charge","Armaments+1","Impervious","Flex","Armaments+1"],"relics":["Burning Blood","Potion Belt","Happy Flower","PreservedInsect","Fusion Hammer","Mummified Hand","Bottled Flame","Blood Vial","Strawberry"],"potions_floor_usage":[13,13,14,14,20,24,31,33],"damage_taken":[{"damage":14,"enemies":"Jaw Worm","floor":1,"turns":4},{"damage":0,"enemies":"Cultist","floor":3,"turns":2},{"damage":0,"enemies":"2 Louse","floor":5,"turns":2},{"damage":8,"enemies":"Red Slaver","floor":7,"turns":4},{"damage":9,"enemies":"Exordium Wildlife","floor":10,"turns":3},{"damage":20,"enemies":"3 Sentries","floor":13,"turns":6},{"damage":12,"enemies":"Exordium Thugs","floor":14,"turns":4},{"damage":20,"enemies":"The Guardian","floor":16,"turns":13},{"damage":0,"enemies":"3 Byrds","floor":18,"turns":4},{"damage":25,"enemies":"2 Thieves","floor":20,"turns":3},{"damage":26,"enemies":"Sentry and Sphere","floor":21,"turns":7},{"damage":16,"enemies":"Centurion and Healer","floor":22,"turns":5},{"damage":14,"enemies":"Gremlin Leader","floor":24,"turns":5},{"damage":16,"enemies":"3 Cultists","floor":28,"turns":4},{"damage":24,"enemies":"Slavers","floor":29,"turns":4},{"damage":33,"enemies":"Book of Stabbing","floor":31,"turns":5},{"damage":82,"enemies":"Automaton","floor":33,"turns":10}],"seed_played":"3418633854252403471","potions_obtained":[{"floor":5,"key":"Fruit Juice"},{"floor":7,"key":"Poison Potion"},{"floor":10,"key":"FearPotion"},{"floor":16,"key":"EssenceOfSteel"},{"floor":18,"key":"Strength Potion"},{"floor":20,"key":"Block Potion"},{"floor":29,"key":"Swift Potion"}],"is_trial":false,"path_per_floor":["M","?","M","?","M","R","M","T","T","M","$","R","E","M","R","B",null,"M","?","M","M","M","R","E","R","T","R","M","E","?","E","R","B"],"character_chosen":"IRONCLAD","items_purchased":["Offering","Fire Potion","Shockwave"],"campfire_rested":4,"item_purchase_floors":[11,11,11],"current_hp_per_floor":[64,64,70,70,76,76,74,74,74,71,71,71,57,56,56,42,74,80,80,61,41,31,56,48,73,73,85,75,57,57,39,66,0],"gold":336,"neow_bonus":"ONE_RANDOM_RARE_CARD","is_prod":false,"is_daily":false,"chose_seed":false,"campfire_upgraded":3,"win_rate":0,"timestamp":1558950744,"path_taken":["M","?","?","?","M","R","?","?","T","?","$","R","E","M","R","BOSS","M","?","M","M","M","R","E","R","T","R","M","E","?","E","R","BOSS"],"build_version":"2019-01-23","purchased_purges":0,"victory":false,"max_hp_per_floor":[80,80,80,80,80,80,80,80,80,80,80,80,80,85,85,85,85,85,85,85,85,85,85,85,85,85,85,85,85,85,92,92,92],"card_choices":[{"not_picked":["Clothesline","Sword Boomerang"],"picked":"Infernal Blade","floor":1},{"not_picked":["Warcry","True Grit"],"picked":"Intimidate","floor":3},{"not_picked":["Hemokinesis","Cleave"],"picked":"Wild Strike","floor":5},{"not_picked":["Burning Pact","Combust"],"picked":"Whirlwind","floor":7},{"not_picked":["Havoc","Headbutt"],"picked":"Shrug It Off","floor":10},{"not_picked":["Anger","Warcry"],"picked":"Clothesline","floor":13},{"not_picked":["Clash","Armaments"],"picked":"True Grit","floor":14},{"not_picked":["Offering","Dark Embrace"],"picked":"Fiend Fire","floor":16},{"not_picked":["Pommel Strike","Inflame"],"picked":"Cleave+1","floor":18},{"not_picked":["Whirlwind","Shrug It Off"],"picked":"Sword Boomerang+1","floor":20},{"not_picked":["Clothesline","Iron Wave"],"picked":"Heavy Blade+1","floor":21},{"not_picked":["Iron Wave","Corruption+1"],"picked":"Reckless Charge","floor":22},{"not_picked":["Rampage","Clash+1"],"picked":"Armaments+1","floor":24},{"not_picked":["Rupture","Cleave"],"picked":"Impervious","floor":28},{"not_picked":["Headbutt","Twin Strike+1"],"picked":"Flex","floor":29},{"not_picked":["Sword Boomerang","Bloodletting"],"picked":"Armaments+1","floor":31}],"player_experience":741637,"relics_obtained":[{"floor":8,"key":"Potion Belt"},{"floor":9,"key":"Happy Flower"},{"floor":13,"key":"PreservedInsect"},{"floor":24,"key":"Mummified Hand"},{"floor":26,"key":"Bottled Flame"},{"floor":29,"key":"Blood Vial"},{"floor":31,"key":"Strawberry"}],"event_choices":[{"damage_healed":0,"gold_gain":0,"cards_transformed":["Strike_R"],"player_choice":"Transformed","damage_taken":0,"max_hp_gain":0,"max_hp_loss":0,"event_name":"Transmorgrifier","floor":2,"gold_loss":0,"cards_obtained":["Infernal Blade"]},{"damage_healed":0,"gold_gain":0,"player_choice":"Bought 0 Potions","damage_taken":0,"max_hp_gain":0,"max_hp_loss":0,"event_name":"The Woman in Blue","floor":4,"gold_loss":0},{"damage_healed":0,"gold_gain":0,"player_choice":"Read","damage_taken":0,"max_hp_gain":0,"max_hp_loss":0,"event_name":"The Library","floor":19,"gold_loss":0,"cards_obtained":["Armaments"]},{"cards_removed":["Strike_R"],"damage_healed":0,"gold_gain":0,"player_choice":"Purged","damage_taken":0,"max_hp_gain":0,"max_hp_loss":0,"event_name":"Purifier","floor":30,"gold_loss":0}],"is_beta":false,"boss_relics":[{"not_picked":["Empty Cage","Snecko Eye"],"picked":"Fusion Hammer"}],"items_purged_floors":[],"is_endless":false,"potions_floor_spawned":[5,7,10,16,18,20,29],"killed_by":"Automaton","ascension_level":7}