{"gold_per_floor":[109,126,153,153,164,214,214,243,243,263,263,292,292],"floor_reached":13,"playtime":777,"items_purged":[],"score":172,"play_id":"f931a912-d71f-4304-8c63-979d930ebd5c","local_time":"20190810203755","is_ascension_mode":true,"campfire_choices":[{"data":"Barricade","floor":7,"key":"SMITH"},{"floor":11,"key":"REST"}],"neow_cost":"NONE","seed_source_timestamp":0,"circlet_count":0,"master_deck":["AscendersBane","Strike_R","Strike_R","Strike_R","Strike_R","Defend_R","Defend_R","Defend_R","Defend_R","Bash","Barricade+1","Ghostly Armor","Dropkick","Intimidate","Sever Soul","Evolve","Wild Strike","Twin Strike"],"special_seed":0,"relics":["Burning Blood","Bag of Marbles","Bottled Tornado","Potion Belt","Boot"],"potions_floor_usage":[8,12,12],"damage_taken":[{"damage":7,"enemies":"Cultist","floor":1,"turns":4},{"damage":2,"enemies":"2 Louse","floor":2,"turns":3},{"damage":7,"enemies":"Small Slimes","floor":5,"turns":4},{"damage":53,"enemies":"Lagavulin","floor":8,"turns":10},{"damage":7,"enemies":"2 Fungi Beasts","floor":10,"turns":4},{"damage":7,"enemies":"3 Sentries","floor":12,"turns":10},{"damage":36,"enemies":"Lots of Slimes","floor":13,"turns":3}],"seed_played":"5520058871398503422","potions_obtained":[{"floor":1,"key":"Weak Potion"},{"floor":8,"key":"Dexterity Potion"},{"floor":10,"key":"SkillPotion"}],"is_trial":false,"path_per_floor":["M","M","T","?","M","?","R","E","T","M","R","E","M"],"character_chosen":"IRONCLAD","items_purchased":[],"campfire_rested":1,"item_purchase_floors":[],"current_hp_per_floor":[67,71,71,71,70,63,63,16,16,15,37,36,0],"gold":292,"neow_bonus":"ONE_RANDOM_RARE_CARD","is_prod":false,"is_daily":false,"chose_seed":false,"campfire_upgraded":1,"win_rate":0,"timestamp":1565433475,"path_taken":["M","M","?","?","M","?","R","E","T","M","R","E","M"],"build_version":"2019-07-17","purchased_purges":0,"victory":false,"max_hp_per_floor":[75,75,75,75,75,75,75,75,75,75,75,75,75],"card_choices":[{"not_picked":["Sentinel","Havoc"],"picked":"Ghostly Armor","floor":1},{"not_picked":["Wild Strike","Shrug It Off"],"picked":"Dropkick","floor":2},{"not_picked":["Clash","Warcry"],"picked":"Sever Soul","floor":5},{"not_picked":["True Grit","Iron Wave"],"picked":"Evolve","floor":8},{"not_picked":["Exhume","Warcry"],"picked":"Wild Strike","floor":10},{"not_picked":["Armaments","True Grit"],"picked":"Twin Strike","floor":12}],"player_experience":1177692,"relics_obtained":[{"floor":3,"key":"Bag of Marbles"},{"floor":8,"key":"Bottled Tornado"},{"floor":9,"key":"Potion Belt"},{"floor":12,"key":"Boot"}],"event_choices":[{"damage_healed":0,"gold_gain":0,"cards_transformed":["Strike_R"],"player_choice":"Change","damage_taken":0,"max_hp_gain":0,"max_hp_loss":0,"event_name":"Living Wall","floor":4,"gold_loss":0,"cards_obtained":["Intimidate"]},{"damage_healed":0,"gold_gain":50,"player_choice":"Touch","damage_taken":7,"max_hp_gain":0,"max_hp_loss":0,"event_name":"FaceTrader","floor":6,"gold_loss":0}],"is_beta":false,"boss_relics":[],"items_purged_floors":[],"is_endless":false,"potions_floor_spawned":[1,8,10],"killed_by":"Lots of Slimes","ascension_level":17}