{"gold_per_floor":[114,133,144,69,89,89,118,131,154,164,164,164,180,197,197,297,347,362,381,227,242,254,254,264,264,287,287],"floor_reached":27,"playtime":1325,"items_purged":["Strike_G","Strike_G"],"score":343,"play_id":"e6a63fe6-c782-42f1-8af7-e289361d31db","local_time":"20181201184303","is_ascension_mode":true,"campfire_choices":[{"data":"Dagger Spray","floor":6,"key":"SMITH"},{"data":"Bouncing Flask","floor":12,"key":"SMITH"},{"floor":15,"key":"REST"},{"floor":23,"key":"REST"},{"floor":25,"key":"REST"}],"neow_cost":"NONE","seed_source_timestamp":71044764747262,"circlet_count":0,"master_deck":["AscendersBane","Defend_G","Defend_G","Defend_G","Defend_G","Defend_G","Strike_G+1","Strike_G","Survivor","Neutralize+1","Sucker Punch","Bouncing Flask+1","Dagger Spray+1","Predator","Backstab","Flying Knee","Outmaneuver+1","Dodge and Roll","Dagger Throw","Bane+1","Poisoned Stab","Backflip+1"],"relics":["Ring of the Snake","Potion Belt","Happy Flower","CultistMask","Tiny House","Whetstone"],"potions_floor_usage":[7,13,18,21,22,27,27],"damage_taken":[{"damage":5,"enemies":"Jaw Worm","floor":1,"turns":9},{"damage":5,"enemies":"Cultist","floor":2,"turns":5},{"damage":0,"enemies":"2 Louse","floor":3,"turns":4},{"damage":2,"enemies":"Looter","floor":5,"turns":4},{"damage":22,"enemies":"Lagavulin","floor":7,"turns":5},{"damage":0,"enemies":"Blue Slaver","floor":8,"turns":3},{"damage":0,"enemies":"Exordium Wildlife","floor":10,"turns":4},{"damage":3,"enemies":"Exordium Thugs","floor":13,"turns":3},{"damage":0,"enemies":"Large Slime","floor":14,"turns":4},{"damage":18,"enemies":"The Guardian","floor":16,"turns":9},{"damage":7,"enemies":"Shell Parasite","floor":18,"turns":5},{"damage":1,"enemies":"3 Byrds","floor":19,"turns":5},{"damage":13,"enemies":"Snake Plant","floor":21,"turns":4},{"damage":34,"enemies":"3 Cultists","floor":22,"turns":6},{"damage":21,"enemies":"Snecko","floor":24,"turns":4},{"damage":43,"enemies":"Slavers","floor":27,"turns":5}],"seed_played":"2315418808772896743","potions_obtained":[{"floor":3,"key":"PowerPotion"},{"floor":8,"key":"SkillPotion"},{"floor":10,"key":"Block Potion"},{"floor":13,"key":"Swift Potion"},{"floor":16,"key":"Ancient Potion"},{"floor":17,"key":"FairyPotion"},{"floor":18,"key":"LiquidBronze"},{"floor":19,"key":"Weak Potion"},{"floor":24,"key":"Weak Potion"}],"is_trial":false,"path_per_floor":["M","M","M","$","M","R","E","M","T","M","?","R","M","M","R","B",null,"M","M","$","M","M","R","M","R","T","E"],"character_chosen":"THE_SILENT","items_purchased":["Poisoned Stab"],"campfire_rested":3,"item_purchase_floors":[20],"current_hp_per_floor":[58,53,53,53,51,51,29,29,29,29,29,29,26,26,47,29,65,58,57,57,44,10,32,11,33,33,0],"gold":287,"neow_bonus":"REMOVE_CARD","is_prod":false,"is_daily":false,"chose_seed":false,"campfire_upgraded":2,"win_rate":0,"timestamp":1543707783,"path_taken":["M","M","M","$","M","R","E","M","T","M","?","R","?","M","R","BOSS","M","M","$","?","M","R","M","R","T","E"],"build_version":"2018-11-15","purchased_purges":2,"victory":false,"max_hp_per_floor":[70,70,70,70,70,70,70,70,70,70,70,70,70,70,70,70,75,75,75,75,75,75,75,75,75,75,75],"card_choices":[{"not_picked":["Bane","Dash"],"picked":"Sucker Punch","floor":1},{"not_picked":["Flying Knee","Bane"],"picked":"Bouncing Flask","floor":2},{"not_picked":["Dodge and Roll","All Out Attack"],"picked":"Dagger Spray","floor":3},{"not_picked":["Caltrops","Underhanded Strike"],"picked":"Predator","floor":5},{"not_picked":["Acrobatics","Expertise"],"picked":"Backstab","floor":7},{"not_picked":["After Image","Riddle With Holes"],"picked":"Flying Knee","floor":8},{"not_picked":["Dagger Spray","Underhanded Strike","Poisoned Stab"],"picked":"SKIP","floor":10},{"not_picked":["Accuracy","Backflip"],"picked":"Outmaneuver","floor":13},{"not_picked":["Bane","Poisoned Stab"],"picked":"Dodge and Roll","floor":14},{"not_picked":["Deflect","Underhanded Strike"],"picked":"Dagger Throw","floor":17},{"not_picked":["Footwork","Dagger Spray","Deadly Poison"],"picked":"SKIP","floor":18},{"not_picked":["Calculated Gamble","Heel Hook"],"picked":"Bane+1","floor":19},{"not_picked":["Prepared+1","Poisoned Stab","Terror"],"picked":"SKIP","floor":21},{"not_picked":["Dodge and Roll","Outmaneuver","Dagger Throw"],"picked":"SKIP","floor":22},{"not_picked":["Poisoned Stab","Sucker Punch"],"picked":"Backflip+1","floor":24}],"player_experience":741522,"relics_obtained":[{"floor":7,"key":"Potion Belt"},{"floor":9,"key":"Happy Flower"},{"floor":26,"key":"Whetstone"}],"event_choices":[{"damage_healed":0,"gold_gain":0,"player_choice":"Trade","damage_taken":0,"relics_obtained":["CultistMask"],"max_hp_gain":0,"max_hp_loss":0,"event_name":"FaceTrader","floor":11,"gold_loss":0}],"is_beta":false,"boss_relics":[{"not_picked":["Coffee Dripper","Eternal Feather"],"picked":"Tiny House"}],"items_purged_floors":[4,20],"is_endless":false,"potions_floor_spawned":[3,8,10,13,16,18,19,24],"killed_by":"Slavers","ascension_level":11}