{"gold_per_floor":[11,11,29,29,29,29,56,66,93,123,123,143,143],"floor_reached":13,"playtime":648,"items_purged":[],"score":181,"play_id":"ac342882-e9c1-456d-9c3f-fe7ba2ae6247","local_time":"20190422234430","is_ascension_mode":true,"campfire_choices":[{"data":"Feel No Pain","floor":6,"key":"SMITH"},{"floor":11,"key":"REST"}],"neow_cost":"NO_GOLD","seed_source_timestamp":882058948225900,"circlet_count":0,"master_deck":["AscendersBane","Strike_R","Strike_R","Strike_R","Strike_R","Strike_R","Defend_R","Defend_R","Defend_R","Defend_R","Bash","Fiend Fire","Power Through","Feel No Pain+1","Regret","Exhume"],"relics":["Burning Blood","Juzu Bracelet","Potion Belt","Oddly Smooth Stone"],"potions_floor_usage":[10],"damage_taken":[{"damage":7,"enemies":"Jaw Worm","floor":1,"turns":3},{"damage":1,"enemies":"2 Louse","floor":3,"turns":3},{"damage":21,"enemies":"3 Sentries","floor":7,"turns":19},{"damage":9,"enemies":"Cultist","floor":8,"turns":5},{"damage":51,"enemies":"Lagavulin","floor":10,"turns":11},{"damage":21,"enemies":"Looter","floor":12,"turns":4},{"damage":19,"enemies":"The Mushroom Lair","floor":13,"turns":2}],"seed_played":"262244625225924940","potions_obtained":[{"floor":1,"key":"PowerPotion"},{"floor":3,"key":"SkillPotion"},{"floor":10,"key":"Ancient Potion"}],"is_trial":false,"path_per_floor":["M","?","M","?","$","R","E","M","T","E","R","M","?"],"character_chosen":"IRONCLAD","items_purchased":[],"campfire_rested":1,"item_purchase_floors":[],"current_hp_per_floor":[67,67,72,72,72,72,57,54,54,9,31,16,0],"gold":143,"neow_bonus":"THREE_RARE_CARDS","is_prod":false,"is_daily":false,"chose_seed":false,"campfire_upgraded":1,"win_rate":0,"timestamp":1556001870,"path_taken":["M","?","M","?","$","R","E","M","T","E","R","M","?"],"build_version":"2019-01-23","purchased_purges":0,"victory":false,"max_hp_per_floor":[75,75,75,75,75,75,75,75,75,75,75,75,75],"card_choices":[{"not_picked":["Demon Form","Barricade"],"picked":"Fiend Fire","floor":0},{"not_picked":["Inflame","Corruption"],"picked":"Power Through","floor":1},{"not_picked":["True Grit","Uppercut"],"picked":"Feel No Pain","floor":3},{"not_picked":["Cleave","Combust","Iron Wave"],"picked":"SKIP","floor":7},{"not_picked":["Intimidate","Flex","Thunderclap"],"picked":"SKIP","floor":8},{"not_picked":["Hemokinesis","Armaments"],"picked":"Exhume","floor":10},{"not_picked":["Clothesline","True Grit","Second Wind"],"picked":"SKIP","floor":12}],"player_experience":478339,"relics_obtained":[{"floor":7,"key":"Juzu Bracelet"},{"floor":9,"key":"Potion Belt"},{"floor":10,"key":"Oddly Smooth Stone"}],"event_choices":[{"damage_healed":0,"gold_gain":0,"player_choice":"Leave","damage_taken":0,"max_hp_gain":0,"max_hp_loss":0,"event_name":"The Cleric","floor":2,"gold_loss":0},{"damage_healed":0,"gold_gain":0,"player_choice":"1 cards matched","damage_taken":0,"max_hp_gain":0,"max_hp_loss":0,"event_name":"Match and Keep!","floor":4,"gold_loss":0,"cards_obtained":["Regret"]},{"damage_healed":0,"gold_gain":0,"player_choice":"Fought Mushrooms","damage_taken":0,"max_hp_gain":0,"max_hp_loss":0,"event_name":"Mushrooms","floor":13,"gold_loss":0}],"is_beta":false,"boss_relics":[],"items_purged_floors":[],"is_endless":false,"potions_floor_spawned":[1,3,10],"killed_by":"The Mushroom Lair","ascension_level":19}