{"gold_per_floor":[113,126,139,155,155,185,195,195,218,218,218,218,234,248,248,351,351,371,381,28,43,56,56,56],"floor_reached":24,"playtime":1482,"items_purged":["Strike_P"],"score":233,"play_id":"9b19d431-2148-4a59-9d9d-65889b6123e6","local_time":"20190910215533","is_ascension_mode":true,"campfire_choices":[{"floor":8.0,"key":"REST"},{"floor":11.0,"key":"REST"},{"floor":15.0,"key":"REST"}],"neow_cost":"NONE","seed_source_timestamp":12800378850512,"circlet_count":0,"master_deck":["Strike_P","Strike_P","Strike_P","Defend_P","Defend_P","Defend_P","Defend_P","Eruption","Vigilance","FearNoEvil","MentalFortress","Nirvana","Evaluate","ThirdEye","FollowUp","EmptyBody","FlyingSleeves","DevaForm","TalkToTheHand","CrushJoints+1","Consecrate","Sanctity","Worship"],"special_seed":0,"relics":["PureWater","NeowsBlessing","Melange","Oddly Smooth Stone","Bottled Tornado","SacredBark","Letter Opener"],"potions_floor_usage":[18,19,23],"damage_taken":[{"damage":0.0,"enemies":"Small Slimes","floor":1.0,"turns":1.0},{"damage":0.0,"enemies":"2 Louse","floor":2.0,"turns":1.0},{"damage":0.0,"enemies":"Jaw Worm","floor":3.0,"turns":1.0},{"damage":8.0,"enemies":"Gremlin Gang","floor":4.0,"turns":3.0},{"damage":50.0,"enemies":"Lagavulin","floor":6.0,"turns":7.0},{"damage":10.0,"enemies":"3 Louse","floor":7.0,"turns":4.0},{"damage":11.0,"enemies":"Exordium Wildlife","floor":13.0,"turns":5.0},{"damage":14.0,"enemies":"Looter","floor":14.0,"turns":3.0},{"damage":37,"enemies":"The Guardian","floor":16,"turns":16},{"damage":31,"enemies":"2 Thieves","floor":18,"turns":4},{"damage":1,"enemies":"3 Byrds","floor":19,"turns":7},{"damage":21,"enemies":"Snake Plant","floor":21,"turns":9},{"damage":13,"enemies":"Shelled Parasite and Fungi","floor":22,"turns":12},{"damage":0,"enemies":"Slavers","floor":23,"turns":1},{"damage":48,"enemies":"Chosen and Byrds","floor":24,"turns":5}],"seed_played":"5117761427870620190","potions_obtained":[{"floor":2.0,"key":"SkillPotion"},{"floor":3.0,"key":"Fire Potion"},{"floor":6.0,"key":"GamblersBrew"},{"floor":13.0,"key":"SmokeBomb"},{"floor":16,"key":"Strength Potion"},{"floor":18,"key":"GamblersBrew"},{"floor":21,"key":"FairyPotion"}],"is_trial":false,"path_per_floor":["M","M","M","M","?","E","M","R","T","?","R","T","M","M","R","B",null,"M","M","$","M","M","E","M"],"character_chosen":"WATCHER","items_purchased":["Consecrate","Letter Opener"],"campfire_rested":3,"item_purchase_floors":[20,20],"current_hp_per_floor":[65,65,65,57,62,12,2,23,23,23,44,44,33,19,40,3,70,39,38,38,17,4,4,0],"gold":56,"neow_bonus":"THREE_ENEMY_KILL","is_prod":false,"is_daily":false,"chose_seed":false,"campfire_upgraded":0,"win_rate":0,"timestamp":1568116533,"path_taken":["M","M","M","M","?","E","M","R","T","?","R","?","M","M","R","BOSS","M","M","$","M","M","E","M"],"build_version":"2019-09-09v2","purchased_purges":1,"victory":false,"max_hp_per_floor":[65,65,65,65,70,70,70,70,70,70,70,70,70,70,70,70,70,70,70,70,70,70,70,70],"card_choices":[{"not_picked":["BowlingBash","Perseverance"],"picked":"FearNoEvil","floor":1.0},{"not_picked":["BowlingBash","Vengeance"],"picked":"MentalFortress","floor":2.0},{"not_picked":["ClearTheMind","Weave"],"picked":"Nirvana","floor":3.0},{"not_picked":["BowlingBash","CutThroughFate"],"picked":"Evaluate","floor":4.0},{"not_picked":["EmptyMind","JustLucky"],"picked":"ThirdEye","floor":6.0},{"not_picked":["BowlingBash","Perseverance"],"picked":"FollowUp","floor":7.0},{"not_picked":["CutThroughFate","ClearTheMind"],"picked":"EmptyBody","floor":13.0},{"not_picked":["WreathOfFlame","JustLucky"],"picked":"FlyingSleeves","floor":14.0},{"not_picked":["Metaphysics","Brilliance"],"picked":"DevaForm","floor":16},{"not_picked":["CrushJoints","BowlingBash"],"picked":"TalkToTheHand","floor":18},{"not_picked":["WaveOfTheHand","WindmillStrike"],"picked":"CrushJoints+1","floor":19},{"not_picked":["Meditate","FearNoEvil+1"],"picked":"Sanctity","floor":21},{"not_picked":["TalkToTheHand","CrushJoints"],"picked":"Worship","floor":22}],"player_experience":1281786,"relics_obtained":[{"floor":6.0,"key":"Melange"},{"floor":9.0,"key":"Oddly Smooth Stone"},{"floor":12.0,"key":"Bottled Tornado"}],"event_choices":[{"damage_healed":0.0,"max_hp_gain":5.0,"max_hp_loss":0.0,"gold_gain":0.0,"event_name":"Big Fish","player_choice":"Donut","floor":5.0,"gold_loss":0.0,"damage_taken":0.0},{"damage_healed":0.0,"max_hp_gain":0.0,"max_hp_loss":0.0,"gold_gain":0.0,"event_name":"Dead Adventurer","player_choice":"Searched \u00270\u0027 times","floor":10.0,"gold_loss":0.0,"damage_taken":0.0}],"is_beta":true,"boss_relics":[{"not_picked":["Black Star","Coffee Dripper"],"picked":"SacredBark"}],"items_purged_floors":[20],"is_endless":false,"potions_floor_spawned":[2,3,6,13,16,18,21],"killed_by":"Chosen and Byrds","ascension_level":1}