{"gold_per_floor":[17,35,53,23,34,34,60,80,80,80,90,90,90,110,110,183,183,193,108,125,125,125,125],"floor_reached":23,"playtime":1109,"items_purged":[],"score":325,"play_id":"30d85283-d982-4ab0-b2a8-2b195fad1a2e","local_time":"20181219150928","is_ascension_mode":true,"campfire_choices":[{"data":"Footwork","floor":6,"key":"SMITH"},{"data":"Footwork","floor":10,"key":"SMITH"},{"floor":12,"key":"RECALL"},{"data":"Dodge and Roll","floor":15,"key":"SMITH"}],"neow_cost":"NO_GOLD","seed_source_timestamp":502359205927743,"circlet_count":0,"master_deck":["AscendersBane","Defend_G","Defend_G","Defend_G","Defend_G","Defend_G","Strike_G","Strike_G","Strike_G","Strike_G","Strike_G","Survivor","Neutralize+1","Leg Sweep","Footwork+1","Footwork+1","Bouncing Flask","Heel Hook","Deflect","Dodge and Roll+1","Deadly Poison","Blur","Bane","Sucker Punch","J.A.X."],"relics":["Ring of the Snake","StoneCalendar","Happy Flower","Odd Mushroom","Orrery","Matryoshka"],"potions_floor_usage":[3,8,16,16,23],"damage_taken":[{"damage":2,"enemies":"2 Louse","floor":1,"turns":3},{"damage":0,"enemies":"Small Slimes","floor":2,"turns":4},{"damage":0,"enemies":"Jaw Worm","floor":3,"turns":6},{"damage":0,"enemies":"Looter","floor":4,"turns":4},{"damage":0,"enemies":"Blue Slaver","floor":5,"turns":6},{"damage":10,"enemies":"3 Sentries","floor":7,"turns":7},{"damage":10,"enemies":"The Mushroom Lair","floor":8,"turns":7},{"damage":5,"enemies":"Large Slime","floor":11,"turns":7},{"damage":0,"enemies":"Looter","floor":14,"turns":5},{"damage":1,"enemies":"Slime Boss","floor":16,"turns":18},{"damage":13,"enemies":"Chosen","floor":18,"turns":7},{"damage":0,"enemies":"Spheric Guardian","floor":20,"turns":4},{"damage":72,"enemies":"Gremlin Leader","floor":23,"turns":4}],"seed_played":"-5302614681683041678","potions_obtained":[{"floor":2,"key":"Energy Potion"},{"floor":7,"key":"SkillPotion"},{"floor":11,"key":"Energy Potion"},{"floor":14,"key":"Regen Potion"},{"floor":16,"key":"SpeedPotion"}],"is_trial":false,"path_per_floor":["M","M","M","M","M","R","E","?","T","R","M","R","?","M","R","B",null,"M","?","M","?","?","E"],"character_chosen":"THE_SILENT","items_purchased":[],"campfire_rested":0,"item_purchase_floors":[],"current_hp_per_floor":[57,57,57,57,57,57,47,37,37,37,32,32,32,32,32,46,61,48,48,48,66,66,0],"gold":125,"neow_bonus":"ONE_RARE_RELIC","is_prod":false,"is_daily":false,"chose_seed":false,"campfire_upgraded":3,"win_rate":0,"timestamp":1545250168,"path_taken":["M","M","M","M","M","R","E","?","T","R","M","R","?","M","R","BOSS","M","?","M","?","?","E"],"build_version":"2018-12-13","purchased_purges":0,"victory":false,"max_hp_per_floor":[66,66,66,66,66,66,66,66,66,66,66,66,66,66,66,66,66,66,66,66,66,66,66],"card_choices":[{"not_picked":["Prepared","Quick Slash"],"picked":"Leg Sweep","floor":1},{"not_picked":["Bouncing Flask","Underhanded Strike"],"picked":"Footwork","floor":2},{"not_picked":["Dagger Spray","Blade Dance"],"picked":"Footwork","floor":3},{"not_picked":["Backstab","Die Die Die"],"picked":"Bouncing Flask","floor":4},{"not_picked":["Terror","Prepared"],"picked":"Heel Hook","floor":5},{"not_picked":["Blade Dance","Masterful Stab"],"picked":"Deflect","floor":7},{"not_picked":["Reflex","Bane"],"picked":"Dodge and Roll","floor":11},{"not_picked":["Quick Slash","Dagger Throw","Deadly Poison"],"picked":"SKIP","floor":14},{"not_picked":["Acrobatics","Slice"],"picked":"Deadly Poison","floor":17},{"not_picked":["Distraction","A Thousand Cuts"],"picked":"Blur","floor":17},{"not_picked":["Leg Sweep","Bouncing Flask"],"picked":"Bane","floor":17},{"not_picked":["PiercingWail","Poisoned Stab"],"picked":"Sucker Punch","floor":18},{"not_picked":["Bane","Dagger Throw","Backflip"],"picked":"SKIP","floor":20}],"player_experience":910269,"relics_obtained":[{"floor":7,"key":"Happy Flower"},{"floor":8,"key":"Odd Mushroom"}],"event_choices":[{"damage_healed":0,"gold_gain":0,"player_choice":"Fought Mushrooms","damage_taken":0,"max_hp_gain":0,"max_hp_loss":0,"event_name":"Mushrooms","floor":8,"gold_loss":0},{"damage_healed":0,"gold_gain":0,"player_choice":"Grow","damage_taken":0,"max_hp_gain":0,"max_hp_loss":0,"event_name":"Living Wall","floor":13,"gold_loss":0,"cards_upgraded":["Neutralize"]},{"damage_healed":0,"gold_gain":0,"player_choice":"Obtained Relic","damage_taken":0,"relics_obtained":["Matryoshka"],"max_hp_gain":0,"max_hp_loss":0,"event_name":"Addict","floor":19,"gold_loss":85},{"damage_healed":22,"gold_gain":0,"player_choice":"Heal","damage_taken":0,"max_hp_gain":0,"max_hp_loss":0,"event_name":"The Library","floor":21,"gold_loss":0},{"damage_healed":0,"gold_gain":0,"player_choice":"Obtain J.A.X.","damage_taken":0,"max_hp_gain":0,"max_hp_loss":0,"event_name":"Drug Dealer","floor":22,"gold_loss":0,"cards_obtained":["J.A.X."]}],"is_beta":false,"boss_relics":[{"not_picked":["White Beast Statue","Lizard Tail"],"picked":"Orrery"}],"items_purged_floors":[],"is_endless":false,"potions_floor_spawned":[2,7,11,14,16],"killed_by":"Gremlin Leader","ascension_level":14}