{"gold_per_floor":[118,135,155,125,135,135,152,166,166,195,209,209,209,221,221,322,322,302,76,109,125,125],"floor_reached":22,"playtime":2471,"items_purged":["Strike_B"],"score":304,"play_id":"9585427e-77e2-4343-af7a-601c4a198837","local_time":"20181206101435","is_ascension_mode":true,"campfire_choices":[{"floor":6,"key":"REST"},{"floor":13,"key":"REST"},{"data":"Darkness","floor":15,"key":"SMITH"}],"neow_cost":"NONE","seed_source_timestamp":203194210619253,"circlet_count":0,"master_deck":["AscendersBane","Strike_B","Strike_B","Strike_B","Defend_B","Defend_B","Defend_B","Defend_B","Zap","Dualcast","Rebound","Darkness+1","Loop+1","Rip and Tear","Cold Snap","Reboot","Stack","Turbo","Rainbow","Loop","Leap+1","Storm+1"],"relics":["Black Star","Thread and Needle","Dead Branch","Prayer Wheel","Cursed Key","Anchor","Red Mask"],"potions_floor_usage":[3,11,16,16,20,20],"damage_taken":[{"damage":2,"enemies":"Small Slimes","floor":1,"turns":3},{"damage":13,"enemies":"Jaw Worm","floor":2,"turns":4},{"damage":14,"enemies":"2 Louse","floor":3,"turns":3},{"damage":22,"enemies":"Blue Slaver","floor":5,"turns":5},{"damage":7,"enemies":"Looter","floor":7,"turns":3},{"damage":16,"enemies":"Large Slime","floor":8,"turns":6},{"damage":13,"enemies":"Gremlin Nob","floor":10,"turns":5},{"damage":0,"enemies":"Exordium Wildlife","floor":11,"turns":5},{"damage":0,"enemies":"Looter","floor":14,"turns":5},{"damage":13,"enemies":"The Guardian","floor":16,"turns":8},{"damage":25,"enemies":"2 Thieves","floor":18,"turns":4},{"damage":15,"enemies":"Masked Bandits","floor":20,"turns":6},{"damage":11,"enemies":"Spheric Guardian","floor":21,"turns":4},{"damage":19,"enemies":"3 Cultists","floor":22,"turns":4}],"seed_played":"-2646587389768970193","potions_obtained":[{"floor":3,"key":"Fruit Juice"},{"floor":10,"key":"EssenceOfSteel"},{"floor":11,"key":"Weak Potion"},{"floor":14,"key":"Energy Potion"},{"floor":16,"key":"Energy Potion"},{"floor":18,"key":"Block Potion"}],"is_trial":false,"path_per_floor":["M","M","M","?","M","R","M","M","T","E","M","?","R","M","R","B",null,"M","$","?","M","M"],"character_chosen":"DEFECT","items_purchased":["Anchor"],"campfire_rested":2,"item_purchase_floors":[19],"current_hp_per_floor":[66,53,44,44,22,46,39,23,23,10,10,10,34,34,34,21,65,40,40,25,14,0],"gold":125,"neow_bonus":"BOSS_RELIC","is_prod":false,"is_daily":false,"chose_seed":false,"campfire_upgraded":1,"win_rate":0,"timestamp":1544109275,"path_taken":["M","M","M","?","M","R","M","M","T","E","M","?","R","M","R","BOSS","M","$","?","M","M"],"build_version":"2018-11-15","purchased_purges":1,"victory":false,"max_hp_per_floor":[75,75,80,80,80,80,80,80,80,80,80,80,80,80,80,80,80,80,80,80,80,80],"card_choices":[{"not_picked":["Barrage","Force Field"],"picked":"Rebound","floor":1},{"not_picked":["Conserve Battery","Chaos"],"picked":"Darkness","floor":2},{"not_picked":["Chill","Double Energy"],"picked":"Loop","floor":3},{"not_picked":["Sweeping Beam","Gash"],"picked":"Rip and Tear","floor":5},{"not_picked":["Ball Lightning","Steam"],"picked":"Cold Snap","floor":7},{"not_picked":["Steam Power","Streamline"],"picked":"Reboot","floor":8},{"not_picked":["Redo","Sweeping Beam"],"picked":"Stack","floor":10},{"not_picked":["Storm","Streamline","Static Discharge"],"picked":"SKIP","floor":11},{"not_picked":["Rebound","Beam Cell","Capacitor"],"picked":"SKIP","floor":11},{"not_picked":["Ball Lightning","Redo"],"picked":"Turbo","floor":14},{"not_picked":["Heatsinks","Cold Snap","Coolheaded"],"picked":"SKIP","floor":14},{"not_picked":["Biased Cognition","All For One"],"picked":"Rainbow","floor":16},{"not_picked":["Rebound","Blizzard"],"picked":"Loop","floor":18},{"not_picked":["Coolheaded","Compile Driver"],"picked":"Leap+1","floor":18},{"not_picked":["Aggregate","Gash"],"picked":"Storm+1","floor":20},{"not_picked":["Go for the Eyes+1","Cold Snap","Leap"],"picked":"SKIP","floor":21},{"not_picked":["Leap","Streamline","Ball Lightning"],"picked":"SKIP","floor":21}],"player_experience":810326,"relics_obtained":[{"floor":9,"key":"Thread and Needle"},{"floor":10,"key":"Dead Branch"},{"floor":10,"key":"Prayer Wheel"},{"floor":20,"key":"Red Mask"}],"event_choices":[{"damage_healed":0,"gold_gain":0,"player_choice":"Left Gold","damage_taken":0,"max_hp_gain":0,"max_hp_loss":0,"event_name":"World of Goop","floor":4,"gold_loss":30},{"damage_healed":0,"gold_gain":0,"player_choice":"Grow","damage_taken":0,"max_hp_gain":0,"max_hp_loss":0,"event_name":"Living Wall","floor":12,"gold_loss":0,"cards_upgraded":["Loop"]},{"damage_healed":0,"gold_gain":0,"player_choice":"Fought Bandits","damage_taken":0,"max_hp_gain":0,"max_hp_loss":0,"event_name":"Masked Bandits","floor":20,"gold_loss":0}],"is_beta":false,"boss_relics":[{"not_picked":["Nuclear Battery","Empty Cage"],"picked":"Cursed Key"}],"items_purged_floors":[19],"is_endless":false,"potions_floor_spawned":[3,10,11,14,16,18],"killed_by":"3 Cultists","ascension_level":12}