{"gold_per_floor":[359,376,376,396,411,411,586,586,586,147,159,187,228,258,270,381,393,424,456,487,519,549,561,243,243,268,282,197,197,122,133,133,238,238,250,250,262,42,58,92,92,145,222,251,251,270,283,54,54,54],"floor_reached":51,"playtime":3778,"items_purged":["Doubt","Clumsy"],"score":831,"play_id":"0f38bf5e-8912-40ec-a226-85b1ee0425ea","local_time":"20180801223945","is_ascension_mode":true,"campfire_choices":[{"data":"Backstab","floor":6,"key":"SMITH"},{"data":"Flying Knee","floor":8,"key":"SMITH"},{"data":"Footwork","floor":11,"key":"SMITH"},{"data":"Dash","floor":15,"key":"SMITH"},{"floor":23,"key":"REST"},{"data":"Dash","floor":25,"key":"SMITH"},{"data":"Distraction","floor":29,"key":"SMITH"},{"data":"Adrenaline","floor":32,"key":"SMITH"},{"floor":41,"key":"REST"},{"floor":49,"key":"REST"}],"neow_cost":"CURSE","seed_source_timestamp":1823842560619832,"circlet_count":0,"master_deck":["Defend_G","Defend_G","Defend_G","Strike_G","Strike_G","Strike_G","Strike_G","Strike_G+1","Survivor","Neutralize+1","Dodge and Roll","Flying Knee+1","Terror","Backstab+1","Footwork+1","Outmaneuver","Dash+1","Adrenaline+1","Distraction+1","Dash+1","Leg Sweep+1","Expertise+1","Adrenaline","Acrobatics+1","Riddle With Holes","Outmaneuver+1","Infinite Blades","Riddle With Holes+1","Jack Of All Trades","Predator"],"relics":["Ring of the Snake","CultistMask","Whetstone","Oddly Smooth Stone","MawBank","Odd Mushroom","Busted Crown","Blood Vial","Bag of Marbles","Shuriken","Fusion Hammer","Strawberry","Matryoshka","Mango","Smiling Mask","The Courier","Centennial Puzzle","Pen Nib"],"potions_floor_usage":[13,16,18,19,27,33,50,50,50],"damage_taken":[{"damage":0,"enemies":"2 Louse","floor":1,"turns":4},{"damage":0,"enemies":"Cultist","floor":2,"turns":5},{"damage":1,"enemies":"Small Slimes","floor":4,"turns":4},{"damage":10,"enemies":"Red Slaver","floor":5,"turns":5},{"damage":2,"enemies":"Large Slime","floor":12,"turns":4},{"damage":8,"floor":13,"turns":5},{"damage":0,"enemies":"3 Louse","floor":14,"turns":4},{"damage":48,"enemies":"Hexaghost","floor":16,"turns":13},{"damage":1,"enemies":"Spheric Guardian","floor":18,"turns":4},{"damage":0,"enemies":"3 Byrds","floor":19,"turns":6},{"damage":32,"enemies":"Sentry and Sphere","floor":20,"turns":10},{"damage":0,"enemies":"Centurion and Healer","floor":21,"turns":8},{"damage":4,"enemies":"Cultist and Chosen","floor":22,"turns":9},{"damage":0,"enemies":"3 Cultists","floor":27,"turns":6},{"damage":0,"enemies":"Snake Plant","floor":31,"turns":4},{"damage":20,"enemies":"Collector","floor":33,"turns":11},{"damage":0,"enemies":"3 Darklings","floor":35,"turns":9},{"damage":0,"enemies":"Flame Bruiser 1 Orb","floor":37,"turns":2},{"damage":0,"enemies":"Transient","floor":39,"turns":5},{"damage":9,"enemies":"Giant Head","floor":40,"turns":6},{"damage":17,"floor":42,"turns":4},{"damage":22,"enemies":"Nemesis","floor":44,"turns":7},{"damage":0,"enemies":"Maw","floor":46,"turns":5},{"damage":4,"enemies":"Sphere and 2 Shapes","floor":47,"turns":4},{"damage":34,"enemies":"Donu and Deca","floor":50,"turns":5}],"seed_played":"8268996548916751252","potions_obtained":[{"floor":1,"key":"Poison Potion"},{"floor":4,"key":"Explosive Potion"},{"floor":5,"key":"Swift Potion"},{"floor":13,"key":"SteroidPotion"},{"floor":18,"key":"Swift Potion"},{"floor":19,"key":"Dexterity Potion"},{"floor":21,"key":"SteroidPotion"},{"floor":37,"key":"Explosive Potion"},{"floor":40,"key":"LiquidBronze"},{"floor":46,"key":"LiquidBronze"}],"is_trial":false,"path_per_floor":["M","M","?","M","M","R","?","R","T","$","R","M","?","M","R","B",null,"M","M","M","M","M","R","$","R","T","M","?","R","?","M","R","B",null,"M","?","M","$","M","E","R","?","T","E","?","M","M","$","R","B"],"character_chosen":"THE_SILENT","items_purchased":["Footwork","Oddly Smooth Stone","MawBank","Dash","Blood Vial","Riddle With Holes","Strawberry","Pen Nib","Predator","Strength Potion","Dexterity Potion"],"campfire_rested":3,"item_purchase_floors":[10,10,10,24,24,38,38,48,48,48,48],"current_hp_per_floor":[70,70,70,69,59,59,59,59,59,59,59,57,49,49,49,1,70,69,69,37,37,33,54,54,54,54,56,56,56,56,58,58,40,70,70,70,70,77,77,68,77,74,74,54,54,56,54,54,81,49],"gold":54,"neow_bonus":"TWO_FIFTY_GOLD","is_prod":false,"is_daily":false,"chose_seed":false,"campfire_upgraded":7,"win_rate":0,"timestamp":1533177585,"path_taken":["M","M","?","?","M","R","?","R","T","$","R","M","?","M","R","BOSS","M","M","M","M","M","R","$","R","T","?","?","R","?","M","R","BOSS","M","?","M","$","M","E","R","?","T","E","?","M","M","?","R","BOSS"],"build_version":"2018-07-26","purchased_purges":2,"victory":true,"max_hp_per_floor":[70,70,70,70,70,70,70,70,70,70,70,70,70,70,70,70,70,70,70,70,70,70,70,70,70,70,70,70,70,70,70,70,70,70,70,70,70,77,77,77,77,91,91,91,91,91,91,91,91,91],"card_choices":[{"not_picked":["Accuracy","Quick Slash"],"picked":"Dodge and Roll","floor":1},{"not_picked":["Sucker Punch","All Out Attack"],"picked":"Flying Knee","floor":2},{"not_picked":["Outmaneuver","Acrobatics"],"picked":"Terror","floor":4},{"not_picked":["Dodge and Roll","Infinite Blades"],"picked":"Backstab","floor":5},{"not_picked":["Deadly Poison","Prepared"],"picked":"Outmaneuver","floor":12},{"not_picked":["Poisoned Stab","Accuracy"],"picked":"Dash","floor":14},{"not_picked":["Bullet Time","Night Terror"],"picked":"Adrenaline","floor":16},{"not_picked":["Concentrate"],"picked":"SKIP","floor":18},{"not_picked":["Cloak And Dagger+1"],"picked":"SKIP","floor":19},{"not_picked":[],"picked":"Distraction","floor":20},{"not_picked":["Setup"],"picked":"SKIP","floor":21},{"not_picked":["Well Laid Plans"],"picked":"SKIP","floor":22},{"not_picked":[],"picked":"Leg Sweep+1","floor":27},{"not_picked":[],"picked":"Expertise+1","floor":31},{"not_picked":[],"picked":"Adrenaline","floor":33},{"not_picked":["Outmaneuver"],"picked":"SKIP","floor":35},{"not_picked":[],"picked":"Acrobatics+1","floor":37},{"not_picked":[],"picked":"Outmaneuver+1","floor":39},{"not_picked":["PiercingWail"],"picked":"SKIP","floor":40},{"not_picked":[],"picked":"Infinite Blades","floor":42},{"not_picked":[],"picked":"Riddle With Holes+1","floor":44},{"not_picked":[],"picked":"Jack Of All Trades","floor":45},{"not_picked":["Eviscerate+1"],"picked":"SKIP","floor":46},{"not_picked":["Eviscerate+1"],"picked":"SKIP","floor":47}],"player_experience":345795,"relics_obtained":[{"floor":9,"key":"Whetstone"},{"floor":13,"key":"Odd Mushroom"},{"floor":26,"key":"Bag of Marbles"},{"floor":40,"key":"Matryoshka"},{"floor":42,"key":"Mango"},{"floor":43,"key":"Smiling Mask"},{"floor":43,"key":"The Courier"},{"floor":44,"key":"Centennial Puzzle"}],"event_choices":[{"event_name":"FaceTrader","player_choice":"Trade","floor":3,"damage_taken":0},{"event_name":"Liars Game","player_choice":"agreed","floor":7,"damage_taken":0},{"event_name":"Mushrooms","player_choice":"Fought Mushrooms","floor":13,"damage_taken":0},{"event_name":"Addict","player_choice":"Obtained Relic","floor":28,"damage_taken":0},{"event_name":"Beggar","player_choice":"Gave Gold","floor":30,"damage_taken":0},{"event_name":"Wheel of Change","player_choice":"Card Removal","floor":36,"damage_taken":0},{"event_name":"Mysterious Sphere","player_choice":"Fight","floor":42,"damage_taken":0},{"event_name":"SensoryStone","player_choice":"Memory 1","floor":45,"damage_taken":0}],"is_beta":false,"boss_relics":[{"not_picked":["Philosopher\u0027s Stone","Astrolabe"],"picked":"Busted Crown"},{"not_picked":["Black Star","Empty Cage"],"picked":"Fusion Hammer"}],"items_purged_floors":[10,24],"is_endless":false,"potions_floor_spawned":[1,4,5,13,18,19,21,37,40,44,46],"ascension_level":4}