{"gold_per_floor":[17,28,40,0,0,0,31,51,51,51,28,28,60,0,0,0],"floor_reached":16,"playtime":829,"items_purged":["Strike_G"],"score":220,"play_id":"1e81bff0-2cb1-46a3-a56c-9350f4b7703e","local_time":"20190418021156","is_ascension_mode":true,"campfire_choices":[{"data":"Neutralize","floor":6,"key":"SMITH"},{"floor":10,"key":"REST"},{"data":"Poisoned Stab","floor":12,"key":"SMITH"},{"floor":15,"key":"REST"}],"neow_cost":"NO_GOLD","seed_source_timestamp":462321803379152,"circlet_count":0,"master_deck":["AscendersBane","Defend_G","Defend_G","Defend_G","Defend_G","Defend_G","Strike_G","Strike_G","Strike_G","Strike_G","Survivor","Neutralize+1","Poisoned Stab+1","Flying Knee","Underhanded Strike","Dodge and Roll","Caltrops","Deflect"],"relics":["Ring of the Snake","StoneCalendar","Matryoshka","Meat on the Bone","The Courier","Juzu Bracelet"],"potions_floor_usage":[7,8,13,16],"damage_taken":[{"damage":3,"enemies":"2 Louse","floor":1,"turns":4},{"damage":7,"enemies":"Small Slimes","floor":2,"turns":4},{"damage":2,"enemies":"Jaw Worm","floor":3,"turns":5},{"damage":40,"enemies":"Lagavulin","floor":7,"turns":7},{"damage":0,"enemies":"Looter","floor":8,"turns":2},{"damage":5,"enemies":"Exordium Thugs","floor":11,"turns":4},{"damage":30,"enemies":"Gremlin Nob","floor":13,"turns":4},{"damage":51,"enemies":"The Guardian","floor":16,"turns":12}],"seed_played":"-1293621916794696124","potions_obtained":[{"floor":1,"key":"Fire Potion"},{"floor":2,"key":"Ancient Potion"},{"floor":11,"key":"PowerPotion"},{"floor":13,"key":"GhostInAJar"}],"is_trial":false,"path_per_floor":["M","M","M","?","?","R","E","M","T","R","M","R","E","$","R","B"],"character_chosen":"THE_SILENT","items_purchased":[],"campfire_rested":2,"item_purchase_floors":[],"current_hp_per_floor":[56,49,47,47,47,47,7,7,7,26,33,33,15,15,34,0],"gold":0,"neow_bonus":"ONE_RARE_RELIC","is_prod":false,"is_daily":false,"chose_seed":false,"campfire_upgraded":2,"win_rate":0,"timestamp":1555567916,"path_taken":["M","M","M","?","?","R","E","?","T","R","M","R","E","$","R","BOSS"],"build_version":"2019-01-23","purchased_purges":1,"victory":false,"max_hp_per_floor":[66,66,66,66,66,66,66,66,66,66,66,66,66,66,66,66],"card_choices":[{"not_picked":["Accuracy","Setup"],"picked":"Poisoned Stab","floor":1},{"not_picked":["Deflect","Dodge and Roll"],"picked":"Flying Knee","floor":2},{"not_picked":["Dodge and Roll","Acrobatics"],"picked":"Underhanded Strike","floor":3},{"not_picked":["Distraction","Underhanded Strike"],"picked":"Dodge and Roll","floor":7},{"not_picked":["Flechettes","Noxious Fumes"],"picked":"Caltrops","floor":8},{"not_picked":["Dodge and Roll","Outmaneuver","Reflex"],"picked":"SKIP","floor":11},{"not_picked":["Dodge and Roll","Outmaneuver","Reflex"],"picked":"SKIP","floor":11},{"not_picked":["Outmaneuver","Sucker Punch"],"picked":"Deflect","floor":13}],"player_experience":1283408,"relics_obtained":[{"floor":7,"key":"Matryoshka"},{"floor":9,"key":"Meat on the Bone"},{"floor":9,"key":"The Courier"},{"floor":13,"key":"Juzu Bracelet"}],"event_choices":[{"damage_healed":0,"gold_gain":0,"player_choice":"Left Gold","damage_taken":0,"max_hp_gain":0,"max_hp_loss":0,"event_name":"World of Goop","floor":4,"gold_loss":40},{"damage_healed":0,"gold_gain":0,"player_choice":"Leave","damage_taken":0,"max_hp_gain":0,"max_hp_loss":0,"event_name":"The Cleric","floor":5,"gold_loss":0}],"is_beta":false,"boss_relics":[],"items_purged_floors":[14],"is_endless":false,"potions_floor_spawned":[1,2,11,13],"killed_by":"The Guardian","ascension_level":20}