{"gold_per_floor":[114,114,64,239,15,15,41,41,41,55,55,55,82,96,96,193,193,205,115,134,147,47,47,81,96,169,169,169,169,44,61,61,61],"floor_reached":33,"playtime":1255,"items_purged":["Doubt","Strike_G","Defend_G"],"score":536,"play_id":"51832b10-6fd4-4296-8f76-5155989ec8cf","local_time":"20181201165645","is_ascension_mode":true,"campfire_choices":[{"data":"Dagger Throw","floor":6,"key":"SMITH"},{"data":"Neutralize","floor":8,"key":"SMITH"},{"data":"Cloak And Dagger","floor":15,"key":"SMITH"},{"floor":23,"key":"REST"},{"data":"Blade Dance","floor":28,"key":"SMITH"},{"floor":32,"key":"REST"}],"neow_cost":"NONE","seed_source_timestamp":64736857697330,"circlet_count":0,"master_deck":["AscendersBane","Defend_G","Defend_G","Defend_G","Survivor","Neutralize+1","Dagger Throw+1","Accuracy+1","Cloak And Dagger+1","Predator+1","Cloak And Dagger","Burst","Blade Dance+1","Escape Plan+1","Dodge and Roll","Backflip+1"],"relics":["Ring of the Snake","NeowsBlessing","Vajra","Frozen Egg 2","Question Card","Oddly Smooth Stone","Sozu","Torii","Singing Bowl"],"potions_floor_usage":[16,16,24],"damage_taken":[{"damage":0,"enemies":"2 Louse","floor":1,"turns":1},{"damage":0,"enemies":"Gremlin Nob","floor":7,"turns":1},{"damage":0,"enemies":"Small Slimes","floor":10,"turns":1},{"damage":21,"enemies":"3 Sentries","floor":13,"turns":10},{"damage":0,"enemies":"Jaw Worm","floor":14,"turns":2},{"damage":0,"enemies":"Slime Boss","floor":16,"turns":9},{"damage":10,"enemies":"3 Byrds","floor":18,"turns":5},{"damage":15,"enemies":"Shell Parasite","floor":20,"turns":3},{"damage":25,"enemies":"Snake Plant","floor":21,"turns":4},{"damage":8,"enemies":"Slavers","floor":24,"turns":5},{"damage":1,"enemies":"3 Cultists","floor":25,"turns":4},{"damage":0,"enemies":"Colosseum Slavers","floor":27,"turns":4},{"damage":1,"enemies":"Cultist and Chosen","floor":31,"turns":6},{"damage":46,"enemies":"Automaton","floor":33,"turns":6}],"seed_played":"326756006243671112","potions_obtained":[{"floor":10,"key":"Dexterity Potion"},{"floor":13,"key":"FearPotion"},{"floor":16,"key":"SteroidPotion"}],"is_trial":false,"path_per_floor":["M","?","?","?","$","R","E","R","T","M","$","?","E","M","R","B",null,"M","?","M","M","$","R","E","M","T","?","R","?","$","M","R","B"],"character_chosen":"THE_SILENT","items_purchased":["Vajra"],"campfire_rested":2,"item_purchase_floors":[5],"current_hp_per_floor":[63,56,56,56,56,56,56,56,56,56,56,56,35,35,35,35,61,51,51,36,11,11,32,24,23,23,23,23,23,23,22,43,0],"gold":61,"neow_bonus":"THREE_ENEMY_KILL","is_prod":false,"is_daily":false,"chose_seed":false,"campfire_upgraded":4,"win_rate":0,"timestamp":1543701405,"path_taken":["M","?","?","?","$","R","E","R","T","?","$","?","E","M","R","BOSS","M","?","M","M","$","R","E","?","T","?","R","?","$","M","R","BOSS"],"build_version":"2018-11-15","purchased_purges":3,"victory":false,"max_hp_per_floor":[70,70,70,70,70,70,70,70,70,70,70,70,70,70,70,70,70,70,70,70,70,70,70,70,70,70,70,70,70,70,70,70,70],"card_choices":[{"not_picked":["Flying Knee","Prepared"],"picked":"Dagger Throw","floor":1},{"not_picked":["Prepared","Concentrate"],"picked":"Accuracy","floor":7},{"not_picked":["Acrobatics","Flying Knee","Dagger Spray"],"picked":"Cloak And Dagger","floor":10},{"not_picked":["Bullet Time","Accuracy+1","Backflip"],"picked":"Predator","floor":13},{"not_picked":["Sucker Punch","Endless Agony","Poisoned Stab"],"picked":"Cloak And Dagger","floor":14},{"not_picked":["Phantasmal Killer","Doppelganger","After Image+1"],"picked":"Burst","floor":16},{"not_picked":["Bane","Crippling Poison","Slice","Quick Slash"],"picked":"SKIP","floor":18},{"not_picked":["Dagger Throw+1","Backstab","Blur+1"],"picked":"Blade Dance","floor":20},{"not_picked":["Dagger Spray","Slice","Deflect"],"picked":"Escape Plan+1","floor":21},{"not_picked":["PiercingWail","Bullet Time","Noxious Fumes+1","Underhanded Strike"],"picked":"SKIP","floor":24},{"not_picked":["Eviscerate","Acrobatics","Leg Sweep"],"picked":"Dodge and Roll","floor":25},{"not_picked":["Dodge and Roll","Dagger Throw+1","Eviscerate"],"picked":"Backflip+1","floor":31}],"player_experience":739033,"relics_obtained":[{"floor":7,"key":"Frozen Egg 2"},{"floor":9,"key":"Question Card"},{"floor":13,"key":"Oddly Smooth Stone"},{"floor":24,"key":"Torii"},{"floor":26,"key":"Singing Bowl"}],"event_choices":[{"cards_removed":["Strike_G"],"damage_healed":0,"gold_gain":0,"player_choice":"Card Removal","damage_taken":7,"max_hp_gain":0,"max_hp_loss":0,"event_name":"Golden Wing","floor":2,"gold_loss":0},{"cards_removed":["Strike_G"],"damage_healed":0,"gold_gain":0,"player_choice":"Card Removal","damage_taken":0,"max_hp_gain":0,"max_hp_loss":0,"event_name":"The Cleric","floor":3,"gold_loss":50},{"damage_healed":0,"gold_gain":175,"player_choice":"AGREE","damage_taken":0,"max_hp_gain":0,"max_hp_loss":0,"event_name":"Liars Game","floor":4,"gold_loss":0,"cards_obtained":["Doubt"]},{"cards_removed":["Defend_G"],"damage_healed":0,"gold_gain":0,"player_choice":"Offered Basic","damage_taken":0,"max_hp_gain":0,"max_hp_loss":0,"event_name":"Bonfire Elementals","floor":12,"gold_loss":0},{"cards_removed":["Strike_G"],"damage_healed":0,"gold_gain":0,"player_choice":"Upgrade and Remove","damage_taken":0,"max_hp_gain":0,"max_hp_loss":0,"event_name":"Designer","floor":19,"gold_loss":90,"cards_upgraded":["Predator"]},{"damage_healed":0,"gold_gain":0,"player_choice":"Fight","damage_taken":0,"max_hp_gain":0,"max_hp_loss":0,"event_name":"Colosseum","floor":27,"gold_loss":0},{"damage_healed":0,"gold_gain":0,"player_choice":"Fled From Nobs","damage_taken":0,"max_hp_gain":0,"max_hp_loss":0,"event_name":"Colosseum","floor":27,"gold_loss":0},{"cards_removed":["Strike_G"],"damage_healed":0,"gold_gain":0,"player_choice":"Elegance","damage_taken":0,"max_hp_gain":0,"max_hp_loss":0,"event_name":"Back to Basics","floor":29,"gold_loss":0}],"is_beta":false,"boss_relics":[{"not_picked":["Eternal Feather","Velvet Choker"],"picked":"Sozu"}],"items_purged_floors":[5,22,30],"is_endless":false,"potions_floor_spawned":[10,13,16,20,25,27],"killed_by":"Automaton","ascension_level":11}