{"gold_per_floor":[111,121,136,148,168,168,180,205,205,205,280,302,302,302],"floor_reached":14,"playtime":462,"items_purged":[],"score":175,"play_id":"5ed06b13-7885-4d9f-ad13-711130367a81","local_time":"20190906084929","is_ascension_mode":true,"campfire_choices":[{"floor":6.0,"key":"REST"},{"floor":10.0,"key":"REST"},{"data":"Biased Cognition","floor":13.0,"key":"SMITH"}],"neow_cost":"TEN_PERCENT_HP_LOSS","seed_source_timestamp":0,"circlet_count":0,"master_deck":["AscendersBane","Strike_B","Strike_B","Strike_B","Strike_B","Defend_B","Defend_B","Defend_B","Defend_B","Zap","Dualcast","Sunder","Loop","Coolheaded","Compile Driver","Leap","Turbo","Biased Cognition+1","Streamline"],"special_seed":0,"relics":["Cracked Core","Gambling Chip","Torii","Sundial","Odd Mushroom"],"potions_floor_usage":[],"damage_taken":[{"damage":1.0,"enemies":"Cultist","floor":1.0,"turns":3.0},{"damage":2.0,"enemies":"Small Slimes","floor":2.0,"turns":2.0},{"damage":0.0,"enemies":"2 Louse","floor":3.0,"turns":1.0},{"damage":22.0,"enemies":"Looter","floor":4.0,"turns":3.0},{"damage":7.0,"enemies":"Blue Slaver","floor":5.0,"turns":3.0},{"damage":9.0,"enemies":"3 Louse","floor":7.0,"turns":3.0},{"damage":21.0,"enemies":"3 Sentries","floor":8.0,"turns":6.0},{"damage":0.0,"enemies":"The Mushroom Lair","floor":12.0,"turns":2.0},{"damage":31,"enemies":"Gremlin Nob","floor":14,"turns":3}],"seed_played":"5668414307961687212","potions_obtained":[{"floor":1.0,"key":"Explosive Potion"},{"floor":3.0,"key":"GamblersBrew"},{"floor":8.0,"key":"Ancient Potion"}],"is_trial":false,"path_per_floor":["M","M","M","M","M","R","M","E","T","R","?","?","R","E"],"character_chosen":"DEFECT","items_purchased":[],"campfire_rested":2,"item_purchase_floors":[],"current_hp_per_floor":[63,61,61,39,32,51,42,21,21,40,29,29,29,0],"gold":302,"neow_bonus":"ONE_RARE_RELIC","is_prod":false,"is_daily":false,"chose_seed":false,"campfire_upgraded":1,"win_rate":0,"timestamp":1567723769,"path_taken":["M","M","M","M","M","R","M","E","T","R","?","?","R","E"],"build_version":"2019-07-17","purchased_purges":0,"victory":false,"max_hp_per_floor":[64,64,64,64,64,64,64,64,64,64,64,64,64,64],"card_choices":[{"not_picked":["Genetic Algorithm","Recycle"],"picked":"Sunder","floor":1.0},{"not_picked":["Streamline","Turbo"],"picked":"Loop","floor":2.0},{"not_picked":["Gash","Steam"],"picked":"Coolheaded","floor":3.0},{"not_picked":["Lockon","Steam"],"picked":"Compile Driver","floor":4.0},{"not_picked":["Steam Power","Beam Cell"],"picked":"Leap","floor":5.0},{"not_picked":["Beam Cell","Blizzard"],"picked":"Turbo","floor":7.0},{"not_picked":["Go for the Eyes","Ball Lightning"],"picked":"Biased Cognition","floor":8.0},{"not_picked":["Barrage","Coolheaded"],"picked":"Streamline","floor":12.0}],"player_experience":1258793,"relics_obtained":[{"floor":8.0,"key":"Torii"},{"floor":9.0,"key":"Sundial"},{"floor":12.0,"key":"Odd Mushroom"}],"event_choices":[{"damage_healed":0.0,"max_hp_gain":0.0,"max_hp_loss":0.0,"gold_gain":75.0,"event_name":"World of Goop","player_choice":"Gather Gold","floor":11.0,"gold_loss":0.0,"damage_taken":11.0},{"damage_healed":0.0,"max_hp_gain":0.0,"max_hp_loss":0.0,"gold_gain":0.0,"event_name":"Mushrooms","player_choice":"Fought Mushrooms","floor":12.0,"gold_loss":0.0,"damage_taken":0.0}],"is_beta":false,"boss_relics":[],"items_purged_floors":[],"is_endless":false,"potions_floor_spawned":[1,3,8,12],"killed_by":"Gremlin Nob","ascension_level":18}