{"gold_per_floor":[110,126,143,143,153,153,153,170,197,224,237,272,17,28,28,101,101,111,124,135,135,135,135,1,31,31,100,100,176,187,237,237,237],"floor_reached":33,"playtime":2271,"items_purged":["Strike_G"],"score":583,"play_id":"dda7311e-9f4d-4250-82dc-993abc1f9a0d","local_time":"20190503110106","is_ascension_mode":true,"campfire_choices":[{"data":"Poisoned Stab","floor":6,"key":"SMITH"},{"data":"Footwork","floor":15,"key":"SMITH"},{"floor":23,"key":"REST"},{"floor":28,"key":"REST"},{"data":"Skewer","floor":32,"key":"SMITH"}],"neow_cost":"TEN_PERCENT_HP_LOSS","seed_source_timestamp":778470423621160,"circlet_count":0,"master_deck":["AscendersBane","Defend_G","Defend_G","Defend_G","Defend_G","Defend_G","Survivor","Neutralize","Blur","Poisoned Stab+1","Sucker Punch","Backstab","Calculated Gamble","Backstab","Backstab","Poisoned Stab","Crippling Poison","Footwork+1","Venomology","Backflip+1","Phantasmal Killer","Dodge and Roll","Caltrops+1","A Thousand Cuts","Skewer+1","Bite","Bite","Bite","Bite","Bite"],"relics":["Ring of the Snake","Oddly Smooth Stone","Happy Flower","Centennial Puzzle","Pen Nib","Empty Cage","SsserpentHead","Ancient Tea Set","Matryoshka","Red Mask"],"potions_floor_usage":[7,10,16,16,19,19,25,25,25,29,30,30,33],"damage_taken":[{"damage":0,"enemies":"Cultist","floor":1,"turns":5},{"damage":2,"enemies":"2 Louse","floor":2,"turns":3},{"damage":0,"enemies":"Small Slimes","floor":3,"turns":2},{"damage":0,"enemies":"Exordium Thugs","floor":5,"turns":5},{"damage":0,"enemies":"Blue Slaver","floor":8,"turns":4},{"damage":28,"enemies":"Gremlin Nob","floor":10,"turns":4},{"damage":0,"enemies":"3 Louse","floor":11,"turns":2},{"damage":8,"enemies":"3 Sentries","floor":12,"turns":9},{"damage":0,"enemies":"Looter","floor":14,"turns":1},{"damage":19,"enemies":"Hexaghost","floor":16,"turns":10},{"damage":0,"enemies":"3 Byrds","floor":18,"turns":5},{"damage":0,"enemies":"2 Thieves","floor":19,"turns":5},{"damage":25,"enemies":"Shelled Parasite and Fungi","floor":20,"turns":7},{"damage":10,"enemies":"Slavers","floor":25,"turns":12},{"damage":0,"enemies":"Sentry and Sphere","floor":27,"turns":11},{"damage":0,"enemies":"Masked Bandits","floor":29,"turns":5},{"damage":3,"enemies":"Snake Plant","floor":30,"turns":4},{"damage":45,"enemies":"Collector","floor":33,"turns":3}],"seed_played":"-1452279061198944560","potions_obtained":[{"floor":3,"key":"AttackPotion"},{"floor":5,"key":"Dexterity Potion"},{"floor":7,"key":"Fruit Juice"},{"floor":7,"key":"SmokeBomb"},{"floor":8,"key":"PowerPotion"},{"floor":10,"key":"Weak Potion"},{"floor":16,"key":"Dexterity Potion"},{"floor":25,"key":"Explosive Potion"},{"floor":30,"key":"Block Potion"}],"is_trial":false,"path_per_floor":["M","M","M","?","M","R","?","M","T","E","M","E","$","M","R","B",null,"M","M","M","?","?","R","$","E","T","M","R","?","M","?","R","B"],"character_chosen":"THE_SILENT","items_purchased":["Pen Nib","Crippling Poison","Dodge and Roll"],"campfire_rested":2,"item_purchase_floors":[13,13,24],"current_hp_per_floor":[59,57,57,60,60,60,65,65,65,37,37,29,29,29,29,10,51,51,51,26,8,8,29,29,19,19,19,40,40,37,37,37,0],"gold":237,"neow_bonus":"TRANSFORM_TWO_CARDS","is_prod":false,"is_daily":false,"chose_seed":false,"campfire_upgraded":3,"win_rate":0,"timestamp":1556895666,"path_taken":["M","?","M","?","?","R","?","M","T","E","M","E","$","M","R","BOSS","M","M","M","?","?","R","$","E","T","?","R","?","M","?","R","BOSS"],"build_version":"2019-01-23","purchased_purges":1,"victory":false,"max_hp_per_floor":[60,60,60,60,60,60,65,65,65,65,65,65,65,65,65,65,65,65,65,65,70,70,70,70,70,70,70,70,70,70,49,49,49],"card_choices":[{"not_picked":["Deflect","Blade Dance"],"picked":"Sucker Punch","floor":1},{"not_picked":["Riddle With Holes","Cloak And Dagger"],"picked":"Backstab","floor":2},{"not_picked":["Sucker Punch","Dagger Throw"],"picked":"Calculated Gamble","floor":3},{"not_picked":["Deflect","Prepared","PiercingWail"],"picked":"SKIP","floor":5},{"not_picked":["Footwork","Dodge and Roll"],"picked":"Backstab","floor":8},{"not_picked":["Outmaneuver","Underhanded Strike"],"picked":"Backstab","floor":10},{"not_picked":["Masterful Stab","Underhanded Strike"],"picked":"Poisoned Stab","floor":11},{"not_picked":["Underhanded Strike","Masterful Stab","Reflex"],"picked":"SKIP","floor":12},{"not_picked":["Underhanded Strike","Expertise"],"picked":"Footwork","floor":14},{"not_picked":["Bullet Time","Storm of Steel"],"picked":"Venomology","floor":16},{"not_picked":["Underhanded Strike","Outmaneuver","Quick Slash"],"picked":"SKIP","floor":18},{"not_picked":["Dagger Throw","Skewer"],"picked":"Backflip+1","floor":19},{"not_picked":["Outmaneuver","Dodge and Roll"],"picked":"Phantasmal Killer","floor":20},{"not_picked":["Cloak And Dagger","Crippling Poison"],"picked":"Caltrops+1","floor":25},{"not_picked":["Well Laid Plans","Dagger Spray","Footwork"],"picked":"SKIP","floor":27},{"not_picked":["Deflect","Quick Slash"],"picked":"A Thousand Cuts","floor":29},{"not_picked":["Dagger Throw","Noxious Fumes"],"picked":"Skewer","floor":30}],"player_experience":1369795,"relics_obtained":[{"floor":9,"key":"Oddly Smooth Stone"},{"floor":10,"key":"Happy Flower"},{"floor":12,"key":"Centennial Puzzle"},{"floor":25,"key":"Ancient Tea Set"},{"floor":26,"key":"Matryoshka"},{"floor":29,"key":"Red Mask"}],"event_choices":[{"damage_healed":3,"gold_gain":0,"player_choice":"Full Heal","damage_taken":0,"max_hp_gain":0,"max_hp_loss":0,"event_name":"Wheel of Change","floor":4,"gold_loss":0},{"damage_healed":0,"gold_gain":0,"player_choice":"Got Potions","damage_taken":0,"max_hp_gain":0,"max_hp_loss":0,"event_name":"Lab","floor":7,"gold_loss":0},{"damage_healed":0,"gold_gain":0,"player_choice":"Shed Blood","damage_taken":23,"max_hp_gain":5,"max_hp_loss":0,"event_name":"Forgotten Altar","floor":21,"gold_loss":0},{"damage_healed":0,"gold_gain":0,"player_choice":"Trade","damage_taken":0,"relics_obtained":["SsserpentHead"],"max_hp_gain":0,"max_hp_loss":0,"event_name":"FaceTrader","floor":22,"gold_loss":0},{"damage_healed":0,"gold_gain":0,"player_choice":"Fought Bandits","damage_taken":0,"max_hp_gain":0,"max_hp_loss":0,"event_name":"Masked Bandits","floor":29,"gold_loss":0},{"damage_healed":0,"gold_gain":0,"player_choice":"Became a vampire","damage_taken":0,"max_hp_gain":0,"max_hp_loss":21,"event_name":"Vampires","floor":31,"gold_loss":0,"cards_obtained":["Bite","Bite","Bite","Bite","Bite"]}],"is_beta":false,"boss_relics":[{"not_picked":["Pandora\u0027s Box","Tiny House"],"picked":"Empty Cage"}],"items_purged_floors":[24],"is_endless":false,"potions_floor_spawned":[3,5,8,10,16,20,25,30],"killed_by":"Collector","ascension_level":20}