{"gold_per_floor":[111,131,141,159,159,179,179,195,222,238,238],"floor_reached":11,"playtime":356,"items_purged":[],"score":121,"play_id":"af8a5802-0e5d-4819-979e-b8f8ae299480","local_time":"20190718133832","is_ascension_mode":true,"campfire_choices":[{"data":"Bouncing Flask","floor":7,"key":"SMITH"}],"neow_cost":"NONE","seed_source_timestamp":12464752198499,"circlet_count":0,"master_deck":["AscendersBane","Strike_G","Strike_G","Strike_G","Strike_G","Strike_G","Defend_G","Defend_G","Defend_G","Defend_G","Defend_G","Survivor","Neutralize","Backflip","Dodge and Roll","Cloak And Dagger","Bouncing Flask+1","Decay","PiercingWail","Predator","Poisoned Stab"],"relics":["Ring of the Snake","NeowsBlessing","Regal Pillow"],"potions_floor_usage":[8,8,11],"damage_taken":[{"damage":0,"enemies":"2 Louse","floor":1,"turns":1},{"damage":0,"enemies":"Cultist","floor":2,"turns":1},{"damage":0,"enemies":"Small Slimes","floor":3,"turns":1},{"damage":3,"enemies":"Looter","floor":4,"turns":5},{"damage":5,"enemies":"Blue Slaver","floor":6,"turns":4},{"damage":31,"enemies":"Large Slime","floor":8,"turns":5},{"damage":8,"enemies":"3 Louse","floor":10,"turns":5},{"damage":38,"enemies":"Gremlin Nob","floor":11,"turns":4}],"seed_played":"7216065433345228136","potions_obtained":[{"floor":1,"key":"Regen Potion"},{"floor":3,"key":"SkillPotion"},{"floor":10,"key":"Ancient Potion"}],"is_trial":false,"path_per_floor":["M","M","M","M","?","M","R","M","T","M","E"],"character_chosen":"THE_SILENT","items_purchased":[],"campfire_rested":0,"item_purchase_floors":[],"current_hp_per_floor":[59,59,59,56,56,51,51,29,29,21,0],"gold":238,"neow_bonus":"THREE_ENEMY_KILL","is_prod":false,"is_daily":false,"chose_seed":false,"campfire_upgraded":1,"win_rate":0,"timestamp":1563421112,"path_taken":["M","M","M","M","?","M","R","?","T","M","E"],"build_version":"2019-07-17","purchased_purges":0,"victory":false,"max_hp_per_floor":[66,66,66,66,66,66,66,66,66,66,66],"card_choices":[{"not_picked":["Eviscerate","Deadly Poison"],"picked":"Backflip","floor":1},{"not_picked":["Accuracy","Eviscerate"],"picked":"Dodge and Roll","floor":2},{"not_picked":["Quick Slash","Noxious Fumes"],"picked":"Cloak And Dagger","floor":3},{"not_picked":["Backflip","Tactician"],"picked":"Bouncing Flask","floor":4},{"not_picked":["Terror","Sucker Punch"],"picked":"PiercingWail","floor":6},{"not_picked":["Cloak And Dagger","Well Laid Plans"],"picked":"Predator","floor":8},{"not_picked":["Infinite Blades","Dagger Throw"],"picked":"Poisoned Stab","floor":10}],"player_experience":1018289,"relics_obtained":[{"floor":9,"key":"Regal Pillow"}],"event_choices":[{"damage_healed":0,"gold_gain":0,"player_choice":"Cursed","damage_taken":0,"max_hp_gain":0,"max_hp_loss":0,"event_name":"Wheel of Change","floor":5,"gold_loss":0,"cards_obtained":["Decay"]}],"is_beta":false,"boss_relics":[],"items_purged_floors":[],"is_endless":false,"potions_floor_spawned":[1,3,6,10],"killed_by":"Gremlin Nob","ascension_level":15}