{"gold_per_floor":[111,111,132,148,173,173,207,207,207,228,244,244,244,267,267,267],"floor_reached":16,"playtime":593,"items_purged":[],"score":151,"play_id":"5eb5b7b0-9997-443e-b438-6dcd15fa499f","local_time":"20190603100143","is_ascension_mode":true,"campfire_choices":[{"floor":6,"key":"REST"},{"data":"Neutralize","floor":8,"key":"SMITH"},{"floor":13,"key":"REST"},{"floor":15,"key":"REST"}],"neow_cost":"NONE","seed_source_timestamp":60645060079707,"circlet_count":0,"master_deck":["Defend_G","Defend_G","Defend_G","Defend_G","Defend_G","Strike_G","Strike_G","Strike_G","Strike_G","Strike_G","Survivor+1","Neutralize+1","Leg Sweep","Injury","Dagger Spray","PiercingWail","Bouncing Flask","Dagger Throw","Calculated Gamble","Backflip+1","Sucker Punch"],"relics":["Runic Dome","Golden Idol","Bottled Flame","Unceasing Top"],"potions_floor_usage":[11,14,16],"damage_taken":[{"damage":12,"enemies":"Small Slimes","floor":1,"turns":3},{"damage":15,"enemies":"Jaw Worm","floor":3,"turns":6},{"damage":0,"enemies":"Cultist","floor":4,"turns":4},{"damage":1,"enemies":"Red Slaver","floor":5,"turns":5},{"damage":11,"enemies":"Gremlin Nob","floor":7,"turns":4},{"damage":2,"enemies":"Large Slime","floor":10,"turns":6},{"damage":12,"enemies":"Exordium Wildlife","floor":11,"turns":4},{"damage":12,"enemies":"Exordium Thugs","floor":14,"turns":5},{"damage":53,"enemies":"Slime Boss","floor":16,"turns":9}],"seed_played":"-9172303033594058901","potions_obtained":[{"floor":1,"key":"Energy Potion"},{"floor":4,"key":"Explosive Potion"},{"floor":7,"key":"PowerPotion"}],"is_trial":false,"path_per_floor":["M","?","M","M","M","R","E","R","T","M","M","?","R","M","R","B"],"character_chosen":"THE_SILENT","items_purchased":[],"campfire_rested":3,"item_purchase_floors":[],"current_hp_per_floor":[51,51,36,36,35,56,45,45,45,43,31,17,38,26,47,0],"gold":267,"neow_bonus":"BOSS_RELIC","is_prod":false,"is_daily":false,"chose_seed":false,"campfire_upgraded":1,"win_rate":0,"timestamp":1559520103,"path_taken":["M","?","M","M","M","R","E","R","T","M","M","?","R","M","R","BOSS"],"build_version":"2019-01-23","purchased_purges":0,"victory":false,"max_hp_per_floor":[70,70,70,70,70,70,70,70,70,70,70,70,70,70,70,70],"card_choices":[{"not_picked":["Noxious Fumes","Eviscerate"],"picked":"Leg Sweep","floor":1},{"not_picked":["Bouncing Flask","Backflip"],"picked":"Dagger Spray","floor":3},{"not_picked":["Calculated Gamble","Flechettes"],"picked":"PiercingWail","floor":4},{"not_picked":["Finisher","Riddle With Holes"],"picked":"Bouncing Flask","floor":5},{"not_picked":["Dash","Cloak And Dagger"],"picked":"Dagger Throw","floor":7},{"not_picked":["Dodge and Roll","Doppelganger"],"picked":"Calculated Gamble","floor":10},{"not_picked":["Calculated Gamble","Infinite Blades"],"picked":"Backflip","floor":11},{"not_picked":["Flechettes","Underhanded Strike"],"picked":"Sucker Punch","floor":14}],"player_experience":807113,"relics_obtained":[{"floor":7,"key":"Bottled Flame"},{"floor":9,"key":"Unceasing Top"}],"event_choices":[{"damage_healed":0,"gold_gain":0,"player_choice":"Take Wound","damage_taken":0,"relics_obtained":["Golden Idol"],"max_hp_gain":0,"max_hp_loss":0,"event_name":"Golden Idol","floor":2,"gold_loss":0,"cards_obtained":["Injury"]},{"damage_healed":0,"gold_gain":0,"player_choice":"Entered Light","damage_taken":14,"max_hp_gain":0,"max_hp_loss":0,"event_name":"Shining Light","floor":12,"gold_loss":0,"cards_upgraded":["Survivor","Backflip"]}],"is_beta":false,"boss_relics":[],"items_purged_floors":[],"is_endless":false,"potions_floor_spawned":[1,4,7],"killed_by":"Slime Boss","ascension_level":9}