{"gold_per_floor":[110,125,141,158,158,158,190,209,234,260,260,45,65,95,95,95],"floor_reached":16,"playtime":1164,"items_purged":[],"score":232,"play_id":"a977f00b-9357-496f-9680-956f64fa302d","local_time":"20190608060825","is_ascension_mode":true,"campfire_choices":[{"data":"Armaments","floor":6.0,"key":"SMITH"},{"floor":11.0,"key":"REST"},{"floor":15,"key":"REST"}],"neow_cost":"NONE","seed_source_timestamp":520798273197071,"circlet_count":0,"master_deck":["AscendersBane","Strike_R","Strike_R","Strike_R","Strike_R","Strike_R","Defend_R","Defend_R","Defend_R","Defend_R","Bash","Armaments+1","Headbutt","Flex","Heavy Blade","Fiend Fire","Second Wind","Shrug It Off","Adrenaline","Warcry"],"special_seed":0,"relics":["Burning Blood","Unceasing Top","Bag of Preparation","Vajra","PrismaticShard","Juzu Bracelet"],"potions_floor_usage":[16],"damage_taken":[{"damage":9.0,"enemies":"Small Slimes","floor":1.0,"turns":4.0},{"damage":1.0,"enemies":"Cultist","floor":2.0,"turns":4.0},{"damage":14.0,"enemies":"Jaw Worm","floor":3.0,"turns":5.0},{"damage":6.0,"enemies":"Large Slime","floor":4.0,"turns":10.0},{"damage":25.0,"enemies":"Gremlin Nob","floor":7.0,"turns":4.0},{"damage":0.0,"enemies":"Exordium Wildlife","floor":8.0,"turns":4.0},{"damage":30.0,"enemies":"3 Sentries","floor":10.0,"turns":9.0},{"damage":27.0,"enemies":"Exordium Thugs","floor":13.0,"turns":7.0},{"damage":9,"enemies":"Gremlin Nob","floor":14,"turns":3},{"damage":73,"enemies":"Slime Boss","floor":16,"turns":11}],"seed_played":"651628488376790320","potions_obtained":[{"floor":2.0,"key":"EssenceOfSteel"},{"floor":4.0,"key":"Poison Potion"},{"floor":8.0,"key":"Swift Potion"},{"floor":13.0,"key":"SneckoOil"}],"is_trial":false,"path_per_floor":["M","M","M","M","?","R","E","M","T","E","R","$","M","E","R","B"],"character_chosen":"IRONCLAD","items_purchased":["PrismaticShard"],"campfire_rested":2,"item_purchase_floors":[12],"current_hp_per_floor":[72,77,69,69,74,74,55,61,61,37,63,63,42,39,65,0],"gold":95,"neow_bonus":"TEN_PERCENT_HP_BONUS","is_prod":false,"is_daily":false,"chose_seed":false,"campfire_upgraded":1,"win_rate":0,"timestamp":1559988505,"path_taken":["M","M","M","M","?","R","E","M","T","E","R","$","M","E","R","BOSS"],"build_version":"2019-01-23","purchased_purges":0,"victory":false,"max_hp_per_floor":[82,82,82,82,87,87,87,87,87,87,87,87,87,87,87,87],"card_choices":[{"not_picked":["Warcry","Clash"],"picked":"Armaments","floor":1.0},{"not_picked":["Feel No Pain","Armaments"],"picked":"Headbutt","floor":2.0},{"not_picked":["Anger","Iron Wave"],"picked":"Flex","floor":3.0},{"not_picked":["Clash","Havoc"],"picked":"Heavy Blade","floor":4.0},{"not_picked":["Anger","Whirlwind"],"picked":"Fiend Fire","floor":7.0},{"not_picked":["Inflame","Wild Strike"],"picked":"Second Wind","floor":8.0},{"not_picked":["Heavy Blade","Iron Wave"],"picked":"Shrug It Off","floor":10.0},{"not_picked":["Blind","Skim"],"picked":"Adrenaline","floor":13.0},{"not_picked":["Body Slam","Backflip"],"picked":"Warcry","floor":14}],"player_experience":1590329,"relics_obtained":[{"floor":7.0,"key":"Unceasing Top"},{"floor":9.0,"key":"Bag of Preparation"},{"floor":10.0,"key":"Vajra"},{"floor":14,"key":"Juzu Bracelet"}],"event_choices":[{"damage_healed":0.0,"max_hp_gain":5.0,"max_hp_loss":0.0,"gold_gain":0.0,"event_name":"Big Fish","player_choice":"Donut","floor":5.0,"gold_loss":0.0,"damage_taken":0.0}],"is_beta":false,"boss_relics":[],"items_purged_floors":[],"is_endless":false,"potions_floor_spawned":[2,4,8,13],"killed_by":"Slime Boss","ascension_level":18}