{"gold_per_floor":[119,119,136,4,279,279,296,307,307,307],"floor_reached":10,"playtime":248,"items_purged":[],"score":75,"play_id":"1ad37765-38d1-4bae-9027-9e5078439a4e","local_time":"20190522225324","is_ascension_mode":true,"campfire_choices":[{"data":"Lockon","floor":6,"key":"SMITH"}],"neow_cost":"NONE","seed_source_timestamp":8522664172404,"circlet_count":0,"master_deck":["Strike_B","Strike_B","Strike_B","Strike_B","Defend_B","Defend_B","Defend_B","Defend_B","Zap","Dualcast","Lockon+1","Redo","Panacea","Stack","Regret","Streamline","Conserve Battery"],"relics":["Cracked Core","NeowsBlessing","Shuriken","Darkstone Periapt"],"potions_floor_usage":[10],"damage_taken":[{"damage":0,"enemies":"Jaw Worm","floor":1,"turns":1},{"damage":0,"enemies":"Cultist","floor":3,"turns":1},{"damage":0,"enemies":"2 Louse","floor":7,"turns":1},{"damage":14,"enemies":"Exordium Thugs","floor":8,"turns":4},{"damage":50,"enemies":"3 Sentries","floor":10,"turns":5}],"seed_played":"-4846443637606836191","potions_obtained":[{"floor":7,"key":"Swift Potion"}],"is_trial":false,"path_per_floor":["M","?","M","$","?","R","M","M","T","E"],"character_chosen":"DEFECT","items_purchased":["Panacea","Stack"],"campfire_rested":0,"item_purchase_floors":[4,4],"current_hp_per_floor":[68,56,56,56,56,56,56,42,42,0],"gold":307,"neow_bonus":"THREE_ENEMY_KILL","is_prod":false,"is_daily":false,"chose_seed":false,"campfire_upgraded":1,"win_rate":0,"timestamp":1558529604,"path_taken":["M","?","M","$","?","R","?","M","T","E"],"build_version":"2019-01-23","purchased_purges":0,"victory":false,"max_hp_per_floor":[75,75,75,75,75,75,75,75,75,75],"card_choices":[{"not_picked":["Gash","Hologram"],"picked":"Lockon","floor":1},{"not_picked":["Barrage","Beam Cell"],"picked":"Redo","floor":3},{"not_picked":["Stack","Turbo"],"picked":"Streamline","floor":7},{"not_picked":["Beam Cell","Go for the Eyes"],"picked":"Conserve Battery","floor":8}],"player_experience":703284,"relics_obtained":[{"floor":9,"key":"Darkstone Periapt"}],"event_choices":[{"damage_healed":0,"gold_gain":0,"player_choice":"Success","damage_taken":12,"relics_obtained":["Shuriken"],"max_hp_gain":0,"max_hp_loss":0,"event_name":"Scrap Ooze","floor":2,"gold_loss":0},{"damage_healed":0,"gold_gain":275,"player_choice":"Desecrate","damage_taken":0,"max_hp_gain":0,"max_hp_loss":0,"event_name":"Golden Shrine","floor":5,"gold_loss":0,"cards_obtained":["Regret"]}],"is_beta":false,"boss_relics":[],"items_purged_floors":[],"is_endless":false,"potions_floor_spawned":[7],"killed_by":"3 Sentries","ascension_level":6}