{"gold_per_floor":[119,119,44,55,20,20,48,68,68,68,94,108,108],"floor_reached":13,"playtime":509,"items_purged":["Strike_G"],"score":116,"play_id":"3c30df77-cc9b-4524-914b-f6abe8362ff6","local_time":"20190816210831","is_ascension_mode":true,"campfire_choices":[{"data":"Noxious Fumes","floor":6,"key":"SMITH"}],"neow_cost":"NONE","seed_source_timestamp":117703763514300,"circlet_count":0,"master_deck":["Strike_G","Strike_G","Defend_G","Defend_G","Defend_G","Defend_G","Defend_G","Survivor","Neutralize","Deadly Poison","Deadly Poison","Noxious Fumes+1","Catalyst","Dodge and Roll"],"relics":["Ring of the Snake","Mummified Hand","Ornamental Fan","PreservedInsect"],"potions_floor_usage":[7,7,11],"damage_taken":[{"damage":0,"enemies":"Cultist","floor":1,"turns":4},{"damage":0,"enemies":"Small Slimes","floor":4,"turns":3},{"damage":20,"enemies":"Lagavulin","floor":7,"turns":5},{"damage":0,"enemies":"Jaw Worm","floor":8,"turns":4},{"damage":23,"enemies":"Gremlin Nob","floor":11,"turns":4},{"damage":13,"enemies":"Lots of Slimes","floor":12,"turns":4},{"damage":7,"enemies":"Large Slime","floor":13,"turns":4}],"seed_played":"-1067579862131571771","potions_obtained":[{"floor":1,"key":"PowerPotion"},{"floor":4,"key":"Energy Potion"},{"floor":7,"key":"AttackPotion"},{"floor":12,"key":"Swift Potion"}],"is_trial":false,"path_per_floor":["M","?","$","M","$","R","E","M","T","?","E","M","M"],"character_chosen":"THE_SILENT","items_purchased":["Noxious Fumes"],"campfire_rested":0,"item_purchase_floors":[5],"current_hp_per_floor":[70,63,63,63,63,63,43,43,43,43,20,7,0],"gold":108,"neow_bonus":"THREE_CARDS","is_prod":false,"is_daily":false,"chose_seed":false,"campfire_upgraded":1,"win_rate":0,"timestamp":1565982511,"path_taken":["M","?","$","M","$","R","E","M","T","?","E","M","?"],"build_version":"2019-07-17","purchased_purges":1,"victory":false,"max_hp_per_floor":[70,70,70,70,70,70,70,70,70,70,70,70,70],"card_choices":[{"not_picked":["PiercingWail","Cloak And Dagger"],"picked":"Deadly Poison","floor":0},{"not_picked":["Flying Knee","Prepared","Blade Dance"],"picked":"SKIP","floor":1},{"not_picked":["Calculated Gamble","Choke"],"picked":"Deadly Poison","floor":4},{"not_picked":["Acrobatics","Prepared","Envenom"],"picked":"SKIP","floor":7},{"not_picked":["Bane","Expertise","Endless Agony"],"picked":"SKIP","floor":8},{"not_picked":["Skewer","Poisoned Stab"],"picked":"Catalyst","floor":11},{"not_picked":["Terror","Quick Slash"],"picked":"Dodge and Roll","floor":12}],"player_experience":99365,"relics_obtained":[{"floor":7,"key":"Mummified Hand"},{"floor":9,"key":"Ornamental Fan"},{"floor":11,"key":"PreservedInsect"}],"event_choices":[{"cards_removed":["Strike_G"],"damage_healed":0,"gold_gain":0,"player_choice":"Card Removal","damage_taken":7,"max_hp_gain":0,"max_hp_loss":0,"event_name":"Golden Wing","floor":2,"gold_loss":0},{"cards_removed":["Strike_G"],"damage_healed":0,"gold_gain":0,"player_choice":"Purged","damage_taken":0,"max_hp_gain":0,"max_hp_loss":0,"event_name":"Purifier","floor":10,"gold_loss":0}],"is_beta":false,"boss_relics":[],"items_purged_floors":[3],"is_endless":false,"potions_floor_spawned":[1,4,7,12],"killed_by":"Large Slime","ascension_level":5}