{"gold_per_floor":[112,112,112,128,78,78,3,3,53,66,66,93,93,110,110,211,211,231,248,248,18,33,33,33,368,368,384,9,35,48,64,64,167,167,186,198,198,39,53,53,87,87,87,121,139,139,159,190,202,214,226,238,63,88,88],"floor_reached":56,"playtime":6369,"items_purged":["Strike_G","Strike_G","Reflex+1"],"score":1508,"play_id":"b3ca937d-8713-43f0-9154-f374fa24d4a2","local_time":"20190729012030","is_ascension_mode":true,"campfire_choices":[{"data":"Footwork","floor":6.0,"key":"SMITH"},{"data":"Noxious Fumes","floor":8.0,"key":"SMITH"},{"data":"Envenom","floor":13.0,"key":"SMITH"},{"floor":15.0,"key":"RECALL"},{"data":"Malaise","floor":23.0,"key":"SMITH"},{"data":"Skewer","floor":32.0,"key":"SMITH"},{"data":"Footwork","floor":40.0,"key":"SMITH"},{"data":"Well Laid Plans","floor":42.0,"key":"SMITH"},{"data":"Neutralize","floor":46.0,"key":"SMITH"},{"data":"Dodge and Roll","floor":49.0,"key":"SMITH"},{"data":"Defend_G","floor":52.0,"key":"SMITH"}],"neow_cost":"NONE","seed_source_timestamp":0,"circlet_count":0,"master_deck":["Defend_G+1","Defend_G+1","Defend_G","Defend_G+1","Neutralize+1","Footwork+1","Noxious Fumes+1","PiercingWail","Envenom+1","Malaise+1","Catalyst+1","Dodge and Roll+1","After Image","Footwork+1","Skewer+1","Bullet Time","Wraith Form v2+1","Skewer+1","Noxious Fumes+1","Footwork+1","Well Laid Plans+1","Footwork+1","Impatience"],"special_seed":0,"relics":["Ring of the Snake","NeowsBlessing","Gambling Chip","Bag of Preparation","Cursed Key","Old Coin","Chemical X","Thread and Needle","Astrolabe","Bronze Scales","PreservedInsect","MawBank","Boot"],"potions_floor_usage":[55,55],"damage_taken":[{"damage":0.0,"enemies":"Small Slimes","floor":1.0,"turns":1.0},{"damage":0.0,"enemies":"Jaw Worm","floor":4.0,"turns":1.0},{"damage":0.0,"enemies":"2 Louse","floor":10.0,"turns":1.0},{"damage":25.0,"enemies":"Gremlin Nob","floor":12.0,"turns":6.0},{"damage":2.0,"enemies":"Blue Slaver","floor":14.0,"turns":5.0},{"damage":14.0,"enemies":"Slime Boss","floor":16.0,"turns":12.0},{"damage":2.0,"enemies":"Spheric Guardian","floor":18.0,"turns":6.0},{"damage":17.0,"enemies":"2 Thieves","floor":19.0,"turns":5.0},{"damage":0.0,"enemies":"Snecko","floor":22.0,"turns":8.0},{"damage":0.0,"enemies":"Book of Stabbing","floor":25.0,"turns":12.0},{"damage":14.0,"enemies":"Centurion and Healer","floor":27.0,"turns":9.0},{"damage":5.0,"enemies":"Slavers","floor":29.0,"turns":7.0},{"damage":0.0,"enemies":"Cultist and Chosen","floor":30.0,"turns":7.0},{"damage":0.0,"enemies":"Snecko","floor":31.0,"turns":4.0},{"damage":18.0,"enemies":"Champ","floor":33.0,"turns":13.0},{"damage":0.0,"enemies":"3 Shapes","floor":35.0,"turns":6.0},{"damage":0.0,"enemies":"Orb Walker","floor":36.0,"turns":5.0},{"damage":0.0,"enemies":"Jaw Worm Horde","floor":39.0,"turns":5.0},{"damage":0.0,"enemies":"Giant Head","floor":41.0,"turns":7.0},{"damage":0.0,"enemies":"Nemesis","floor":44.0,"turns":7.0},{"damage":0.0,"enemies":"Writhing Mass","floor":45.0,"turns":6.0},{"damage":5.0,"enemies":"Spire Growth","floor":47.0,"turns":6.0},{"damage":0.0,"enemies":"Giant Head","floor":48.0,"turns":7.0},{"damage":0.0,"enemies":"Time Eater","floor":50.0,"turns":11.0},{"damage":0.0,"enemies":"Shield and Spear","floor":54.0,"turns":5.0},{"damage":66,"enemies":"The Heart","floor":55,"turns":13}],"seed_played":"-3713815234617075380","potions_obtained":[{"floor":1.0,"key":"Block Potion"},{"floor":4.0,"key":"EssenceOfSteel"},{"floor":14.0,"key":"Dexterity Potion"},{"floor":18.0,"key":"AttackPotion"},{"floor":22.0,"key":"Weak Potion"},{"floor":25.0,"key":"Regen Potion"},{"floor":31.0,"key":"Swift Potion"},{"floor":41.0,"key":"SkillPotion"},{"floor":44.0,"key":"Regen Potion"},{"floor":54.0,"key":"GhostInAJar"}],"is_trial":false,"path_per_floor":["M","?","?","M","?","R","$","R","T","M","T","E","R","M","R","B",null,"M","M","?","$","M","R","?","E","T","M","$","E","M","M","R","B",null,"M","M","?","$","M","R","E","R","T","E","M","R","M","E","R","B",null,"R","$","E","B",null],"character_chosen":"THE_SILENT","items_purchased":["Noxious Fumes","After Image","Skewer","Chemical X","Footwork","Impatience","FairyPotion"],"campfire_rested":0,"item_purchase_floors":[7,21,28,28,38,53,53],"current_hp_per_floor":[70,75,60,60,60,60,60,60,60,60,60,35,35,33,33,19,75,73,56,49,49,49,49,49,49,49,35,35,45,45,45,45,27,75,75,75,75,75,75,75,75,75,75,75,75,75,70,70,70,70,75,75,75,75,9],"gold":88,"neow_bonus":"THREE_ENEMY_KILL","is_prod":false,"is_daily":false,"chose_seed":false,"campfire_upgraded":10,"win_rate":0,"timestamp":1564356030,"path_taken":["M","?","?","M","?","R","?","R","T","M","?","E","R","M","R","BOSS","M","M","?","?","?","R","?","E","T","M","$","E","M","M","R","BOSS","M","M","?","$","M","R","E","R","T","E","M","R","M","E","R","BOSS","R","$","E","BOSS"],"build_version":"2019-07-17","purchased_purges":3,"victory":true,"max_hp_per_floor":[70,75,75,75,75,75,75,75,75,75,75,75,75,75,75,75,75,75,75,75,75,75,75,75,75,75,75,75,75,75,75,75,75,75,75,75,75,75,75,75,75,75,75,75,75,75,75,75,75,75,75,75,75,75,75],"card_choices":[{"not_picked":["Tactician","Sucker Punch","Prepared"],"picked":"SKIP","floor":1.0},{"not_picked":["Escape Plan","Dagger Spray"],"picked":"Footwork","floor":4.0},{"not_picked":["Predator","Prepared"],"picked":"PiercingWail","floor":10.0},{"not_picked":["Prepared","Crippling Poison"],"picked":"Envenom","floor":12.0},{"not_picked":["Dagger Throw","Flying Knee","Acrobatics"],"picked":"SKIP","floor":14.0},{"not_picked":["Die Die Die","Doppelganger"],"picked":"Malaise","floor":16.0},{"not_picked":["Escape Plan+1","Quick Slash"],"picked":"Catalyst+1","floor":18.0},{"not_picked":["Quick Slash","Dagger Throw"],"picked":"Dodge and Roll","floor":19.0},{"not_picked":["Dagger Spray","Quick Slash"],"picked":"Footwork+1","floor":22.0},{"not_picked":["Riddle With Holes","Endless Agony","Slice"],"picked":"SKIP","floor":25.0},{"not_picked":["Outmaneuver","Prepared+1","Dagger Throw"],"picked":"SKIP","floor":27.0},{"not_picked":["Deflect","Blade Dance","Die Die Die"],"picked":"SKIP","floor":29.0},{"not_picked":["Infinite Blades","Sucker Punch","Quick Slash+1"],"picked":"SKIP","floor":30.0},{"not_picked":["Sucker Punch+1","Quick Slash","Dagger Throw"],"picked":"SKIP","floor":31.0},{"not_picked":["Phantasmal Killer","Glass Knife"],"picked":"Bullet Time","floor":33.0},{"not_picked":["Heel Hook+1","Blade Dance+1"],"picked":"Noxious Fumes+1","floor":35.0},{"not_picked":["Dagger Throw+1","Dagger Spray","Sucker Punch"],"picked":"SKIP","floor":36.0},{"not_picked":["Eviscerate+1","Bane+1","Quick Slash"],"picked":"SKIP","floor":39.0},{"not_picked":["Predator","Deflect+1"],"picked":"Well Laid Plans","floor":41.0},{"not_picked":["Blade Dance","Well Laid Plans"],"picked":"Footwork+1","floor":44.0},{"not_picked":["Deadly Poison","Quick Slash+1","Slice+1"],"picked":"SKIP","floor":45.0},{"not_picked":["Bane+1","Sucker Punch+1","PiercingWail+1"],"picked":"SKIP","floor":47.0},{"not_picked":["Venomology","Blade Dance+1","Calculated Gamble+1"],"picked":"SKIP","floor":48.0},{"not_picked":["Tools of the Trade","Flechettes","Well Laid Plans"],"picked":"SKIP","floor":54.0}],"player_experience":80966,"relics_obtained":[{"floor":11.0,"key":"Gambling Chip"},{"floor":12.0,"key":"Bag of Preparation"},{"floor":25.0,"key":"Old Coin"},{"floor":29.0,"key":"Thread and Needle"},{"floor":41.0,"key":"Bronze Scales"},{"floor":44.0,"key":"PreservedInsect"},{"floor":48.0,"key":"MawBank"},{"floor":54.0,"key":"Boot"}],"event_choices":[{"damage_healed":0.0,"max_hp_gain":5.0,"max_hp_loss":0.0,"gold_gain":0.0,"event_name":"Big Fish","player_choice":"Donut","floor":2.0,"gold_loss":0.0,"damage_taken":0.0},{"damage_healed":0.0,"max_hp_gain":0.0,"max_hp_loss":0.0,"gold_gain":0.0,"event_name":"Shining Light","player_choice":"Entered Light","floor":3.0,"gold_loss":0.0,"damage_taken":15.0,"cards_upgraded":["Defend_G","Defend_G"]},{"cards_removed":["Strike_G"],"damage_healed":0.0,"max_hp_gain":0.0,"max_hp_loss":0.0,"gold_gain":0.0,"event_name":"The Cleric","player_choice":"Card Removal","floor":5.0,"gold_loss":50.0,"damage_taken":0.0},{"damage_healed":0.0,"max_hp_gain":0.0,"max_hp_loss":0.0,"gold_gain":0.0,"event_name":"Knowing Skull","player_choice":"","floor":20.0,"potions_obtained":[],"gold_loss":0.0,"damage_taken":7.0,"cards_obtained":[]},{"damage_healed":0.0,"max_hp_gain":0.0,"max_hp_loss":0.0,"gold_gain":0.0,"event_name":"Vampires","player_choice":"Ignored","floor":24.0,"gold_loss":0.0,"damage_taken":0.0},{"cards_removed":["Survivor"],"damage_healed":0.0,"max_hp_gain":0.0,"max_hp_loss":0.0,"gold_gain":0.0,"event_name":"Falling","player_choice":"Removed Skill","floor":37.0,"gold_loss":0.0,"damage_taken":0.0}],"is_beta":false,"boss_relics":[{"not_picked":["Tiny House","Runic Dome"],"picked":"Cursed Key"},{"not_picked":["Eternal Feather","Calling Bell"],"picked":"Astrolabe"}],"items_purged_floors":[21,28,38],"is_endless":false,"potions_floor_spawned":[1,4,14,18,22,25,27,31,35,41,44,54],"ascension_level":1}