{"gold_per_floor":[119,134,147,166,131,131,151,151,224,251,16,16,83,83,83,186,186,202,213,232,412,432,432,442,37,110,121,151,151,151,164,164,261,261,274,88,88,88,0,0,0],"floor_reached":41,"playtime":1613,"items_purged":["Shame"],"score":498,"play_id":"56296e35-0149-46eb-a090-af6900464641","local_time":"20190429181300","is_ascension_mode":true,"campfire_choices":[{"data":"Zap","floor":6.0,"key":"SMITH"},{"data":"Sunder","floor":8.0,"key":"SMITH"},{"data":"1","floor":12.0,"key":"LIFT"},{"data":"2","floor":15.0,"key":"LIFT"},{"floor":23.0,"key":"REST"},{"data":"3","floor":30.0,"key":"LIFT"},{"floor":32.0,"key":"REST"},{"data":"Recycle","floor":40,"key":"SMITH"}],"neow_cost":"NONE","seed_source_timestamp":0,"circlet_count":0,"master_deck":["Strike_B","Strike_B","Strike_B","Strike_B","Defend_B","Defend_B","Defend_B","Defend_B","Zap+1","Dualcast","Hologram","Go for the Eyes","Stack","Leap","Sunder+1","Hello World+1","Darkness","Echo Form+1","Undo","Hologram+1","Cold Snap","Ball Lightning","Consume","Loop+1","Cold Snap","Stack","White Noise","Gash","Parasite","Double Energy+1","Echo Form+1","Clumsy","Regret","Injury","Defragment+1","Recycle+1"],"special_seed":0,"relics":["Cracked Core","NeowsBlessing","Frozen Egg 2","Girya","Pen Nib","Oddly Smooth Stone","Cursed Key","Symbiotic Virus","Blue Candle","Boot","Ornamental Fan","Calling Bell","Omamori","Matryoshka","Unceasing Top","Red Mask"],"potions_floor_usage":[],"damage_taken":[{"damage":0.0,"enemies":"Jaw Worm","floor":1.0,"turns":1.0},{"damage":0.0,"enemies":"2 Louse","floor":2.0,"turns":1.0},{"damage":0.0,"enemies":"Small Slimes","floor":3.0,"turns":1.0},{"damage":9.0,"enemies":"3 Louse","floor":4.0,"turns":4.0},{"damage":24.0,"enemies":"Lots of Slimes","floor":7.0,"turns":5.0},{"damage":8.0,"enemies":"Lagavulin","floor":10.0,"turns":5.0},{"damage":10.0,"enemies":"Slime Boss","floor":16.0,"turns":7.0},{"damage":0.0,"enemies":"Chosen","floor":18.0,"turns":4.0},{"damage":9.0,"enemies":"Shell Parasite","floor":19.0,"turns":4.0},{"damage":35.0,"enemies":"3 Cultists","floor":20.0,"turns":5.0},{"damage":7.0,"enemies":"Sentry and Sphere","floor":22.0,"turns":3.0},{"damage":10.0,"enemies":"Snecko","floor":24.0,"turns":4.0},{"damage":0.0,"enemies":"Centurion and Healer","floor":27.0,"turns":4.0},{"damage":1.0,"enemies":"Book of Stabbing","floor":28.0,"turns":5.0},{"damage":8.0,"enemies":"Snake Plant","floor":31.0,"turns":3.0},{"damage":35.0,"enemies":"Collector","floor":33.0,"turns":9.0},{"damage":18,"enemies":"3 Shapes","floor":35,"turns":5},{"damage":91,"enemies":"Reptomancer","floor":41,"turns":4}],"seed_played":"-9174120433413318016","potions_obtained":[{"floor":3.0,"key":"Energy Potion"},{"floor":4.0,"key":"Block Potion"},{"floor":10.0,"key":"AttackPotion"},{"floor":16.0,"key":"SpeedPotion"},{"floor":18.0,"key":"LiquidBronze"},{"floor":19.0,"key":"Regen Potion"},{"floor":22.0,"key":"Energy Potion"},{"floor":24.0,"key":"Weak Potion"},{"floor":27.0,"key":"SteroidPotion"}],"is_trial":false,"path_per_floor":["M","M","M","M","?","R","M","R","T","E","$","R","?","?","R","B",null,"M","M","M","?","M","R","M","$","T","M","E","T","R","M","R","B",null,"M","$","?","$","?","R","E"],"character_chosen":"DEFECT","items_purchased":["Pen Nib","Darkness","Symbiotic Virus","Loop+1","Cold Snap","Stack","Defragment+1","Recycle"],"campfire_rested":2,"item_purchase_floors":[11,11,25,25,25,25,36,36],"current_hp_per_floor":[75,75,75,66,75,75,51,51,51,43,43,43,43,40,40,30,75,75,66,40,19,12,34,24,24,24,24,23,23,23,15,37,2,75,57,57,75,75,75,75,0],"gold":0,"neow_bonus":"THREE_ENEMY_KILL","is_prod":false,"is_daily":false,"chose_seed":false,"campfire_upgraded":3,"win_rate":0,"timestamp":1556525580,"path_taken":["M","M","M","M","?","R","M","R","T","E","$","R","?","?","R","BOSS","M","M","M","?","M","R","?","$","T","?","E","?","R","M","R","BOSS","M","$","?","$","?","R","E"],"build_version":"2019-01-23","purchased_purges":1,"victory":false,"max_hp_per_floor":[75,75,75,75,75,75,75,75,75,75,75,75,75,75,75,75,75,75,75,75,75,75,75,75,75,75,75,75,75,75,75,75,75,75,75,75,75,75,75,75,75],"card_choices":[{"not_picked":["Sweeping Beam","Redo"],"picked":"Hologram","floor":1.0},{"not_picked":["Reinforced Body","Redo"],"picked":"Go for the Eyes","floor":2.0},{"not_picked":["Go for the Eyes","Coolheaded"],"picked":"Stack","floor":3.0},{"not_picked":["Reinforced Body","Heatsinks"],"picked":"Leap","floor":4.0},{"not_picked":["Barrage","Steam"],"picked":"Sunder","floor":7.0},{"not_picked":["Chill","Hyperbeam"],"picked":"Hello World+1","floor":10.0},{"not_picked":["Thunder Strike","Core Surge"],"picked":"Echo Form+1","floor":16.0},{"not_picked":["Gash","Skim"],"picked":"Undo","floor":18.0},{"not_picked":["Chaos","Rebound+1"],"picked":"Hologram+1","floor":19.0},{"not_picked":["Melter+1","Scrape"],"picked":"Cold Snap","floor":20.0},{"not_picked":["Steam","Sweeping Beam"],"picked":"Ball Lightning","floor":22.0},{"not_picked":["Cold Snap","Force Field"],"picked":"Consume","floor":24.0},{"not_picked":["Echo Form+1","Aggregate"],"picked":"White Noise","floor":27.0},{"not_picked":["Streamline+1","Compile Driver"],"picked":"Gash","floor":28.0},{"not_picked":["Turbo","Stack"],"picked":"Double Energy+1","floor":31.0},{"not_picked":["Electrodynamics+1","Core Surge"],"picked":"Echo Form+1","floor":33.0},{"not_picked":["Streamline","Turbo","Chaos"],"picked":"SKIP","floor":35}],"player_experience":508453,"relics_obtained":[{"floor":9.0,"key":"Frozen Egg 2"},{"floor":10.0,"key":"Girya"},{"floor":26.0,"key":"Blue Candle"},{"floor":28.0,"key":"Boot"},{"floor":29.0,"key":"Ornamental Fan"},{"floor":34,"key":"Omamori"},{"floor":34,"key":"Matryoshka"},{"floor":34,"key":"Unceasing Top"}],"event_choices":[{"damage_healed":18.0,"max_hp_gain":0.0,"max_hp_loss":0.0,"gold_gain":0.0,"event_name":"The Cleric","player_choice":"Healed","floor":5.0,"gold_loss":35.0,"damage_taken":0.0},{"damage_healed":0.0,"max_hp_gain":0.0,"max_hp_loss":0.0,"gold_gain":67.0,"event_name":"Golden Wing","player_choice":"Gained Gold","floor":13.0,"gold_loss":0.0,"damage_taken":0.0},{"damage_healed":0.0,"max_hp_gain":0.0,"max_hp_loss":0.0,"gold_gain":0.0,"event_name":"Scrap Ooze","player_choice":"Success","floor":14.0,"gold_loss":0.0,"damage_taken":3.0,"relics_obtained":["Oddly Smooth Stone"]},{"damage_healed":0.0,"max_hp_gain":0.0,"max_hp_loss":0.0,"gold_gain":180.0,"event_name":"Knowing Skull","player_choice":"GOLD GOLD ","floor":21.0,"potions_obtained":[],"gold_loss":0.0,"damage_taken":21.0,"cards_obtained":[]},{"damage_healed":19,"gold_gain":0,"player_choice":"Writhe","damage_taken":0,"max_hp_gain":0,"max_hp_loss":0,"event_name":"Winding Halls","floor":37,"gold_loss":0,"cards_obtained":["Writhe"]},{"damage_healed":0,"gold_gain":0,"player_choice":"Paid","damage_taken":0,"relics_obtained":["Red Mask"],"max_hp_gain":0,"max_hp_loss":0,"event_name":"Tomb of Lord Red Mask","floor":39,"gold_loss":88}],"is_beta":false,"boss_relics":[{"not_picked":["Lizard Tail","Astrolabe"],"picked":"Cursed Key"},{"not_picked":["Coffee Dripper","FrozenCore"],"picked":"Calling Bell"}],"items_purged_floors":[36],"is_endless":false,"potions_floor_spawned":[3,4,10,16,18,19,22,24,27],"killed_by":"Reptomancer","ascension_level":3}