{"gold_per_floor":[109,124,136,136,150,150,169,186,209,231,116,143,143,158,158,255,255,275,275,288,319,419,419,419],"floor_reached":24,"playtime":915,"items_purged":[],"score":208,"play_id":"9aae346e-f559-409b-81b7-d16bf448016f","local_time":"20190911125652","is_ascension_mode":true,"campfire_choices":[{"data":"Eruption","floor":6,"key":"SMITH"},{"floor":13,"key":"REST"},{"floor":15,"key":"REST"},{"floor":23,"key":"REST"}],"neow_cost":"NONE","seed_source_timestamp":8799499500549,"circlet_count":0,"master_deck":["Strike_P","Strike_P","Strike_P","Strike_P","Defend_P","Defend_P","Defend_P","Defend_P","Eruption+1","Vigilance","EmptyFist","Conclude","CleanseEvil","Pray","Meditate","Swivel","Crescendo","Devotion","Evaluate","SandsOfTime","CutThroughFate","ReachHeaven","ForeignInfluence","Writhe","FollowUp","DeceiveReality+1"],"relics":["HolyWater","NeowsBlessing","Bag of Preparation","Pen Nib","Odd Mushroom","InkBottle","Pantograph","Red Mask"],"potions_floor_usage":[14,16,20],"damage_taken":[{"damage":0,"enemies":"Cultist","floor":1,"turns":1},{"damage":0,"enemies":"2 Louse","floor":2,"turns":1},{"damage":0,"enemies":"Jaw Worm","floor":3,"turns":1},{"damage":16,"enemies":"Blue Slaver","floor":5,"turns":4},{"damage":15,"enemies":"Large Slime","floor":7,"turns":4},{"damage":0,"enemies":"Looter","floor":8,"turns":3},{"damage":18,"enemies":"The Mushroom Lair","floor":10,"turns":2},{"damage":13,"enemies":"Lagavulin","floor":12,"turns":5},{"damage":0,"enemies":"Red Slaver","floor":14,"turns":1},{"damage":28,"enemies":"Hexaghost","floor":16,"turns":7},{"damage":39,"enemies":"2 Thieves","floor":18,"turns":3},{"damage":0,"enemies":"Spheric Guardian","floor":20,"turns":2},{"damage":23,"enemies":"Masked Bandits","floor":21,"turns":5},{"damage":37,"enemies":"Chosen and Byrds","floor":24,"turns":4}],"seed_played":"-2149033169007440115","potions_obtained":[{"floor":3,"key":"Fire Potion"},{"floor":7,"key":"AttackPotion"},{"floor":8,"key":"Weak Potion"},{"floor":18,"key":"SteroidPotion"},{"floor":21,"key":"SteroidPotion"}],"is_trial":false,"path_per_floor":["M","M","M","T","M","R","M","M","T","?","$","E","R","M","R","B",null,"M","?","M","?","?","R","M"],"character_chosen":"WATCHER","items_purchased":["Devotion","Evaluate"],"campfire_rested":3,"item_purchase_floors":[11,11],"current_hp_per_floor":[65,65,65,65,49,49,34,34,34,16,16,3,22,22,41,13,65,26,26,26,3,3,22,0],"gold":419,"neow_bonus":"THREE_ENEMY_KILL","is_prod":false,"is_daily":false,"chose_seed":false,"campfire_upgraded":1,"win_rate":0,"timestamp":1568170612,"path_taken":["M","M","M","?","M","R","M","?","T","?","?","E","R","M","R","BOSS","M","?","M","?","?","R","M"],"build_version":"2019-09-10","purchased_purges":0,"victory":false,"max_hp_per_floor":[65,65,65,65,65,65,65,65,65,65,65,65,65,65,65,65,65,65,65,65,65,65,65,65],"card_choices":[{"not_picked":["ThirdEye","FlyingSleeves"],"picked":"EmptyFist","floor":1},{"not_picked":["FlyingSleeves","TalkToTheHand"],"picked":"Conclude","floor":2},{"not_picked":["FlyingSleeves","Weave"],"picked":"CleanseEvil","floor":3},{"not_picked":["Halt","Weave"],"picked":"Pray","floor":5},{"not_picked":["CutThroughFate","EmptyFist"],"picked":"Meditate","floor":7},{"not_picked":["EmptyBody","Prostrate"],"picked":"Swivel","floor":8},{"not_picked":["CrushJoints","MasterReality"],"picked":"Crescendo","floor":10},{"not_picked":["InnerPeace","CrushJoints"],"picked":"SandsOfTime","floor":12},{"not_picked":["EmptyBody","JustLucky"],"picked":"CutThroughFate","floor":14},{"not_picked":["Blasphemy","Judgement"],"picked":"ReachHeaven","floor":16},{"not_picked":["WaveOfTheHand","ThirdEye"],"picked":"ForeignInfluence","floor":18},{"not_picked":["Fasting","EmptyBody+1"],"picked":"FollowUp","floor":20},{"not_picked":["MentalFortress","ClearTheMind"],"picked":"DeceiveReality+1","floor":21}],"player_experience":1286163,"relics_obtained":[{"floor":4,"key":"Bag of Preparation"},{"floor":9,"key":"Pen Nib"},{"floor":10,"key":"Odd Mushroom"},{"floor":12,"key":"InkBottle"},{"floor":21,"key":"Red Mask"}],"event_choices":[{"damage_healed":0,"gold_gain":0,"player_choice":"Fought Mushrooms","damage_taken":0,"max_hp_gain":0,"max_hp_loss":0,"event_name":"Mushrooms","floor":10,"gold_loss":0},{"damage_healed":0,"gold_gain":0,"player_choice":"Opened","damage_taken":0,"relics_obtained":["Pantograph"],"max_hp_gain":0,"max_hp_loss":0,"event_name":"The Mausoleum","floor":19,"gold_loss":0,"cards_obtained":["Writhe"]},{"damage_healed":0,"gold_gain":0,"player_choice":"Fought Bandits","damage_taken":0,"max_hp_gain":0,"max_hp_loss":0,"event_name":"Masked Bandits","floor":21,"gold_loss":0},{"damage_healed":0,"gold_gain":100,"player_choice":"Pray","damage_taken":0,"max_hp_gain":0,"max_hp_loss":0,"event_name":"Golden Shrine","floor":22,"gold_loss":0}],"is_beta":true,"boss_relics":[{"not_picked":["SacredBark","SlaversCollar"],"picked":"HolyWater"}],"items_purged_floors":[],"is_endless":false,"potions_floor_spawned":[3,7,8,10,18,21],"killed_by":"Chosen and Byrds","ascension_level":1}