{"gold_per_floor":[112,187,10,22,42,42,74,85,85,97,110,129,129,145,145,145],"floor_reached":16,"playtime":887,"items_purged":["Strike_G"],"score":186,"play_id":"7fe727ee-db75-4664-9d8d-e74a77e79b9c","local_time":"20181223233736","is_ascension_mode":true,"campfire_choices":[{"data":"Finisher","floor":6,"key":"SMITH"},{"floor":13,"key":"REST"},{"floor":15,"key":"REST"}],"neow_cost":"NONE","seed_source_timestamp":252870575802787,"circlet_count":0,"master_deck":["AscendersBane","Defend_G","Defend_G","Defend_G","Defend_G","Defend_G","Strike_G","Strike_G","Strike_G","Strike_G","Survivor","Neutralize","Prepared","Dagger Throw","Expertise","Dagger Throw","Underhanded Strike","Finisher+1","Acrobatics","Underhanded Strike","After Image","Backstab+1","Heel Hook+1","Eviscerate+1","Reflex"],"relics":["Orrery","Molten Egg 2","Question Card"],"potions_floor_usage":[7,10,11,16],"damage_taken":[{"damage":0,"enemies":"Small Slimes","floor":1,"turns":4},{"damage":3,"enemies":"2 Louse","floor":4,"turns":3},{"damage":1,"enemies":"Cultist","floor":5,"turns":3},{"damage":25,"enemies":"Lagavulin","floor":7,"turns":7},{"damage":5,"enemies":"Large Slime","floor":8,"turns":5},{"damage":5,"enemies":"Lots of Slimes","floor":10,"turns":3},{"damage":0,"enemies":"Exordium Thugs","floor":11,"turns":3},{"damage":0,"enemies":"Gremlin Gang","floor":12,"turns":3},{"damage":0,"enemies":"Looter","floor":14,"turns":1},{"damage":56,"enemies":"The Guardian","floor":16,"turns":11}],"seed_played":"-2736328074326206622","potions_obtained":[{"floor":4,"key":"LiquidBronze"},{"floor":5,"key":"GhostInAJar"},{"floor":8,"key":"GamblersBrew"},{"floor":14,"key":"Fire Potion"}],"is_trial":false,"path_per_floor":["M","?","$","M","M","R","E","M","T","M","M","M","R","M","R","B"],"character_chosen":"THE_SILENT","items_purchased":["Acrobatics","FearPotion"],"campfire_rested":2,"item_purchase_floors":[3,3],"current_hp_per_floor":[59,48,48,45,44,44,19,14,14,9,9,9,28,28,47,0],"gold":145,"neow_bonus":"BOSS_RELIC","is_prod":false,"is_daily":false,"chose_seed":false,"campfire_upgraded":1,"win_rate":0,"timestamp":1545626256,"path_taken":["M","?","$","M","M","R","E","M","T","M","M","M","R","M","R","BOSS"],"build_version":"2018-12-20","purchased_purges":1,"victory":false,"max_hp_per_floor":[66,66,66,66,66,66,66,66,66,66,66,66,66,66,66,66],"card_choices":[{"not_picked":["Masterful Stab","Terror"],"picked":"Prepared","floor":0},{"not_picked":["Doppelganger","Distraction"],"picked":"Dagger Throw","floor":0},{"not_picked":["Blade Dance","Accuracy"],"picked":"Expertise","floor":0},{"not_picked":["Outmaneuver","PiercingWail"],"picked":"Dagger Throw","floor":0},{"not_picked":["Footwork","PiercingWail"],"picked":"Underhanded Strike","floor":0},{"not_picked":["Blade Dance","Poisoned Stab"],"picked":"Finisher","floor":1},{"not_picked":["Bane","Choke"],"picked":"Underhanded Strike","floor":4},{"not_picked":["Well Laid Plans","Prepared","Poisoned Stab"],"picked":"SKIP","floor":5},{"not_picked":["Blade Dance","Bouncing Flask"],"picked":"After Image","floor":7},{"not_picked":["Infinite Blades","Poisoned Stab+1"],"picked":"Backstab+1","floor":8},{"not_picked":["Caltrops","Deadly Poison","Masterful Stab+1","Acrobatics"],"picked":"SKIP","floor":10},{"not_picked":["Caltrops","Deadly Poison","Masterful Stab+1","Acrobatics"],"picked":"SKIP","floor":10},{"not_picked":["PiercingWail","Slice+1","Prepared"],"picked":"Heel Hook+1","floor":11},{"not_picked":["Masterful Stab+1","Crippling Poison","All Out Attack+1"],"picked":"Eviscerate+1","floor":12},{"not_picked":["Underhanded Strike+1","Outmaneuver","Poisoned Stab+1"],"picked":"Reflex","floor":14}],"player_experience":957970,"relics_obtained":[{"floor":7,"key":"Molten Egg 2"},{"floor":9,"key":"Question Card"}],"event_choices":[{"damage_healed":0,"gold_gain":75,"player_choice":"Gather Gold","damage_taken":11,"max_hp_gain":0,"max_hp_loss":0,"event_name":"World of Goop","floor":2,"gold_loss":0}],"is_beta":false,"boss_relics":[],"items_purged_floors":[3],"is_endless":false,"potions_floor_spawned":[4,5,8,14],"killed_by":"The Guardian","ascension_level":15}