{"gold_per_floor":[13,24,43,43,60,60,91,107,107,107,56,75,106,117,117,215,215,228,228,228,428,194,194,222,222,246,246,265,265,280,294,294,294],"floor_reached":33,"playtime":1746,"items_purged":["Strike_R"],"score":346,"play_id":"5af2ac44-a6e6-4d6f-b9cc-852062233fca","local_time":"20180724224000","is_ascension_mode":true,"campfire_choices":[{"data":"Whirlwind","floor":6,"key":"SMITH"},{"data":"Corruption","floor":10,"key":"SMITH"},{"floor":15,"key":"REST"},{"data":"Bash","floor":23,"key":"SMITH"},{"data":"Double Tap","floor":25,"key":"SMITH"},{"data":"Shockwave","floor":27,"key":"SMITH"},{"floor":32,"key":"REST"}],"neow_cost":"NO_GOLD","seed_source_timestamp":1134689616732394,"circlet_count":0,"master_deck":["Strike_R","Strike_R","Strike_R","Defend_R","Defend_R","Defend_R","Bash+1","Clash","Whirlwind+1","Corruption+1","Headbutt","Flex","Infernal Blade","Warcry","Double Tap+1","Evolve","Shockwave+1","Offering","Shrug It Off","Power Through","Immolate","Armaments","Wild Strike+1","Havoc"],"relics":["Burning Blood","Ancient Tea Set","Red Skull","Juzu Bracelet","Mark of Pain","Bottled Lightning","Omamori","Thread and Needle"],"potions_floor_usage":[7,18,30,33,33],"damage_taken":[{"damage":1,"enemies":"Cultist","floor":1,"turns":3},{"damage":0,"enemies":"Small Slimes","floor":2,"turns":2},{"damage":7,"enemies":"2 Louse","floor":3,"turns":2},{"damage":21,"enemies":"Lots of Slimes","floor":5,"turns":3},{"damage":42,"enemies":"Lagavulin","floor":7,"turns":6},{"damage":0,"enemies":"Gremlin Gang","floor":8,"turns":1},{"damage":0,"enemies":"Blue Slaver","floor":12,"turns":1},{"damage":18,"enemies":"Gremlin Nob","floor":13,"turns":3},{"damage":0,"enemies":"Large Slime","floor":14,"turns":4},{"damage":45,"enemies":"The Guardian","floor":16,"turns":7},{"damage":27,"enemies":"Shell Parasite","floor":18,"turns":3},{"damage":25,"enemies":"Book of Stabbing","floor":24,"turns":3},{"damage":5,"enemies":"Chosen","floor":28,"turns":2},{"damage":21,"enemies":"Snake Plant","floor":30,"turns":3},{"damage":6,"enemies":"Slaver and Parasite","floor":31,"turns":3},{"damage":56,"enemies":"Automaton","floor":33,"turns":6}],"seed_played":"-5785136225990505477","potions_obtained":[{"floor":3,"key":"FearPotion"},{"floor":5,"key":"Dexterity Potion"},{"floor":8,"key":"Ancient Potion"},{"floor":12,"key":"FearPotion"},{"floor":31,"key":"AttackPotion"}],"is_trial":false,"path_per_floor":["M","M","M","?","M","R","E","M","T","R","$","M","E","M","R","B",null,"M","?","?","?","$","R","E","R","T","R","M","?","M","M","R"],"character_chosen":"IRONCLAD","items_purchased":["Warcry","Immolate"],"campfire_rested":2,"item_purchase_floors":[11,22],"current_hp_per_floor":[80,80,79,84,69,69,33,39,39,39,39,45,33,39,64,25,70,49,49,49,49,49,49,30,30,30,30,31,31,16,16,41,0],"gold":294,"neow_bonus":"REMOVE_TWO","is_prod":false,"is_daily":false,"chose_seed":false,"campfire_upgraded":5,"win_rate":0,"timestamp":1532486400,"path_taken":["M","M","M","?","M","R","E","?","T","R","$","M","E","M","R","BOSS","M","?","?","?","$","R","E","R","T","R","M","?","M","M","R","BOSS"],"build_version":"2018-07-19v2","purchased_purges":1,"victory":false,"max_hp_per_floor":[80,80,80,85,85,85,85,85,85,85,85,85,85,85,85,85,85,85,85,85,85,85,85,85,85,85,85,85,85,85,85,85,85],"card_choices":[{"not_picked":["Armaments","Searing Blow"],"picked":"Clash","floor":1},{"not_picked":["Dropkick","Headbutt"],"picked":"Whirlwind","floor":2},{"not_picked":["Thunderclap","Uppercut"],"picked":"Corruption","floor":3},{"not_picked":["Pummel","Thunderclap"],"picked":"Headbutt","floor":5},{"not_picked":["Thunderclap","Combust"],"picked":"Flex","floor":7},{"not_picked":["Thunderclap","Heavy Blade"],"picked":"Infernal Blade","floor":8},{"not_picked":["Wild Strike","Flex"],"picked":"Double Tap","floor":12},{"not_picked":["Limit Break","Entrench"],"picked":"Evolve","floor":13},{"not_picked":["Dual Wield","Clash"],"picked":"Shockwave","floor":14},{"not_picked":["Barricade","Fiend Fire"],"picked":"Offering","floor":16},{"not_picked":["Heavy Blade","Corruption"],"picked":"Shrug It Off","floor":18},{"not_picked":["Combust+1","Iron Wave","Seeing Red"],"picked":"SKIP","floor":24},{"not_picked":["Blood for Blood","Perfected Strike"],"picked":"Armaments","floor":28},{"not_picked":["Dropkick+1","Shrug It Off"],"picked":"Wild Strike+1","floor":30},{"not_picked":["Dual Wield","Anger"],"picked":"Havoc","floor":31}],"player_experience":311276,"relics_obtained":[{"floor":7,"key":"Ancient Tea Set"},{"floor":9,"key":"Red Skull"},{"floor":13,"key":"Juzu Bracelet"},{"floor":24,"key":"Bottled Lightning"},{"floor":26,"key":"Omamori"}],"event_choices":[{"event_name":"Big Fish","player_choice":"Donut","floor":4,"damage_taken":0},{"event_name":"The Library","player_choice":"Read","floor":19,"damage_taken":0},{"event_name":"Ghosts","player_choice":"Ignored","floor":20,"damage_taken":0},{"event_name":"The Joust","player_choice":"Bet on Owner","floor":21,"damage_taken":0},{"event_name":"The Mausoleum","player_choice":"Yes","floor":29,"damage_taken":0}],"is_beta":false,"boss_relics":[{"not_picked":["Calling Bell","Orrery"],"picked":"Mark of Pain"}],"items_purged_floors":[22],"is_endless":false,"potions_floor_spawned":[3,5,8,12,13,16,31],"killed_by":"Automaton","ascension_level":5}