{"gold_per_floor":[118,128,142,142,142,142,167,167,242,242,254,254,281,297,297,297],"floor_reached":16,"playtime":633,"items_purged":[],"score":209,"play_id":"c4b3a56b-0a87-46db-a2c6-ae641bb7ffff","local_time":"20190714164215","is_ascension_mode":true,"campfire_choices":[{"data":"Bash","floor":6,"key":"SMITH"},{"data":"Reaper","floor":8,"key":"SMITH"},{"data":"Sword Boomerang","floor":10,"key":"SMITH"},{"data":"Rampage","floor":15,"key":"SMITH"}],"neow_cost":"NONE","seed_source_timestamp":231258096347248,"circlet_count":0,"master_deck":["AscendersBane","Strike_R","Strike_R","Strike_R","Strike_R","Strike_R","Defend_R","Defend_R","Defend_R","Defend_R","Bash+1","Sword Boomerang+1","True Grit+1","Wild Strike","Reaper+1","Wild Strike","Rampage+1","Uppercut"],"special_seed":0,"relics":["Burning Blood","Art of War","Omamori","Kunai","Shuriken","The Courier"],"potions_floor_usage":[13,16],"damage_taken":[{"damage":9.0,"enemies":"Jaw Worm","floor":1.0,"turns":5.0},{"damage":1,"enemies":"Cultist","floor":2,"turns":3},{"damage":8,"enemies":"Small Slimes","floor":3,"turns":3},{"damage":32,"enemies":"Gremlin Nob","floor":7,"turns":4},{"damage":3,"enemies":"Blue Slaver","floor":11,"turns":5},{"damage":8,"enemies":"Lagavulin","floor":13,"turns":7},{"damage":12,"enemies":"Exordium Wildlife","floor":14,"turns":3},{"damage":62,"enemies":"Hexaghost","floor":16,"turns":9}],"seed_played":"-3905746786349662929","potions_obtained":[{"floor":2,"key":"FearPotion"},{"floor":7,"key":"Weak Potion"},{"floor":14,"key":"Regen Potion"}],"is_trial":false,"path_per_floor":["M","M","M","?","?","R","E","R","T","R","M","?","E","M","R","B"],"character_chosen":"IRONCLAD","items_purchased":[],"campfire_rested":0,"item_purchase_floors":[],"current_hp_per_floor":[65,70,68,68,68,68,42,42,42,42,45,45,43,44,44,0],"gold":297,"neow_bonus":"RANDOM_COMMON_RELIC","is_prod":false,"is_daily":false,"chose_seed":false,"campfire_upgraded":4,"win_rate":0,"timestamp":1563136935,"path_taken":["M","M","M","?","?","R","E","R","T","R","?","?","E","M","R","BOSS"],"build_version":"2019-07-05","purchased_purges":0,"victory":false,"max_hp_per_floor":[75,75,75,75,75,75,75,75,75,75,75,75,75,75,75,75],"card_choices":[{"not_picked":["Cleave","Warcry"],"picked":"Sword Boomerang","floor":1.0},{"not_picked":["Berserk","Power Through"],"picked":"True Grit","floor":2},{"not_picked":["Armaments","Havoc"],"picked":"Wild Strike","floor":3},{"not_picked":["Disarm","Ghostly Armor"],"picked":"Reaper","floor":7},{"not_picked":["Havoc","Perfected Strike"],"picked":"Wild Strike","floor":11},{"not_picked":["Limit Break","Metallicize"],"picked":"Rampage","floor":13},{"not_picked":["Heavy Blade","Havoc"],"picked":"Uppercut","floor":14}],"player_experience":1595981,"relics_obtained":[{"floor":7,"key":"Kunai"},{"floor":9,"key":"Shuriken"},{"floor":13,"key":"The Courier"}],"event_choices":[{"damage_healed":0,"gold_gain":0,"player_choice":"Grow","damage_taken":0,"max_hp_gain":0,"max_hp_loss":0,"event_name":"Living Wall","floor":4,"gold_loss":0,"cards_upgraded":["True Grit"]},{"damage_healed":0,"gold_gain":0,"player_choice":"Gave Potion","damage_taken":0,"relics_obtained":["Omamori"],"max_hp_gain":0,"max_hp_loss":0,"event_name":"WeMeetAgain","floor":5,"gold_loss":0},{"damage_healed":0,"gold_gain":0,"player_choice":"Ignored","damage_taken":0,"max_hp_gain":0,"max_hp_loss":0,"event_name":"Shining Light","floor":12,"gold_loss":0}],"is_beta":false,"boss_relics":[],"items_purged_floors":[],"is_endless":false,"potions_floor_spawned":[2,7,14],"killed_by":"Hexaghost","ascension_level":18}