{"gold_per_floor":[115,134,145,158,233,233,16,16,16,16,34,34,54,81,81,153,153,166,166,178,178,192,192,192],"floor_reached":24,"playtime":2091,"items_purged":[],"score":396,"play_id":"c9ed1818-170d-44d3-8d3f-c4b47c076e39","local_time":"20190504063937","is_ascension_mode":true,"campfire_choices":[{"data":"All Out Attack","floor":6.0,"key":"SMITH"},{"data":"Dagger Spray","floor":10.0,"key":"SMITH"},{"data":"Flechettes","floor":12.0,"key":"SMITH"},{"data":"Well Laid Plans","floor":15.0,"key":"SMITH"},{"data":"Burst","floor":23,"key":"SMITH"}],"neow_cost":"NONE","seed_source_timestamp":849186912142097,"circlet_count":0,"master_deck":["AscendersBane","Defend_G","Defend_G","Defend_G","Defend_G","Defend_G","Strike_G","Strike_G","Strike_G","Survivor","Neutralize","Well Laid Plans+1","Reflex","Slice","Dagger Spray+1","All Out Attack+1","Flechettes+1","PiercingWail","Acrobatics","Burst+1","Tactician+1","RitualDagger","Caltrops+1","Ghostly","Ghostly","Ghostly","Deadly Poison+1"],"special_seed":0,"relics":["Ring of the Snake","Lee\u0027s Waffle","Happy Flower","Darkstone Periapt","Cursed Key"],"potions_floor_usage":[24],"damage_taken":[{"damage":6.0,"enemies":"Jaw Worm","floor":1.0,"turns":7.0},{"damage":7.0,"enemies":"Small Slimes","floor":2.0,"turns":4.0},{"damage":6.0,"enemies":"Cultist","floor":3.0,"turns":4.0},{"damage":4.0,"enemies":"3 Louse","floor":4.0,"turns":3.0},{"damage":16.0,"enemies":"Exordium Wildlife","floor":11.0,"turns":5.0},{"damage":0.0,"enemies":"2 Fungi Beasts","floor":13.0,"turns":3.0},{"damage":7.0,"enemies":"3 Sentries","floor":14.0,"turns":5.0},{"damage":16.0,"enemies":"Slime Boss","floor":16.0,"turns":8.0},{"damage":23.0,"enemies":"Shell Parasite","floor":18.0,"turns":6.0},{"damage":21.0,"enemies":"Spheric Guardian","floor":20.0,"turns":4.0},{"damage":3,"enemies":"Snake Plant","floor":22,"turns":5},{"damage":19,"enemies":"Book of Stabbing","floor":24,"turns":3}],"seed_played":"-2855738273907778452","potions_obtained":[{"floor":3.0,"key":"GhostInAJar"},{"floor":4.0,"key":"LiquidBronze"},{"floor":14.0,"key":"PowerPotion"},{"floor":16.0,"key":"Explosive Potion"},{"floor":18.0,"key":"GamblersBrew"},{"floor":20.0,"key":"AttackPotion"}],"is_trial":false,"path_per_floor":["M","M","M","M","?","R","$","?","T","R","M","R","M","E","R","B",null,"M","?","M","?","M","R","E"],"character_chosen":"THE_SILENT","items_purchased":["Lee\u0027s Waffle"],"campfire_rested":0,"item_purchase_floors":[7],"current_hp_per_floor":[53,46,40,36,25,25,73,73,73,73,57,57,57,50,50,34,63,40,34,13,13,10,10,0],"gold":192,"neow_bonus":"TRANSFORM_CARD","is_prod":false,"is_daily":false,"chose_seed":false,"campfire_upgraded":5,"win_rate":0,"timestamp":1556966377,"path_taken":["M","M","M","M","?","R","$","?","T","R","M","R","?","E","R","BOSS","M","?","M","?","M","R","E"],"build_version":"2019-01-23","purchased_purges":0,"victory":false,"max_hp_per_floor":[66,66,66,66,66,66,73,73,73,73,73,73,73,73,73,73,73,73,73,73,36,36,36,36],"card_choices":[{"not_picked":["Deflect","Concentrate"],"picked":"Reflex","floor":1.0},{"not_picked":["Catalyst","Escape Plan"],"picked":"Slice","floor":2.0},{"not_picked":["Quick Slash","Cloak And Dagger"],"picked":"Dagger Spray","floor":3.0},{"not_picked":["Poisoned Stab","Leg Sweep"],"picked":"All Out Attack","floor":4.0},{"not_picked":["Slice","Underhanded Strike"],"picked":"Flechettes","floor":11.0},{"not_picked":["Terror","Outmaneuver"],"picked":"PiercingWail","floor":13.0},{"not_picked":["Endless Agony","Malaise"],"picked":"Acrobatics","floor":14.0},{"not_picked":["Storm of Steel","Glass Knife"],"picked":"Burst","floor":16.0},{"not_picked":["Dodge and Roll","Deadly Poison"],"picked":"Tactician+1","floor":18.0},{"not_picked":["Terror","Dagger Spray+1"],"picked":"Caltrops+1","floor":20.0},{"not_picked":["Poisoned Stab","Bane"],"picked":"Deadly Poison+1","floor":22}],"player_experience":1397867,"relics_obtained":[{"floor":9.0,"key":"Happy Flower"},{"floor":14.0,"key":"Darkstone Periapt"}],"event_choices":[{"damage_healed":0.0,"max_hp_gain":0.0,"max_hp_loss":0.0,"gold_gain":75.0,"event_name":"World of Goop","player_choice":"Gather Gold","floor":5.0,"gold_loss":0.0,"damage_taken":11.0},{"cards_removed":["Strike_G"],"damage_healed":0.0,"max_hp_gain":0.0,"max_hp_loss":0.0,"gold_gain":0.0,"event_name":"Purifier","player_choice":"Purged","floor":8.0,"gold_loss":0.0,"damage_taken":0.0},{"damage_healed":0.0,"max_hp_gain":0.0,"max_hp_loss":0.0,"gold_gain":0.0,"event_name":"Nest","player_choice":"Joined the Cult","floor":19.0,"gold_loss":0.0,"damage_taken":6.0,"cards_obtained":["RitualDagger"]},{"damage_healed":0.0,"max_hp_gain":0.0,"max_hp_loss":37.0,"gold_gain":0.0,"event_name":"Ghosts","player_choice":"Became a Ghost","floor":21.0,"gold_loss":0.0,"damage_taken":0.0,"cards_obtained":["Ghostly","Ghostly","Ghostly"]}],"is_beta":false,"boss_relics":[{"not_picked":["Pandora\u0027s Box","Orrery"],"picked":"Cursed Key"}],"items_purged_floors":[],"is_endless":false,"potions_floor_spawned":[3,4,14,16,18,20],"killed_by":"Book of Stabbing","ascension_level":20}