{"gold_per_floor":[111,186,186,199,214,214,234,262,262,262,262,280,296,307,307,384,384,384,113,113,113,113],"floor_reached":22,"playtime":1561,"items_purged":[],"score":376,"play_id":"c09d6288-642a-4e5b-9498-a84e046f67c9","local_time":"20190418030620","is_ascension_mode":true,"campfire_choices":[{"data":"Noxious Fumes","floor":6,"key":"SMITH"},{"floor":10,"key":"REST"},{"data":"Terror","floor":15,"key":"SMITH"}],"neow_cost":"NONE","seed_source_timestamp":464854948646859,"circlet_count":0,"master_deck":["AscendersBane","Defend_G","Defend_G","Defend_G","Defend_G","Defend_G","Strike_G","Strike_G","Strike_G","Strike_G","Survivor","Neutralize","Endless Agony","Predator","Noxious Fumes+1","Dagger Throw","Footwork","Bane","Backflip","Flying Knee","Terror+1","Cloak And Dagger","After Image+1","Poisoned Stab+1","Blur"],"relics":["Ring of the Snake","Frozen Egg 2","Letter Opener","CultistMask","Ectoplasm","Mercury Hourglass","Enchiridion"],"potions_floor_usage":[7,12,16,16,22],"damage_taken":[{"damage":0,"enemies":"2 Louse","floor":1,"turns":4},{"damage":2,"enemies":"Small Slimes","floor":4,"turns":3},{"damage":0,"enemies":"Cultist","floor":5,"turns":3},{"damage":9,"enemies":"Exordium Wildlife","floor":7,"turns":6},{"damage":23,"enemies":"Lagavulin","floor":8,"turns":7},{"damage":8,"enemies":"Exordium Thugs","floor":12,"turns":5},{"damage":7,"enemies":"2 Fungi Beasts","floor":13,"turns":4},{"damage":0,"enemies":"Looter","floor":14,"turns":3},{"damage":4,"enemies":"Hexaghost","floor":16,"turns":9},{"damage":4,"enemies":"Shell Parasite","floor":18,"turns":5},{"damage":16,"enemies":"Chosen","floor":20,"turns":4},{"damage":14,"enemies":"Snake Plant","floor":22,"turns":3}],"seed_played":"-2928606503367428780","potions_obtained":[{"floor":5,"key":"Block Potion"},{"floor":8,"key":"SkillPotion"},{"floor":13,"key":"Block Potion"},{"floor":14,"key":"Poison Potion"},{"floor":16,"key":"AttackPotion"}],"is_trial":false,"path_per_floor":["M","?","?","M","M","R","M","E","T","R","?","M","M","M","R","B",null,"M","$","M","?","M"],"character_chosen":"THE_SILENT","items_purchased":["Mercury Hourglass"],"campfire_rested":1,"item_purchase_floors":[19],"current_hp_per_floor":[59,48,48,46,46,46,37,14,14,33,33,25,18,18,18,14,53,49,49,33,12,0],"gold":113,"neow_bonus":"THREE_CARDS","is_prod":false,"is_daily":false,"chose_seed":false,"campfire_upgraded":2,"win_rate":0,"timestamp":1555571180,"path_taken":["M","?","?","M","?","R","M","E","T","R","?","M","M","M","R","BOSS","M","$","M","?","M"],"build_version":"2019-01-23","purchased_purges":0,"victory":false,"max_hp_per_floor":[66,66,66,66,66,66,66,66,66,66,66,66,66,66,66,66,66,66,66,66,66,66],"card_choices":[{"not_picked":["Slice","Caltrops"],"picked":"Endless Agony","floor":0},{"not_picked":["PiercingWail","Flying Knee"],"picked":"Predator","floor":1},{"not_picked":["Infinite Blades","Dodge and Roll"],"picked":"Dagger Throw","floor":4},{"not_picked":["Flying Knee","Dagger Throw"],"picked":"Footwork","floor":5},{"not_picked":["Outmaneuver","Prepared"],"picked":"Bane","floor":7},{"not_picked":["Reflex","Choke"],"picked":"Backflip","floor":8},{"not_picked":["Setup","Dagger Throw"],"picked":"Flying Knee","floor":12},{"not_picked":["Deadly Poison","Well Laid Plans+1"],"picked":"Terror","floor":13},{"not_picked":["Flechettes","Caltrops+1"],"picked":"Cloak And Dagger","floor":14},{"not_picked":["Envenom+1","Glass Knife"],"picked":"After Image+1","floor":16},{"not_picked":["Caltrops+1","Masterful Stab"],"picked":"Poisoned Stab+1","floor":18},{"not_picked":["Underhanded Strike+1","Flechettes"],"picked":"Blur","floor":20}],"player_experience":1285890,"relics_obtained":[{"floor":8,"key":"Frozen Egg 2"},{"floor":9,"key":"Letter Opener"},{"floor":21,"key":"Enchiridion"}],"event_choices":[{"damage_healed":0,"gold_gain":75,"player_choice":"Gather Gold","damage_taken":11,"max_hp_gain":0,"max_hp_loss":0,"event_name":"World of Goop","floor":2,"gold_loss":0},{"damage_healed":0,"gold_gain":0,"cards_transformed":["Strike_G"],"player_choice":"Transformed","damage_taken":0,"max_hp_gain":0,"max_hp_loss":0,"event_name":"Transmorgrifier","floor":3,"gold_loss":0,"cards_obtained":["Noxious Fumes"]},{"damage_healed":0,"gold_gain":0,"player_choice":"Trade","damage_taken":0,"relics_obtained":["CultistMask"],"max_hp_gain":0,"max_hp_loss":0,"event_name":"FaceTrader","floor":11,"gold_loss":0},{"damage_healed":0,"gold_gain":0,"player_choice":"Obtained Book","damage_taken":21,"max_hp_gain":0,"max_hp_loss":0,"event_name":"Cursed Tome","floor":21,"gold_loss":0}],"is_beta":false,"boss_relics":[{"not_picked":["Pandora\u0027s Box","Calling Bell"],"picked":"Ectoplasm"}],"items_purged_floors":[],"is_endless":false,"potions_floor_spawned":[5,8,13,14,16],"killed_by":"Snake Plant","ascension_level":20}