{"gold_per_floor":[109,56,131,60,60,86,86,115,191,191,191,221,235,251,251,351,351,369,131,145,164,164,189,220,239,263,28,28,47,47,67,67,168,168],"floor_reached":34,"playtime":2830,"items_purged":["Clothesline"],"score":408,"play_id":"ac3d219a-c0df-46ab-9027-7f1b3af654c7","local_time":"20190711105420","daily_mods":["Draft","Heirloom"],"is_ascension_mode":false,"campfire_choices":[{"data":"Spot Weakness","floor":7.0,"key":"SMITH"},{"data":"Pommel Strike","floor":10.0,"key":"SMITH"},{"data":"Rampage","floor":11.0,"key":"SMITH"},{"data":"Heavy Blade","floor":15.0,"key":"SMITH"},{"floor":28.0,"key":"REST"},{"floor":30.0,"key":"REST"},{"floor":32.0,"key":"REST"}],"neow_cost":"","seed_source_timestamp":0,"circlet_count":0,"master_deck":["Twin Strike","Rampage+1","Anger","Spot Weakness+1","Clothesline","Cleave","Clothesline","Armaments+1","Twin Strike","Iron Wave","Sentinel","Sword Boomerang","Rampage","Flame Barrier","Shrug It Off","Pommel Strike+1","Carnage","Blood for Blood","Spot Weakness","Heavy Blade+1","Double Tap","Heavy Blade","Uppercut","Shrug It Off","Inflame","Burning Pact","Fire Breathing","Blood for Blood+1","Fiend Fire","Feed"],"special_seed":0,"relics":["Snecko Eye","WingedGreaves","Happy Flower","Champion Belt","Ornamental Fan","Bottled Lightning","Lizard Tail","The Courier","Juzu Bracelet","Boot","Bag of Preparation","Red Skull"],"potions_floor_usage":[],"damage_taken":[{"damage":0.0,"enemies":"2 Louse","floor":1.0,"turns":2.0},{"damage":8.0,"enemies":"Lagavulin","floor":6.0,"turns":3.0},{"damage":11.0,"enemies":"Gremlin Nob","floor":8.0,"turns":3.0},{"damage":5.0,"enemies":"3 Sentries","floor":12.0,"turns":3.0},{"damage":0.0,"enemies":"Small Slimes","floor":13.0,"turns":2.0},{"damage":0.0,"enemies":"Jaw Worm","floor":14.0,"turns":2.0},{"damage":3.0,"enemies":"The Guardian","floor":16.0,"turns":8.0},{"damage":6.0,"enemies":"2 Thieves","floor":18.0,"turns":3.0},{"damage":4.0,"enemies":"Shell Parasite","floor":20.0,"turns":2.0},{"damage":10.0,"enemies":"Snake Plant","floor":21.0,"turns":2.0},{"damage":4.0,"enemies":"Slavers","floor":23.0,"turns":2.0},{"damage":35.0,"enemies":"Gremlin Leader","floor":24.0,"turns":4.0},{"damage":19.0,"enemies":"Centurion and Healer","floor":25.0,"turns":4.0},{"damage":15.0,"enemies":"Chosen and Byrds","floor":29.0,"turns":4.0},{"damage":5.0,"enemies":"Cultist and Chosen","floor":31.0,"turns":5.0},{"damage":53.0,"enemies":"Automaton","floor":33.0,"turns":7.0}],"seed_played":"-5199200321380828806","potions_obtained":[{"floor":6.0,"key":"Energy Potion"},{"floor":8.0,"key":"PowerPotion"},{"floor":13.0,"key":"BloodPotion"},{"floor":16.0,"key":"GamblersBrew"},{"floor":21.0,"key":"SteroidPotion"},{"floor":29.0,"key":"Poison Potion"},{"floor":33.0,"key":"Explosive Potion"}],"is_trial":true,"path_per_floor":["M","$","?","$","?","E","R","E","T","R","R","E","M","M","R","B",null,"M","$","M","M","?","E","E","M","T","$","R","M","R","M","R","B",null],"character_chosen":"IRONCLAD","items_purchased":["Pommel Strike","Carnage","Uppercut","Shrug It Off","Inflame","Bag of Preparation","Red Skull"],"campfire_rested":3,"item_purchase_floors":[2,4,19,19,19,27,27],"current_hp_per_floor":[80,80,69,69,69,61,61,50,50,50,50,45,45,45,45,42,80,74,74,70,60,60,56,21,22,22,22,46,31,55,50,74,21,21],"gold":168,"neow_bonus":"","is_prod":false,"is_daily":false,"chose_seed":false,"campfire_upgraded":4,"win_rate":0,"timestamp":1562835260,"path_taken":["M","$","?","$","?","E","R","E","T","R","R","E","M","?","R","BOSS","M","$","M","M","?","E","E","M","T","$","R","M","R","M","R","BOSS"],"build_version":"2019-07-05","purchased_purges":1,"victory":false,"max_hp_per_floor":[80,80,80,80,80,80,80,80,80,80,80,80,80,80,80,80,80,80,80,80,80,80,80,80,80,80,80,80,80,80,80,80,80,80],"card_choices":[{"not_picked":["Anger","Dropkick"],"picked":"Twin Strike","floor":0.0},{"not_picked":["Pommel Strike","Wild Strike"],"picked":"Rampage","floor":0.0},{"not_picked":["Cleave","Iron Wave"],"picked":"Clothesline","floor":0.0},{"not_picked":["Metallicize","Flex"],"picked":"Anger","floor":0.0},{"not_picked":["Disarm","Wild Strike"],"picked":"Spot Weakness","floor":0.0},{"not_picked":["Rupture","Clash"],"picked":"Clothesline","floor":0.0},{"not_picked":["Feel No Pain","Perfected Strike"],"picked":"Cleave","floor":0.0},{"not_picked":["True Grit","Havoc"],"picked":"Clothesline","floor":0.0},{"not_picked":["Corruption","Warcry"],"picked":"Armaments","floor":0.0},{"not_picked":["Cleave","Warcry"],"picked":"Twin Strike","floor":0.0},{"not_picked":["Reckless Charge","Cleave"],"picked":"Iron Wave","floor":0.0},{"not_picked":["Anger","Warcry"],"picked":"Sentinel","floor":0.0},{"not_picked":["Clothesline","Sentinel"],"picked":"Sword Boomerang","floor":0.0},{"not_picked":["Body Slam","Hemokinesis"],"picked":"Rampage","floor":0.0},{"not_picked":["Metallicize","Perfected Strike"],"picked":"Flame Barrier","floor":0.0},{"not_picked":["Body Slam","Pommel Strike"],"picked":"Shrug It Off","floor":1.0},{"not_picked":["Wild Strike","Bloodletting"],"picked":"Blood for Blood","floor":6.0},{"not_picked":["Body Slam","Cleave","Bloodletting"],"picked":"SKIP","floor":8.0},{"not_picked":["Rampage","Disarm"],"picked":"Spot Weakness","floor":12.0},{"not_picked":["Perfected Strike","Wild Strike","Bloodletting"],"picked":"SKIP","floor":13.0},{"not_picked":["Armaments","Barricade"],"picked":"Heavy Blade","floor":14.0},{"not_picked":["Impervious","Exhume"],"picked":"Double Tap","floor":16.0},{"not_picked":["Twin Strike+1","Burning Pact"],"picked":"Heavy Blade","floor":18.0},{"not_picked":["Heavy Blade","Rage","Metallicize"],"picked":"SKIP","floor":20.0},{"not_picked":["Pommel Strike","Rupture","Anger"],"picked":"SKIP","floor":21.0},{"not_picked":["Pommel Strike","Warcry"],"picked":"Fire Breathing","floor":23.0},{"not_picked":["Clothesline","Dual Wield+1","Perfected Strike+1"],"picked":"SKIP","floor":24.0},{"not_picked":["Twin Strike","Thunderclap"],"picked":"Blood for Blood+1","floor":25.0},{"not_picked":["Heavy Blade","Sentinel"],"picked":"Fiend Fire","floor":29.0},{"not_picked":["Shrug It Off","Reckless Charge","Perfected Strike"],"picked":"SKIP","floor":31.0},{"not_picked":["Juggernaut","Limit Break"],"picked":"Feed","floor":33.0}],"player_experience":29808,"relics_obtained":[{"floor":6.0,"key":"Happy Flower"},{"floor":8.0,"key":"Champion Belt"},{"floor":9.0,"key":"Ornamental Fan"},{"floor":12.0,"key":"Bottled Lightning"},{"floor":23.0,"key":"The Courier"},{"floor":24.0,"key":"Juzu Bracelet"},{"floor":26.0,"key":"Boot"}],"event_choices":[{"damage_healed":0.0,"max_hp_gain":0.0,"max_hp_loss":0.0,"gold_gain":75.0,"event_name":"World of Goop","player_choice":"Gather Gold","floor":3.0,"gold_loss":0.0,"damage_taken":11.0},{"damage_healed":0.0,"max_hp_gain":0.0,"max_hp_loss":0.0,"gold_gain":0.0,"event_name":"Living Wall","player_choice":"Grow","floor":5.0,"gold_loss":0.0,"damage_taken":0.0,"cards_upgraded":["Armaments"]},{"damage_healed":0.0,"max_hp_gain":0.0,"max_hp_loss":0.0,"gold_gain":0.0,"event_name":"The Library","player_choice":"Read","floor":22.0,"gold_loss":0.0,"damage_taken":0.0,"cards_obtained":["Burning Pact"]}],"is_beta":false,"boss_relics":[{"not_picked":["Calling Bell","Runic Pyramid"],"picked":"Lizard Tail"}],"items_purged_floors":[19],"is_endless":false,"potions_floor_spawned":[6,8,13,16,18,21,29,33],"ascension_level":0}