{"gold_per_floor":[116,191,191,201,257,287,287,312,394,359,359,392,408,422,422,499,499,514,527,20,38,38,53,53,78,108,108,137,151,151,177,177,177],"floor_reached":33,"playtime":2014,"items_purged":[],"score":746,"play_id":"56df12f0-4ea4-43d7-b8b3-17c9cc6df242","local_time":"20190504002616","is_ascension_mode":true,"campfire_choices":[{"data":"Neutralize","floor":7.0,"key":"SMITH"},{"data":"Dagger Spray","floor":11.0,"key":"SMITH"},{"floor":15.0,"key":"REST"},{"data":"Die Die Die","floor":24,"key":"SMITH"},{"data":"PiercingWail","floor":27,"key":"SMITH"},{"data":"Footwork","floor":30,"key":"SMITH"},{"data":"Bouncing Flask","floor":32,"key":"SMITH"}],"neow_cost":"NONE","seed_source_timestamp":826533355140218,"circlet_count":0,"master_deck":["AscendersBane","Defend_G","Defend_G","Defend_G","Defend_G","Defend_G+1","Strike_G+1","Strike_G","Survivor","Neutralize+1","Dagger Spray+1","Die Die Die+1","Noxious Fumes+1","Bouncing Flask+1","Predator","Venomology","PiercingWail+1","Terror+1","Dagger Spray+1","Calculated Gamble","Backflip","PiercingWail+1","Deadly Poison+1","Footwork+1"],"special_seed":0,"relics":["Ring of the Snake","NeowsBlessing","Ancient Tea Set","Matryoshka","Anchor","Mercury Hourglass","Darkstone Periapt","Astrolabe","Mummified Hand","Sling","Pantograph","Regal Pillow","Tiny Chest","Omamori","Incense Burner"],"potions_floor_usage":[18,19,19,21,21,23,23,23,33,33,33],"damage_taken":[{"damage":0.0,"enemies":"Small Slimes","floor":1.0,"turns":1.0},{"damage":0.0,"enemies":"2 Louse","floor":4.0,"turns":1.0},{"damage":0.0,"enemies":"3 Sentries","floor":6.0,"turns":1.0},{"damage":10.0,"enemies":"Lagavulin","floor":8.0,"turns":6.0},{"damage":6.0,"enemies":"Gremlin Nob","floor":12.0,"turns":3.0},{"damage":0.0,"enemies":"Jaw Worm","floor":13.0,"turns":2.0},{"damage":0.0,"enemies":"3 Louse","floor":14.0,"turns":1.0},{"damage":23.0,"enemies":"Slime Boss","floor":16.0,"turns":7.0},{"damage":34,"enemies":"3 Byrds","floor":18,"turns":3},{"damage":5,"enemies":"2 Thieves","floor":19,"turns":3},{"damage":0,"enemies":"Centurion and Healer","floor":21,"turns":4},{"damage":4,"enemies":"Snecko","floor":23,"turns":6},{"damage":9,"enemies":"Slavers","floor":25,"turns":4},{"damage":0,"enemies":"Book of Stabbing","floor":28,"turns":4},{"damage":6,"enemies":"Shelled Parasite and Fungi","floor":29,"turns":6},{"damage":4,"enemies":"Gremlin Leader","floor":31,"turns":5},{"damage":73,"enemies":"Champ","floor":33,"turns":11}],"seed_played":"-2819537701056493187","potions_obtained":[{"floor":4.0,"key":"SkillPotion"},{"floor":8.0,"key":"Fire Potion"},{"floor":16.0,"key":"Regen Potion"},{"floor":18,"key":"SkillPotion"},{"floor":19,"key":"Block Potion"},{"floor":21,"key":"GhostInAJar"},{"floor":29,"key":"Energy Potion"}],"is_trial":false,"path_per_floor":["M","?","?","M","?","E","R","E","T","?","R","E","M","M","R","B",null,"M","M","$","M","?","M","R","E","T","R","E","M","R","E","R","B"],"character_chosen":"THE_SILENT","items_purchased":["Mummified Hand","Sling"],"campfire_rested":1,"item_purchase_floors":[20,20],"current_hp_per_floor":[59,48,28,28,28,28,28,18,18,34,34,28,28,28,47,24,56,34,38,38,50,50,46,46,37,37,37,37,31,31,27,27,0],"gold":177,"neow_bonus":"THREE_ENEMY_KILL","is_prod":false,"is_daily":false,"chose_seed":false,"campfire_upgraded":6,"win_rate":0,"timestamp":1556943976,"path_taken":["M","?","?","M","?","E","R","E","T","?","R","E","M","M","R","BOSS","M","M","$","M","?","M","R","E","T","R","E","?","R","E","R","BOSS"],"build_version":"2019-01-23","purchased_purges":0,"victory":false,"max_hp_per_floor":[66,66,66,66,66,66,66,66,66,66,66,66,66,66,66,66,66,66,66,66,66,66,66,66,66,66,66,66,66,66,66,66,66],"card_choices":[{"not_picked":["Slice","Dagger Throw"],"picked":"Dagger Spray","floor":1.0},{"not_picked":["Deadly Poison","Cloak And Dagger"],"picked":"Die Die Die","floor":4.0},{"not_picked":["Expertise","Bouncing Flask"],"picked":"Noxious Fumes","floor":6.0},{"not_picked":["Calculated Gamble","Deadly Poison"],"picked":"Bouncing Flask","floor":8.0},{"not_picked":["Dagger Throw","Blade Dance"],"picked":"Predator","floor":12.0},{"not_picked":["Eviscerate","Bane","Underhanded Strike"],"picked":"SKIP","floor":13.0},{"not_picked":["Expertise","Tactician","Skewer"],"picked":"SKIP","floor":14.0},{"not_picked":["Envenom","Corpse Explosion"],"picked":"Venomology","floor":16.0},{"not_picked":["Quick Slash","Slice"],"picked":"Calculated Gamble","floor":18},{"not_picked":["Slice","Bane"],"picked":"Backflip","floor":19},{"not_picked":["Underhanded Strike","Catalyst"],"picked":"PiercingWail","floor":21},{"not_picked":["Tactician","Blur","Slice"],"picked":"SKIP","floor":23},{"not_picked":["PiercingWail","Flying Knee","Reflex"],"picked":"SKIP","floor":25},{"not_picked":["Calculated Gamble","Deflect+1"],"picked":"Deadly Poison+1","floor":28},{"not_picked":["Concentrate","Blur"],"picked":"Footwork","floor":29},{"not_picked":["PiercingWail","Concentrate+1","Dagger Spray"],"picked":"SKIP","floor":31}],"player_experience":1385041,"relics_obtained":[{"floor":6.0,"key":"Ancient Tea Set"},{"floor":8.0,"key":"Matryoshka"},{"floor":9.0,"key":"Anchor"},{"floor":9.0,"key":"Mercury Hourglass"},{"floor":12.0,"key":"Darkstone Periapt"},{"floor":25,"key":"Pantograph"},{"floor":26,"key":"Regal Pillow"},{"floor":26,"key":"Tiny Chest"},{"floor":28,"key":"Omamori"},{"floor":31,"key":"Incense Burner"}],"event_choices":[{"damage_healed":0.0,"max_hp_gain":0.0,"max_hp_loss":0.0,"gold_gain":75.0,"event_name":"World of Goop","player_choice":"Gather Gold","floor":2.0,"gold_loss":0.0,"damage_taken":11.0},{"damage_healed":0.0,"max_hp_gain":0.0,"max_hp_loss":0.0,"gold_gain":0.0,"event_name":"Shining Light","player_choice":"Entered Light","floor":3.0,"gold_loss":0.0,"damage_taken":20.0,"cards_upgraded":["Strike_G","Defend_G"]},{"damage_healed":0.0,"max_hp_gain":0.0,"max_hp_loss":0.0,"gold_gain":56.0,"event_name":"Golden Wing","player_choice":"Gained Gold","floor":5.0,"gold_loss":0.0,"damage_taken":0.0},{"damage_healed":16.0,"max_hp_gain":0.0,"max_hp_loss":0.0,"gold_gain":0.0,"event_name":"The Cleric","player_choice":"Healed","floor":10.0,"gold_loss":35.0,"damage_taken":0.0},{"damage_healed":0,"gold_gain":0,"player_choice":"Forge","damage_taken":0,"max_hp_gain":0,"max_hp_loss":0,"event_name":"Accursed Blacksmith","floor":22,"gold_loss":0,"cards_upgraded":["Noxious Fumes"]}],"is_beta":false,"boss_relics":[{"not_picked":["HoveringKite","Runic Dome"],"picked":"Astrolabe"}],"items_purged_floors":[],"is_endless":false,"potions_floor_spawned":[4,8,16,18,19,21,29,31],"killed_by":"Champ","ascension_level":20}