{"gold_per_floor":[111,131,146,146,159,187,187,187],"floor_reached":8,"playtime":407,"items_purged":[],"score":99,"play_id":"2c83af7e-a03c-4b14-b552-ab983336c5f0","local_time":"20181222141835","is_ascension_mode":true,"campfire_choices":[{"floor":7.0,"key":"REST"}],"neow_cost":"NONE","seed_source_timestamp":133286189851879,"circlet_count":0,"master_deck":["AscendersBane","Defend_G","Defend_G","Defend_G","Defend_G","Defend_G","Strike_G","Strike_G","Strike_G","Strike_G","Strike_G","Survivor","Neutralize+1","Underhanded Strike","Quick Slash","Crippling Poison","Dagger Throw","Reflex"],"special_seed":0,"relics":["Ring of the Snake","Sundial","Blood Vial"],"potions_floor_usage":[],"damage_taken":[{"damage":0.0,"enemies":"Small Slimes","floor":1.0,"turns":4.0},{"damage":2.0,"enemies":"2 Louse","floor":2.0,"turns":4.0},{"damage":2.0,"enemies":"Jaw Worm","floor":3.0,"turns":4.0},{"damage":11.0,"enemies":"Large Slime","floor":5.0,"turns":7.0},{"damage":22.0,"enemies":"Gremlin Nob","floor":6.0,"turns":5.0},{"damage":50,"enemies":"Lagavulin","floor":8,"turns":9}],"seed_played":"-1223387456029514129","potions_obtained":[{"floor":2.0,"key":"Fruit Juice"},{"floor":3.0,"key":"Weak Potion"}],"is_trial":false,"path_per_floor":["M","M","M","?","M","E","R","E"],"character_chosen":"THE_SILENT","items_purchased":[],"campfire_rested":1,"item_purchase_floors":[],"current_hp_per_floor":[59,62,60,48,37,15,36,0],"gold":187,"neow_bonus":"UPGRADE_CARD","is_prod":false,"is_daily":false,"chose_seed":false,"campfire_upgraded":0,"win_rate":0,"timestamp":1545506315,"path_taken":["M","M","M","?","M","E","R","E"],"build_version":"2018-12-20","purchased_purges":0,"victory":false,"max_hp_per_floor":[66,71,71,71,71,71,71,71],"card_choices":[{"not_picked":["Deflect","Outmaneuver"],"picked":"Underhanded Strike","floor":1.0},{"not_picked":["Grand Finale","Bane"],"picked":"Quick Slash","floor":2.0},{"not_picked":["Sucker Punch","Deflect"],"picked":"Crippling Poison","floor":3.0},{"not_picked":["Deadly Poison","Acrobatics"],"picked":"Dagger Throw","floor":5.0},{"not_picked":["Calculated Gamble","Malaise"],"picked":"Reflex","floor":6.0}],"player_experience":942805,"relics_obtained":[{"floor":6.0,"key":"Blood Vial"}],"event_choices":[{"damage_healed":0.0,"max_hp_gain":0.0,"max_hp_loss":0.0,"gold_gain":0.0,"event_name":"Scrap Ooze","player_choice":"Success","floor":4.0,"gold_loss":0.0,"damage_taken":12.0,"relics_obtained":["Sundial"]}],"is_beta":false,"boss_relics":[],"items_purged_floors":[],"is_endless":false,"potions_floor_spawned":[2,3],"killed_by":"Lagavulin","ascension_level":14}