{"gold_per_floor":[111,124,135,135,152,152,152,152],"floor_reached":8,"playtime":502,"items_purged":[],"score":55,"play_id":"f881f8e2-e46f-41fd-a5d1-74797afed747","local_time":"20190909130140","is_ascension_mode":true,"campfire_choices":[],"neow_cost":"NONE","seed_source_timestamp":440799244642000,"circlet_count":0,"master_deck":["Strike_R","Strike_R","Strike_R","Strike_R","Strike_R","Defend_R","Defend_R","Defend_R","Defend_R","Bash","Intimidate","True Grit","Warcry","Perfected Strike"],"relics":["Burning Blood","Golden Idol"],"potions_floor_usage":[8,8],"damage_taken":[{"damage":0,"enemies":"2 Louse","floor":1,"turns":3},{"damage":6,"enemies":"Cultist","floor":2,"turns":3},{"damage":6,"enemies":"Jaw Worm","floor":3,"turns":6},{"damage":6,"enemies":"Looter","floor":5,"turns":4},{"damage":73,"enemies":"Gremlin Nob","floor":8,"turns":6}],"seed_played":"431003430759604871","potions_obtained":[{"floor":1,"key":"PowerPotion"},{"floor":2,"key":"FearPotion"}],"is_trial":false,"path_per_floor":["M","M","M","?","M","?","?","E"],"character_chosen":"IRONCLAD","items_purchased":[],"campfire_rested":0,"item_purchase_floors":[],"current_hp_per_floor":[88,88,88,88,88,93,70,0],"gold":152,"neow_bonus":"TEN_PERCENT_HP_BONUS","is_prod":false,"is_daily":false,"chose_seed":false,"campfire_upgraded":0,"win_rate":0,"timestamp":1568052100,"path_taken":["M","M","M","?","?","?","?","E"],"build_version":"2019-07-17","purchased_purges":0,"victory":false,"max_hp_per_floor":[88,88,88,88,88,93,93,93],"card_choices":[{"not_picked":["Evolve","Rage"],"picked":"Intimidate","floor":1},{"not_picked":["Twin Strike","Flex"],"picked":"True Grit","floor":2},{"not_picked":["Twin Strike","Thunderclap"],"picked":"Warcry","floor":3},{"not_picked":["Clash","Flex"],"picked":"Perfected Strike","floor":5}],"player_experience":298365,"relics_obtained":[],"event_choices":[{"damage_healed":0,"gold_gain":0,"player_choice":"Bought 0 Potions","damage_taken":0,"max_hp_gain":0,"max_hp_loss":0,"event_name":"The Woman in Blue","floor":4,"gold_loss":0},{"damage_healed":0,"gold_gain":0,"player_choice":"Donut","damage_taken":0,"max_hp_gain":5,"max_hp_loss":0,"event_name":"Big Fish","floor":6,"gold_loss":0},{"damage_healed":0,"gold_gain":0,"player_choice":"Take Damage","damage_taken":23,"relics_obtained":["Golden Idol"],"max_hp_gain":0,"max_hp_loss":0,"event_name":"Golden Idol","floor":7,"gold_loss":0}],"is_beta":false,"boss_relics":[],"items_purged_floors":[],"is_endless":false,"potions_floor_spawned":[1,2],"killed_by":"Gremlin Nob","ascension_level":3}