{"gold_per_floor":[360,360,360,382,62,62,86,101,128,139,139,164,174,15,15,110,110,129,147,247,259,273,273,28,55,55,55],"floor_reached":27,"playtime":2135,"items_purged":["Normality"],"score":386,"play_id":"886a7dba-d315-4e08-91f9-7e32062f2f79","local_time":"20181112021058","is_ascension_mode":true,"campfire_choices":[{"data":"Flame Barrier","floor":6,"key":"SMITH"},{"floor":11,"key":"REST"},{"data":"Shrug It Off","floor":15,"key":"SMITH"},{"data":"Warcry","floor":23,"key":"SMITH"}],"neow_cost":"CURSE","seed_source_timestamp":303927717365122,"circlet_count":0,"master_deck":["AscendersBane","Strike_R","Strike_R","Strike_R","Strike_R","Strike_R+1","Defend_R+1","Defend_R","Defend_R","Defend_R","Bash","Flame Barrier+1","Headbutt","Shockwave","Warcry+1","Thunderclap+1","Shrug It Off+1","Feed+1","Dark Embrace","Pommel Strike+1","Feel No Pain"],"relics":["Burning Blood","MawBank","Molten Egg 2","Bag of Preparation","Juzu Bracelet","Art of War","Sozu","Sling","Omamori","Peace Pipe"],"potions_floor_usage":[16,16],"damage_taken":[{"damage":9,"enemies":"2 Louse","floor":1,"turns":4},{"damage":1,"enemies":"Small Slimes","floor":4,"turns":4},{"damage":6,"enemies":"Jaw Worm","floor":8,"turns":5},{"damage":20,"enemies":"Large Slime","floor":10,"turns":7},{"damage":23,"enemies":"3 Sentries","floor":12,"turns":10},{"damage":6,"enemies":"Exordium Thugs","floor":13,"turns":5},{"damage":22,"enemies":"The Guardian","floor":16,"turns":14},{"damage":0,"enemies":"3 Byrds","floor":18,"turns":6},{"damage":16,"enemies":"Spheric Guardian","floor":19,"turns":5},{"damage":0,"enemies":"Centurion and Healer","floor":21,"turns":9},{"damage":32,"enemies":"Snecko","floor":22,"turns":8},{"damage":10,"enemies":"Gremlin Leader","floor":25,"turns":6},{"damage":60,"enemies":"Book of Stabbing","floor":27,"turns":6}],"seed_played":"-4982954293948291319","potions_obtained":[{"floor":1,"key":"Dexterity Potion"},{"floor":8,"key":"SteroidPotion"}],"is_trial":false,"path_per_floor":["M","?","?","M","$","R","T","M","T","M","R","E","M","$","R","B",null,"M","M","?","M","M","R","$","E","T","E"],"character_chosen":"IRONCLAD","items_purchased":["Molten Egg 2","Feed+1","Feel No Pain","Sling"],"campfire_rested":1,"item_purchase_floors":[5,14,24,24],"current_hp_per_floor":[69,53,35,40,40,40,40,40,40,26,50,33,33,33,33,21,68,78,72,72,82,60,60,60,56,56,0],"gold":55,"neow_bonus":"TWO_FIFTY_GOLD","is_prod":false,"is_daily":false,"chose_seed":false,"campfire_upgraded":3,"win_rate":0,"timestamp":1542006658,"path_taken":["M","?","?","M","$","R","?","M","T","M","R","E","M","$","R","BOSS","M","M","?","M","M","R","?","E","T","E"],"build_version":"2018-11-08","purchased_purges":1,"victory":false,"max_hp_per_floor":[80,80,80,80,80,80,80,80,80,80,80,80,80,80,80,84,84,88,92,92,96,100,100,100,100,100,100],"card_choices":[{"not_picked":["Searing Blow","Clothesline"],"picked":"Flame Barrier","floor":1},{"not_picked":["Rage","Entrench"],"picked":"Headbutt","floor":4},{"not_picked":["True Grit","Combust"],"picked":"Shockwave","floor":8},{"not_picked":["Heavy Blade+1","Havoc"],"picked":"Warcry","floor":10},{"not_picked":["Metallicize","Rupture"],"picked":"Thunderclap+1","floor":12},{"not_picked":["Rupture","Inflame"],"picked":"Shrug It Off","floor":13},{"not_picked":["Juggernaut","Barricade"],"picked":"Dark Embrace","floor":16},{"not_picked":["Anger+1","Entrench","Armaments"],"picked":"SKIP","floor":18},{"not_picked":["Cleave+1","Wild Strike+1","Shrug It Off"],"picked":"SKIP","floor":19},{"not_picked":["Clash+1","Havoc","Cleave+1"],"picked":"SKIP","floor":21},{"not_picked":["Perfected Strike+1","Spot Weakness+1"],"picked":"Pommel Strike+1","floor":22},{"not_picked":["Flex","Clash+1","Rage"],"picked":"SKIP","floor":25}],"player_experience":667894,"relics_obtained":[{"floor":7,"key":"Bag of Preparation"},{"floor":9,"key":"Juzu Bracelet"},{"floor":12,"key":"Art of War"},{"floor":25,"key":"Omamori"},{"floor":26,"key":"Peace Pipe"}],"event_choices":[{"damage_healed":0,"gold_gain":0,"player_choice":"Entered Light","damage_taken":16,"max_hp_gain":0,"max_hp_loss":0,"event_name":"Shining Light","floor":2,"gold_loss":0,"cards_upgraded":["Strike_R","Defend_R"]},{"damage_healed":0,"gold_gain":0,"player_choice":"Success","damage_taken":18,"relics_obtained":["MawBank"],"max_hp_gain":0,"max_hp_loss":0,"event_name":"Scrap Ooze","floor":3,"gold_loss":0},{"damage_healed":0,"gold_gain":100,"player_choice":"Pray","damage_taken":0,"max_hp_gain":0,"max_hp_loss":0,"event_name":"Golden Shrine","floor":20,"gold_loss":0}],"is_beta":false,"boss_relics":[{"not_picked":["Fusion Hammer","Runic Dome"],"picked":"Sozu"}],"items_purged_floors":[5],"is_endless":false,"potions_floor_spawned":[1,8,12,13,21],"killed_by":"Book of Stabbing","ascension_level":11}