{"gold_per_floor":[113,113,131,15,29,58,70,99,99,99,113,113,113,124,124,221,221,241,19,19,39,39,39,72,82,108,120,133,168,168,185,185,287,287,301,314,314,328,17,17,28,28,51,68,68,68,68,80,80,80],"floor_reached":51,"playtime":4137,"items_purged":[],"score":777,"play_id":"117125e5-6efb-4415-b016-c228677487d2","local_time":"20190218213928","is_ascension_mode":true,"campfire_choices":[{"data":"Darkness","floor":10,"key":"SMITH"},{"data":"Self Repair","floor":13,"key":"SMITH"},{"data":"Defragment","floor":15,"key":"SMITH"},{"data":"Multi-Cast","floor":23,"key":"SMITH"},{"data":"Defragment","floor":32,"key":"SMITH"},{"data":"Buffer","floor":40,"key":"SMITH"},{"data":"Dualcast","floor":42,"key":"SMITH"},{"data":"Redo","floor":45,"key":"SMITH"},{"data":"Hologram","floor":49,"key":"SMITH"}],"neow_cost":"NONE","seed_source_timestamp":519335129536100,"circlet_count":0,"master_deck":["Strike_B","Strike_B","Strike_B","Defend_B","Defend_B","Defend_B","Defend_B","Zap","Dualcast+1","BootSequence","Sweeping Beam","FTL","Self Repair+1","Chill","Darkness+1","Auto Shields","Rebound","Streamline","Defragment+1","Multi-Cast+1","Leap+1","Capacitor","Finesse","Stack+1","Hologram+1","Undo","FTL","Consume","Defragment+1","Buffer+1","Darkness+1","Redo+1"],"relics":["FrozenCore","Happy Flower","Centennial Puzzle","Turnip","Cables","DataDisk","Shuriken","Bronze Scales","Ancient Tea Set","Bag of Marbles","Busted Crown","Bag of Preparation","Omamori","Anchor"],"potions_floor_usage":[6,8,24,29,33,38,50,50],"damage_taken":[{"damage":10,"enemies":"Small Slimes","floor":1,"turns":2},{"damage":1,"enemies":"Cultist","floor":3,"turns":4},{"damage":1,"enemies":"2 Louse","floor":5,"turns":2},{"damage":21,"enemies":"Gremlin Nob","floor":6,"turns":4},{"damage":5,"enemies":"Lots of Slimes","floor":7,"turns":3},{"damage":6,"enemies":"3 Sentries","floor":8,"turns":9},{"damage":3,"enemies":"Blue Slaver","floor":11,"turns":3},{"damage":2,"enemies":"Gremlin Gang","floor":14,"turns":3},{"damage":4,"enemies":"The Guardian","floor":16,"turns":5},{"damage":0,"enemies":"Chosen","floor":18,"turns":5},{"damage":0,"enemies":"Spheric Guardian","floor":21,"turns":2},{"damage":44,"enemies":"Slavers","floor":24,"turns":11},{"damage":0,"enemies":"Shelled Parasite and Fungi","floor":25,"turns":9},{"damage":0,"enemies":"Centurion and Healer","floor":27,"turns":5},{"damage":0,"enemies":"Chosen and Byrds","floor":28,"turns":3},{"damage":16,"enemies":"Gremlin Leader","floor":29,"turns":8},{"damage":3,"enemies":"Snake Plant","floor":31,"turns":6},{"damage":29,"enemies":"Collector","floor":33,"turns":7},{"damage":0,"enemies":"Orb Walker","floor":35,"turns":4},{"damage":41,"enemies":"3 Darklings","floor":36,"turns":5},{"damage":0,"enemies":"Spire Growth","floor":38,"turns":6},{"damage":0,"enemies":"Sphere and 2 Shapes","floor":41,"turns":8},{"damage":0,"enemies":"3 Darklings","floor":44,"turns":7},{"damage":0,"enemies":"Spire Growth","floor":48,"turns":8},{"damage":7,"enemies":"Awakened One","floor":50,"turns":15}],"seed_played":"1045112683774338966","potions_obtained":[{"floor":3,"key":"SkillPotion"},{"floor":5,"key":"Poison Potion"},{"floor":7,"key":"Regen Potion"},{"floor":14,"key":"Regen Potion"},{"floor":18,"key":"FocusPotion"},{"floor":25,"key":"AttackPotion"},{"floor":28,"key":"Ancient Potion"},{"floor":33,"key":"PowerPotion"},{"floor":35,"key":"LiquidBronze"},{"floor":37,"key":"Fruit Juice"},{"floor":37,"key":"Swift Potion"},{"floor":41,"key":"Energy Potion"}],"is_trial":false,"path_per_floor":["M","?","M","$","M","E","M","E","T","R","M","$","R","M","R","B",null,"M","$","?","M","$","R","E","M","T","M","M","E","?","M","R","B",null,"M","M","?","M","$","R","M","R","T","M","R","?","?","M","R","B",null],"character_chosen":"DEFECT","items_purchased":["FTL","Self Repair","Capacitor","DataDisk","Bag of Preparation","Omamori"],"campfire_rested":0,"item_purchase_floors":[4,4,19,19,39,39],"current_hp_per_floor":[65,65,64,64,63,49,44,60,60,60,64,64,64,72,72,68,75,75,75,75,75,75,75,41,51,51,61,61,55,55,62,62,58,75,75,44,44,59,59,59,69,69,69,69,69,80,80,80,80,80],"gold":80,"neow_bonus":"RANDOM_COMMON_RELIC","is_prod":false,"is_daily":false,"chose_seed":false,"campfire_upgraded":9,"win_rate":0,"timestamp":1550554768,"path_taken":["M","?","M","$","?","E","M","E","T","R","M","$","R","M","R","BOSS","M","$","?","M","$","R","E","?","T","M","M","E","?","M","R","BOSS","M","?","?","M","?","R","M","R","T","M","R","?","?","M","R","BOSS"],"build_version":"2019-01-23","purchased_purges":0,"victory":true,"max_hp_per_floor":[75,75,75,75,75,75,75,75,75,75,75,75,75,75,75,75,75,75,75,75,75,75,75,75,75,75,75,75,75,75,75,75,75,75,75,75,75,80,80,80,80,80,80,80,80,80,80,80,80,80],"card_choices":[{"not_picked":["Barrage","Darkness"],"picked":"BootSequence","floor":1},{"not_picked":["Heatsinks","Compile Driver"],"picked":"Sweeping Beam","floor":3},{"not_picked":["Leap","FTL"],"picked":"Chill","floor":5},{"not_picked":["Auto Shields","Tempest"],"picked":"Darkness","floor":6},{"not_picked":["Compile Driver","Sweeping Beam"],"picked":"Auto Shields","floor":7},{"not_picked":["Storm","Compile Driver"],"picked":"Rebound","floor":8},{"not_picked":["Conserve Battery","Rebound"],"picked":"Streamline","floor":11},{"not_picked":["Auto Shields","Genetic Algorithm"],"picked":"Defragment","floor":14},{"not_picked":["Seek","Buffer"],"picked":"Multi-Cast","floor":16},{"not_picked":["Go for the Eyes","Beam Cell"],"picked":"Leap+1","floor":18},{"not_picked":["Barrage+1","Reprogram+1"],"picked":"Stack+1","floor":21},{"not_picked":["Multi-Cast","Ball Lightning"],"picked":"Hologram","floor":24},{"not_picked":["Storm","Compile Driver+1"],"picked":"Undo","floor":25},{"not_picked":["Turbo","Ball Lightning"],"picked":"FTL","floor":27},{"not_picked":["Beam Cell","Steam"],"picked":"Consume","floor":28},{"not_picked":["Rainbow","Undo+1","Hello World"],"picked":"SKIP","floor":29},{"not_picked":["Beam Cell","Hologram"],"picked":"Defragment","floor":31},{"not_picked":["Biased Cognition","Electrodynamics"],"picked":"Buffer","floor":33},{"not_picked":[],"picked":"Darkness+1","floor":35},{"not_picked":["Compile Driver+1"],"picked":"SKIP","floor":36},{"not_picked":["Turbo+1"],"picked":"SKIP","floor":38},{"not_picked":["Streamline"],"picked":"SKIP","floor":41},{"not_picked":[],"picked":"Redo","floor":44},{"not_picked":["Doom and Gloom+1"],"picked":"SKIP","floor":48}],"player_experience":127030,"relics_obtained":[{"floor":6,"key":"Centennial Puzzle"},{"floor":8,"key":"Turnip"},{"floor":9,"key":"Cables"},{"floor":24,"key":"Shuriken"},{"floor":26,"key":"Bronze Scales"},{"floor":29,"key":"Ancient Tea Set"},{"floor":43,"key":"Anchor"}],"event_choices":[{"cards_removed":["Strike_B"],"damage_healed":0,"gold_gain":0,"player_choice":"Offered Basic","damage_taken":0,"max_hp_gain":0,"max_hp_loss":0,"event_name":"Bonfire Elementals","floor":2,"gold_loss":0},{"damage_healed":0,"gold_gain":0,"player_choice":"1 cards matched","damage_taken":0,"max_hp_gain":0,"max_hp_loss":0,"event_name":"Match and Keep!","floor":20,"gold_loss":0,"cards_obtained":["Finesse"]},{"damage_healed":0,"gold_gain":0,"player_choice":"Gave Potion","damage_taken":0,"relics_obtained":["Bag of Marbles"],"max_hp_gain":0,"max_hp_loss":0,"event_name":"WeMeetAgain","floor":30,"gold_loss":0},{"damage_healed":0,"gold_gain":0,"player_choice":"Got Potions","damage_taken":0,"max_hp_gain":0,"max_hp_loss":0,"event_name":"Lab","floor":37,"gold_loss":0},{"damage_healed":20,"gold_gain":0,"player_choice":"Writhe","damage_taken":0,"max_hp_gain":0,"max_hp_loss":0,"event_name":"Winding Halls","floor":46,"gold_loss":0,"cards_obtained":["Writhe"]},{"damage_healed":0,"gold_gain":0,"player_choice":"Bought 0 Potions","damage_taken":0,"max_hp_gain":0,"max_hp_loss":0,"event_name":"The Woman in Blue","floor":47,"gold_loss":0}],"is_beta":false,"boss_relics":[{"not_picked":["White Beast Statue","Calling Bell"],"picked":"FrozenCore"},{"not_picked":["Fusion Hammer","Lizard Tail"],"picked":"Busted Crown"}],"items_purged_floors":[],"is_endless":false,"potions_floor_spawned":[3,5,7,14,18,25,28,33,35,41,44],"ascension_level":3}