{"path_per_floor":["M","M","?","?","M","E","$","R","T","E","M","M","$","?","R","B",null,"M","M","?","?","$","R","E","M","T","R","E","M","?","M","R","B",null,"M","?","M","M","M"],"character_chosen":"THE_SILENT","items_purchased":["Backstab","Slice","Dagger Spray","Happy Flower"],"gold_per_floor":[113,128,128,128,146,180,37,37,90,131,155,178,3,3,3,123,123,136,154,154,154,9,9,49,69,92,92,135,153,153,174,174,305,343,357,357,377,400,425,425],"floor_reached":40,"campfire_rested":4,"playtime":4491,"current_hp_per_floor":[70,61,61,61,58,33,33,52,52,34,24,24,24,24,43,4,65,55,37,37,37,37,56,31,31,38,59,45,38,62,53,53,11,77,52,71,60,29,29,0],"items_purged":["Defend_G","Strike_G"],"gold":425,"score":508,"play_id":"10bb74d3-e460-48c6-a4ea-876acd49a910","local_time":"20180327014956","is_prod":false,"is_daily":false,"is_ascension_mode":true,"campfire_upgraded":1,"timestamp":1522129796,"path_taken":["M","?","?","?","M","E","$","R","T","E","M","?","$","?","R","BOSS","M","M","?","?","$","R","E","M","T","R","E","?","?","M","R","BOSS","M","?","M","M","M","E"],"build_version":"2018-03-22v2","purchased_purges":2,"victory":false,"master_deck":["Survivor","Neutralize+1","Acrobatics","Tools of the Trade","Calculated Gamble+1","Finisher+1","Backstab","Slice+1","Concentrate","Slice","Slice","Dagger Spray","Die Die Die","Slice","Prepared","Deflect","PiercingWail","Concentrate","Backflip","Dagger Throw+1","Quick Slash+1","Acrobatics","Leg Sweep","Deflect+1","After Image","Finisher","Dash","Leg Sweep+1","Prepared+1","Cloak And Dagger+1"],"max_hp_per_floor":[70,70,65,65,65,65,65,65,65,65,65,65,65,65,65,65,65,65,65,65,65,65,65,65,65,72,72,72,72,72,72,72,72,77,77,77,77,77,77,77],"relics":["Ring of the Snake","Golden Idol","Gambling Chip","Anchor","Matryoshka","Pandora\u0027s Box","Happy Flower","Bottled Lightning","Strawberry","Omamori","Du-Vu Doll","Tiny House"],"card_choices":[{"not_picked":["Sucker Punch","Expertise"],"picked":"Acrobatics","floor":1},{"not_picked":["PiercingWail","Crippling Poison"],"picked":"Tools of the Trade","floor":2},{"not_picked":["Dagger Spray","Crippling Poison"],"picked":"Calculated Gamble","floor":5},{"not_picked":["Backstab","Bane"],"picked":"Finisher","floor":6},{"not_picked":["Blur","Poisoned Stab"],"picked":"Slice","floor":10},{"not_picked":["Deadly Poison","Sucker Punch"],"picked":"Concentrate","floor":11},{"not_picked":["Flechettes","Outmaneuver"],"picked":"Slice","floor":12},{"not_picked":["Envenom","Venomology"],"picked":"Die Die Die","floor":16},{"not_picked":["Deadly Poison","Caltrops"],"picked":"Dagger Throw","floor":18},{"not_picked":["Deadly Poison","Crippling Poison"],"picked":"Quick Slash","floor":19},{"not_picked":["Cloak And Dagger","Dodge and Roll"],"picked":"Acrobatics","floor":24},{"not_picked":["Concentrate","Slice"],"picked":"Leg Sweep","floor":28},{"not_picked":["Cloak And Dagger","Storm of Steel"],"picked":"Deflect","floor":29},{"not_picked":["Bullet Time","Doppelganger"],"picked":"After Image","floor":33},{"not_picked":["Dagger Spray","Distraction"],"picked":"Finisher","floor":34},{"not_picked":["Sucker Punch","Flying Knee"],"picked":"Dash","floor":35},{"not_picked":["Prepared","Slice"],"picked":"Leg Sweep","floor":37},{"not_picked":["Accuracy","Noxious Fumes"],"picked":"Prepared","floor":38},{"not_picked":["Flying Knee","Well Laid Plans"],"picked":"Cloak And Dagger","floor":39}],"player_experience":110450,"potions_floor_usage":[6,16,16,33,33,33,37,40,40],"damage_taken":[{"damage":0,"enemies":"Cultist","floor":1,"turns":4},{"damage":9,"enemies":"2 Louse","floor":2,"turns":3},{"damage":3,"enemies":"Jaw Worm","floor":5,"turns":6},{"damage":25,"enemies":"3 Sentries","floor":6,"turns":10},{"damage":18,"enemies":"Lagavulin","floor":10,"turns":7},{"damage":10,"enemies":"Large Slime","floor":11,"turns":3},{"damage":0,"enemies":"Gremlin Gang","floor":12,"turns":4},{"damage":39,"enemies":"The Guardian","floor":16,"turns":16},{"damage":10,"enemies":"3 Byrds","floor":18,"turns":4},{"damage":18,"enemies":"Chosen","floor":19,"turns":4},{"damage":25,"enemies":"Slavers","floor":24,"turns":5},{"damage":0,"enemies":"Sentry and Sphere","floor":25,"turns":2},{"damage":14,"enemies":"Book of Stabbing","floor":28,"turns":5},{"damage":7,"enemies":"3 Cultists","floor":29,"turns":4},{"damage":9,"enemies":"Snake Plant","floor":31,"turns":3},{"damage":72,"enemies":"Champ","floor":33,"turns":20},{"damage":25,"enemies":"3 Darklings","floor":35,"turns":6},{"damage":11,"enemies":"3 Shapes","floor":37,"turns":6},{"damage":31,"enemies":"3 Darklings","floor":38,"turns":7},{"damage":0,"enemies":"Sphere and 2 Shapes","floor":39,"turns":3},{"damage":54,"enemies":"Nemesis","floor":40,"turns":11}],"event_choices":[{"event_name":"Golden Idol","player_choice":"Lose Max HP","floor":3,"damage_taken":0},{"event_name":"Wheel of Change","player_choice":"Card Removal","floor":4,"damage_taken":0},{"event_name":"Liars Game","player_choice":"disagreed","floor":14,"damage_taken":0},{"event_name":"Purifier","player_choice":"One Purge","floor":20,"damage_taken":0},{"event_name":"Upgrade Shrine","player_choice":"Upgraded","floor":21,"damage_taken":0},{"event_name":"The Library","player_choice":"Heal","floor":30,"damage_taken":0},{"event_name":"Winding Halls","player_choice":"Writhe","floor":36,"damage_taken":0}],"boss_relics":[{"not_picked":["Runic Pyramid","Black Star"],"picked":"Pandora\u0027s Box"},{"not_picked":["The Specimen","Question Card"],"picked":"Tiny House"}],"potions_floor_spawned":[2,5,12,19,29,31,35,39],"seed_played":"2292402976840397243","killed_by":"Nemesis","ascension_level":2,"is_trial":false}