{"gold_per_floor":[115,129,129,73,91,123,123,157,157,185,53,53,84,94,94,171,171,181,181,192,203,203],"floor_reached":22,"playtime":1512,"items_purged":["Strike_G"],"score":428,"play_id":"372aee3d-7e04-4d5a-8815-67333e7b4e68","local_time":"20181230011427","is_ascension_mode":true,"campfire_choices":[{"floor":7.0,"key":"REST"},{"floor":12.0,"key":"REST"},{"data":"Phantasmal Killer","floor":15,"key":"SMITH"}],"neow_cost":"NONE","seed_source_timestamp":0,"circlet_count":0,"master_deck":["AscendersBane","Defend_G","Defend_G","Defend_G","Defend_G","Defend_G","Strike_G","Strike_G","Strike_G","Survivor","Neutralize","Underhanded Strike","Backstab","Skewer","Dagger Throw","Phantasmal Killer+1","Well Laid Plans","Unload","Underhanded Strike+1"],"special_seed":0,"relics":["Ring of the Snake","Peace Pipe","Question Card","Mercury Hourglass","Boot","Oddly Smooth Stone","Cursed Key"],"potions_floor_usage":[13,16,22],"damage_taken":[{"damage":1.0,"enemies":"2 Louse","floor":1.0,"turns":3.0},{"damage":1.0,"enemies":"Cultist","floor":2.0,"turns":5.0},{"damage":0.0,"enemies":"Jaw Worm","floor":5.0,"turns":3.0},{"damage":12.0,"enemies":"3 Sentries","floor":6.0,"turns":8.0},{"damage":28.0,"enemies":"Gremlin Nob","floor":8.0,"turns":4.0},{"damage":22.0,"enemies":"Lagavulin","floor":10.0,"turns":5.0},{"damage":7,"enemies":"3 Sentries","floor":13,"turns":6},{"damage":0,"enemies":"Exordium Wildlife","floor":14,"turns":3},{"damage":8,"enemies":"Hexaghost","floor":16,"turns":9},{"damage":12,"enemies":"3 Byrds","floor":18,"turns":5},{"damage":6,"enemies":"Chosen","floor":20,"turns":5},{"damage":3,"enemies":"Centurion and Healer","floor":21,"turns":4},{"damage":39,"enemies":"Snecko","floor":22,"turns":5}],"seed_played":"8970642031007690950","potions_obtained":[{"floor":2.0,"key":"SteroidPotion"},{"floor":6.0,"key":"Poison Potion"},{"floor":14,"key":"Poison Potion"},{"floor":16,"key":"LiquidBronze"},{"floor":21,"key":"LiquidBronze"}],"is_trial":false,"path_per_floor":["M","M","?","$","M","E","R","E","T","E","$","R","E","M","R","B",null,"M","?","M","M","M"],"character_chosen":"THE_SILENT","items_purchased":["Fire Potion","SteroidPotion"],"campfire_rested":2,"item_purchase_floors":[4,11],"current_hp_per_floor":[58,57,48,48,48,36,55,27,27,5,5,24,17,17,17,9,52,40,40,34,31,0],"gold":203,"neow_bonus":"REMOVE_CARD","is_prod":false,"is_daily":false,"chose_seed":false,"campfire_upgraded":1,"win_rate":0,"timestamp":1546150467,"path_taken":["M","M","?","$","M","E","R","E","T","E","$","R","E","?","R","BOSS","M","?","M","M","M"],"build_version":"2018-12-20","purchased_purges":1,"victory":false,"max_hp_per_floor":[66,66,66,66,66,66,66,66,66,66,66,66,66,66,66,66,66,66,66,66,66,66],"card_choices":[{"not_picked":["Blur","PiercingWail"],"picked":"Underhanded Strike","floor":1.0},{"not_picked":["Poisoned Stab","Prepared"],"picked":"Backstab","floor":2.0},{"not_picked":["Well Laid Plans","Masterful Stab"],"picked":"Skewer","floor":5.0},{"not_picked":["Concentrate","Dagger Spray","Poisoned Stab"],"picked":"SKIP","floor":6.0},{"not_picked":["Reflex","Riddle With Holes"],"picked":"Dagger Throw","floor":8.0},{"not_picked":["Slice","Flying Knee","All Out Attack","Skewer"],"picked":"SKIP","floor":10.0},{"not_picked":["Deadly Poison","Calculated Gamble","Dodge and Roll"],"picked":"Phantasmal Killer","floor":13},{"not_picked":["Riddle With Holes","Deadly Poison","Quick Slash"],"picked":"Well Laid Plans","floor":14},{"not_picked":["Corpse Explosion","Night Terror","Glass Knife"],"picked":"Unload","floor":16},{"not_picked":["Acrobatics","Cloak And Dagger","Deadly Poison","Underhanded Strike"],"picked":"SKIP","floor":18},{"not_picked":["Well Laid Plans","Prepared","Bouncing Flask","Underhanded Strike"],"picked":"SKIP","floor":20},{"not_picked":["Deadly Poison","Cloak And Dagger","Sucker Punch+1"],"picked":"Underhanded Strike+1","floor":21}],"player_experience":1119116,"relics_obtained":[{"floor":6.0,"key":"Peace Pipe"},{"floor":8.0,"key":"Question Card"},{"floor":9.0,"key":"Mercury Hourglass"},{"floor":10.0,"key":"Boot"},{"floor":13,"key":"Oddly Smooth Stone"}],"event_choices":[{"damage_healed":0.0,"max_hp_gain":0.0,"max_hp_loss":0.0,"gold_gain":0.0,"event_name":"Wheel of Change","player_choice":"Damaged","floor":3.0,"gold_loss":0.0,"damage_taken":9.0},{"damage_healed":0,"gold_gain":0,"player_choice":"Ignored","damage_taken":0,"max_hp_gain":0,"max_hp_loss":0,"event_name":"The Mausoleum","floor":19,"gold_loss":0}],"is_beta":false,"boss_relics":[{"not_picked":["Coffee Dripper","Astrolabe"],"picked":"Cursed Key"}],"items_purged_floors":[11],"is_endless":false,"potions_floor_spawned":[2,6,14,16,21],"killed_by":"Snecko","ascension_level":20}