{"gold_per_floor":[217,232,242,242,74,74,106,121,121,121,149,164,164],"floor_reached":13,"playtime":759,"items_purged":[],"score":190,"play_id":"d90de4f9-eec8-4241-9ddb-e8415c40d7df","local_time":"20190815004854","is_ascension_mode":true,"campfire_choices":[{"data":"Beam Cell","floor":6,"key":"SMITH"},{"data":"Defragment","floor":10,"key":"SMITH"}],"neow_cost":"NONE","seed_source_timestamp":1588814612739598,"circlet_count":0,"master_deck":["AscendersBane","Strike_B","Strike_B","Strike_B","Defend_B","Defend_B","Defend_B","Defend_B","Zap","Dualcast","Sweeping Beam","Stack","Beam Cell+1","Loop","Melter","Defragment+1","Conserve Battery","Reprogram","Streamline+1"],"relics":["Cracked Core","Molten Egg 2","Pear","Letter Opener"],"potions_floor_usage":[7,7,8],"damage_taken":[{"damage":1,"enemies":"Cultist","floor":1,"turns":3},{"damage":0,"enemies":"2 Louse","floor":2,"turns":2},{"damage":2,"enemies":"Jaw Worm","floor":3,"turns":3},{"damage":8,"enemies":"Lagavulin","floor":7,"turns":5},{"damage":2,"enemies":"Exordium Thugs","floor":8,"turns":5},{"damage":38,"enemies":"Gremlin Nob","floor":11,"turns":4},{"damage":6,"enemies":"3 Louse","floor":12,"turns":2},{"damage":28,"enemies":"Lagavulin","floor":13,"turns":5}],"seed_played":"4920244852082327145","potions_obtained":[{"floor":2,"key":"SpeedPotion"},{"floor":7,"key":"EssenceOfSteel"}],"is_trial":false,"path_per_floor":["M","M","M","?","$","R","E","M","T","R","E","M","E"],"character_chosen":"DEFECT","items_purchased":["Loop","Melter","Block Potion"],"campfire_rested":0,"item_purchase_floors":[5,5,5],"current_hp_per_floor":[63,63,61,61,61,61,53,51,61,61,23,17,0],"gold":164,"neow_bonus":"HUNDRED_GOLD","is_prod":false,"is_daily":false,"chose_seed":false,"campfire_upgraded":2,"win_rate":0,"timestamp":1565844534,"path_taken":["M","M","M","?","$","R","E","?","T","R","E","M","E"],"build_version":"2019-07-17","purchased_purges":0,"victory":false,"max_hp_per_floor":[71,71,71,71,71,71,71,71,81,81,81,81,81],"card_choices":[{"not_picked":["Leap","Streamline"],"picked":"Sweeping Beam","floor":1},{"not_picked":["Rebound","Steam Power"],"picked":"Stack","floor":2},{"not_picked":["Cold Snap","Turbo"],"picked":"Beam Cell","floor":3},{"not_picked":["Undo","Redo"],"picked":"Defragment","floor":7},{"not_picked":["Melter+1","Hologram"],"picked":"Conserve Battery","floor":8},{"not_picked":["Aggregate","Gash+1"],"picked":"Reprogram","floor":11},{"not_picked":["Redo","Multi-Cast"],"picked":"Streamline+1","floor":12}],"player_experience":1804588,"relics_obtained":[{"floor":7,"key":"Molten Egg 2"},{"floor":9,"key":"Pear"},{"floor":11,"key":"Letter Opener"}],"event_choices":[{"cards_removed":["Strike_B"],"damage_healed":0,"gold_gain":0,"player_choice":"Purged","damage_taken":0,"max_hp_gain":0,"max_hp_loss":0,"event_name":"Purifier","floor":4,"gold_loss":0}],"is_beta":false,"boss_relics":[],"items_purged_floors":[],"is_endless":false,"potions_floor_spawned":[2,7],"killed_by":"Lagavulin","ascension_level":20}