{"gold_per_floor":[110,110,110,35,35,35,35,79,154,189,209,222,240,275,275,275],"floor_reached":16,"playtime":524,"items_purged":["Injury"],"score":336,"play_id":"4c92dc55-5e9f-4005-bcfb-cd87b5b1f3fd","local_time":"20181230105603","is_ascension_mode":true,"campfire_choices":[{"data":"Poisoned Stab","floor":6,"key":"SMITH"},{"data":"Distraction","floor":15,"key":"SMITH"}],"neow_cost":"NONE","seed_source_timestamp":812347862587557,"circlet_count":0,"master_deck":["AscendersBane","Defend_G","Defend_G","Defend_G","Defend_G","Defend_G","Strike_G","Strike_G","Strike_G","Strike_G","Strike_G","Survivor","Neutralize","Poisoned Stab+1","Bullet Time","Footwork","Leg Sweep","Choke","Footwork","Distraction+1"],"relics":["Ring of the Snake","NeowsBlessing","Golden Idol","Sundial","Dream Catcher","Darkstone Periapt","Kunai","Question Card"],"potions_floor_usage":[14,16],"damage_taken":[{"damage":0,"enemies":"Cultist","floor":1,"turns":1},{"damage":0,"enemies":"Gremlin Nob","floor":8,"turns":1},{"damage":0,"enemies":"Lagavulin","floor":10,"turns":1},{"damage":1,"enemies":"Jaw Worm","floor":11,"turns":4},{"damage":0,"enemies":"Small Slimes","floor":12,"turns":4},{"damage":0,"enemies":"2 Fungi Beasts","floor":13,"turns":2},{"damage":9,"enemies":"3 Sentries","floor":14,"turns":10},{"damage":54,"enemies":"Slime Boss","floor":16,"turns":10}],"seed_played":"-8793761968387667012","potions_obtained":[{"floor":8,"key":"SkillPotion"},{"floor":11,"key":"Regen Potion"},{"floor":12,"key":"SteroidPotion"}],"is_trial":false,"path_per_floor":["M","?","T","$","?","R","?","E","T","E","M","M","M","E","R","B"],"character_chosen":"THE_SILENT","items_purchased":[],"campfire_rested":0,"item_purchase_floors":[],"current_hp_per_floor":[59,59,59,59,59,59,59,59,59,59,58,58,58,49,49,0],"gold":275,"neow_bonus":"THREE_ENEMY_KILL","is_prod":false,"is_daily":false,"chose_seed":false,"campfire_upgraded":2,"win_rate":0,"timestamp":1546185363,"path_taken":["M","?","?","$","?","R","?","E","T","E","M","M","?","E","R","BOSS"],"build_version":"2018-12-20","purchased_purges":1,"victory":false,"max_hp_per_floor":[66,66,66,66,66,66,66,66,66,66,66,66,66,66,66,66],"card_choices":[{"not_picked":["Deadly Poison","PiercingWail"],"picked":"Poisoned Stab","floor":1},{"not_picked":["Sucker Punch","Deflect"],"picked":"Footwork","floor":8},{"not_picked":["Terror","Cloak And Dagger"],"picked":"Leg Sweep","floor":10},{"not_picked":["Leg Sweep","Slice"],"picked":"Choke","floor":11},{"not_picked":["Deadly Poison","Deflect","Slice"],"picked":"SKIP","floor":12},{"not_picked":["Poisoned Stab","Expertise"],"picked":"Footwork","floor":13},{"not_picked":["Doppelganger","Underhanded Strike"],"picked":"Distraction","floor":14}],"player_experience":1126312,"relics_obtained":[{"floor":3,"key":"Sundial"},{"floor":8,"key":"Dream Catcher"},{"floor":9,"key":"Darkstone Periapt"},{"floor":10,"key":"Kunai"},{"floor":14,"key":"Question Card"}],"event_choices":[{"damage_healed":0,"gold_gain":0,"player_choice":"Take Wound","damage_taken":0,"relics_obtained":["Golden Idol"],"max_hp_gain":0,"max_hp_loss":0,"event_name":"Golden Idol","floor":2,"gold_loss":0,"cards_obtained":["Injury"]},{"damage_healed":0,"gold_gain":0,"player_choice":"Leave","damage_taken":0,"max_hp_gain":0,"max_hp_loss":0,"event_name":"The Cleric","floor":5,"gold_loss":0},{"damage_healed":0,"gold_gain":0,"player_choice":"1 cards matched","damage_taken":0,"max_hp_gain":0,"max_hp_loss":0,"event_name":"Match and Keep!","floor":7,"gold_loss":0,"cards_obtained":["Bullet Time"]}],"is_beta":false,"boss_relics":[],"items_purged_floors":[4],"is_endless":false,"potions_floor_spawned":[8,11,12],"killed_by":"Slime Boss","ascension_level":20}