{"gold_per_floor":[110,127,127,127,140,140,140,180,180,204,228,266,290,306,306,432,432,448,461,485,485,485,485,506,506,506,527,548,568,568,581,581,704,704,717,735,735,83,96,96,111,132,155,155,488,500,500,500,500,500],"floor_reached":50,"playtime":7335,"items_purged":[],"score":614,"play_id":"1b97bf90-4702-4782-96a1-21a7666ae7e2","local_time":"20190908224557","is_ascension_mode":true,"campfire_choices":[{"floor":6,"key":"REST"},{"floor":15,"key":"REST"},{"floor":23,"key":"REST"},{"floor":25,"key":"REST"},{"floor":32,"key":"REST"},{"floor":40,"key":"RECALL"},{"floor":44,"key":"REST"},{"floor":47,"key":"REST"},{"floor":49,"key":"REST"}],"neow_cost":"NONE","seed_source_timestamp":382586050172100,"circlet_count":0,"master_deck":["Strike_R+1","Strike_R+1","Defend_R+1","Defend_R+1","Bash","Shrug It Off","Armaments","Armaments","Entrench","Seeing Red","Perfected Strike","Barricade","Feel No Pain","Anger","Entrench","Reaper","Clothesline","Offering+1","Battle Trance","Heavy Blade+1","Havoc","Carnage","Dual Wield","Rupture","Berserk","Shrug It Off","Exhume","Clothesline+1","Entrench","Shrug It Off","Iron Wave+1","Spot Weakness+1","Metallicize+1","Battle Trance+1"],"relics":["Burning Blood","Happy Flower","Unceasing Top","Runic Cube","Bottled Tornado","Lizard Tail","Pocketwatch","Toolbox","Orichalcum","Omamori"],"potions_floor_usage":[24,35],"damage_taken":[{"damage":1,"enemies":"Cultist","floor":1,"turns":4},{"damage":1,"enemies":"Small Slimes","floor":2,"turns":3},{"damage":17,"enemies":"Jaw Worm","floor":5,"turns":5},{"damage":36,"enemies":"3 Sentries","floor":8,"turns":19},{"damage":0,"enemies":"2 Fungi Beasts","floor":10,"turns":5},{"damage":0,"enemies":"Exordium Thugs","floor":11,"turns":5},{"damage":23,"enemies":"Lagavulin","floor":12,"turns":12},{"damage":3,"enemies":"3 Louse","floor":13,"turns":4},{"damage":18,"enemies":"Exordium Wildlife","floor":14,"turns":5},{"damage":22,"enemies":"The Guardian","floor":16,"turns":18},{"damage":20,"enemies":"Chosen","floor":18,"turns":6},{"damage":16,"enemies":"3 Byrds","floor":19,"turns":8},{"damage":31,"enemies":"Snake Plant","floor":20,"turns":12},{"damage":42,"enemies":"Cultist and Chosen","floor":24,"turns":11},{"damage":6,"enemies":"Sentry and Sphere","floor":27,"turns":13},{"damage":24,"enemies":"Chosen and Byrds","floor":28,"turns":13},{"damage":23,"enemies":"Cultist and Chosen","floor":29,"turns":8},{"damage":35,"enemies":"Centurion and Healer","floor":31,"turns":15},{"damage":6,"enemies":"Champ","floor":33,"turns":20},{"damage":54,"enemies":"3 Darklings","floor":35,"turns":16},{"damage":16,"enemies":"3 Shapes","floor":36,"turns":11},{"damage":5,"enemies":"Spire Growth","floor":39,"turns":16},{"damage":36,"enemies":"Sphere and 2 Shapes","floor":41,"turns":13},{"damage":33,"enemies":"Writhing Mass","floor":42,"turns":13},{"damage":88,"enemies":"Transient","floor":46,"turns":5},{"damage":81,"enemies":"Donu and Deca","floor":50,"turns":7}],"seed_played":"3948299692879120330","potions_obtained":[{"floor":10,"key":"Fire Potion"},{"floor":11,"key":"FearPotion"},{"floor":12,"key":"FairyPotion"},{"floor":24,"key":"Fire Potion"},{"floor":36,"key":"SteroidPotion"},{"floor":42,"key":"GamblersBrew"}],"is_trial":false,"path_per_floor":["M","M","?","?","M","R","?","E","T","M","M","E","M","M","R","B",null,"M","M","M","?","?","R","M","R","T","M","M","M","?","M","R","B",null,"M","M","?","$","M","R","M","M","T","R","?","M","R","?","R","B"],"character_chosen":"IRONCLAD","items_purchased":["Pocketwatch","Toolbox","Orichalcum"],"campfire_rested":8,"item_purchase_floors":[38,38,38],"current_hp_per_floor":[80,80,60,60,49,73,73,43,43,49,55,38,41,29,53,37,80,66,62,37,37,37,61,33,57,57,57,43,34,34,13,37,37,80,44,44,44,44,59,59,29,14,14,38,38,32,56,56,76,0],"gold":500,"neow_bonus":"TRANSFORM_CARD","is_prod":false,"is_daily":false,"chose_seed":false,"campfire_upgraded":0,"win_rate":0,"timestamp":1568000757,"path_taken":["M","?","?","?","M","R","?","E","T","?","M","E","M","M","R","BOSS","M","M","M","?","?","R","M","R","T","?","?","M","?","M","R","BOSS","M","M","?","?","M","R","M","M","T","R","?","M","R","?","R","BOSS"],"build_version":"2019-07-17","purchased_purges":0,"victory":false,"max_hp_per_floor":[80,80,80,80,80,80,80,80,80,80,80,80,80,80,80,80,80,80,80,80,80,80,80,80,80,80,80,80,80,80,80,80,80,80,80,80,80,80,80,80,80,80,80,80,80,80,80,76,76,76],"card_choices":[{"not_picked":["Wild Strike","Flex"],"picked":"Armaments","floor":1},{"not_picked":["Juggernaut","Sword Boomerang"],"picked":"Armaments","floor":2},{"not_picked":["Armaments","Rage"],"picked":"Entrench","floor":5},{"not_picked":["Fire Breathing","Clothesline"],"picked":"Seeing Red","floor":8},{"not_picked":["Reckless Charge","Anger"],"picked":"Perfected Strike","floor":10},{"not_picked":["Intimidate","Anger"],"picked":"Barricade","floor":11},{"not_picked":["Offering","Perfected Strike"],"picked":"Feel No Pain","floor":12},{"not_picked":["Flex","Cleave"],"picked":"Anger","floor":13},{"not_picked":["Carnage","Iron Wave"],"picked":"Entrench","floor":14},{"not_picked":["Juggernaut","Feed"],"picked":"Reaper","floor":16},{"not_picked":["Anger","Clash"],"picked":"Clothesline","floor":18},{"not_picked":["Dual Wield","Flex"],"picked":"Offering","floor":19},{"not_picked":["Headbutt+1","Reckless Charge"],"picked":"Battle Trance","floor":20},{"not_picked":["Dropkick+1","Clash"],"picked":"Heavy Blade+1","floor":24},{"not_picked":["Twin Strike","Fire Breathing"],"picked":"Havoc","floor":27},{"not_picked":["Reckless Charge+1","Pommel Strike"],"picked":"Carnage","floor":28},{"not_picked":["Twin Strike","Flex"],"picked":"Dual Wield","floor":29},{"not_picked":["Heavy Blade","Sword Boomerang+1"],"picked":"Shrug It Off","floor":31},{"not_picked":["Impervious","Fiend Fire"],"picked":"Exhume","floor":33},{"not_picked":["Thunderclap+1","Heavy Blade"],"picked":"Clothesline+1","floor":35},{"not_picked":["Whirlwind","Clothesline"],"picked":"Entrench","floor":36},{"not_picked":["Fiend Fire","Wild Strike"],"picked":"Iron Wave+1","floor":39},{"not_picked":["True Grit","Flex+1"],"picked":"Spot Weakness+1","floor":41},{"not_picked":["Anger","Evolve"],"picked":"Metallicize+1","floor":42},{"not_picked":["Warcry","Rampage+1"],"picked":"Battle Trance+1","floor":46}],"player_experience":287665,"relics_obtained":[{"floor":8,"key":"Happy Flower"},{"floor":12,"key":"Unceasing Top"},{"floor":26,"key":"Bottled Tornado"},{"floor":43,"key":"Omamori"}],"event_choices":[{"damage_healed":0,"gold_gain":0,"player_choice":"Take Damage","damage_taken":20,"relics_obtained":["Golden Idol"],"max_hp_gain":0,"max_hp_loss":0,"event_name":"Golden Idol","floor":3,"gold_loss":0},{"damage_healed":0,"gold_gain":0,"player_choice":"Ignored","damage_taken":0,"max_hp_gain":0,"max_hp_loss":0,"event_name":"Liars Game","floor":4,"gold_loss":0},{"cards_removed":["Defend_R"],"damage_healed":0,"gold_gain":0,"player_choice":"Offered Basic","damage_taken":0,"max_hp_gain":0,"max_hp_loss":0,"event_name":"Bonfire Elementals","floor":7,"gold_loss":0},{"damage_healed":0,"gold_gain":0,"player_choice":"Simplicity","damage_taken":0,"max_hp_gain":0,"max_hp_loss":0,"event_name":"Back to Basics","floor":21,"gold_loss":0,"cards_upgraded":["Strike_R","Strike_R","Strike_R","Strike_R","Defend_R","Defend_R","Defend_R"]},{"damage_healed":0,"gold_gain":0,"player_choice":"Forge","damage_taken":0,"max_hp_gain":0,"max_hp_loss":0,"event_name":"Accursed Blacksmith","floor":22,"gold_loss":0,"cards_upgraded":["Offering"]},{"damage_healed":0,"gold_gain":0,"cards_transformed":["Strike_R","Strike_R"],"player_choice":"Became Test Subject","damage_taken":0,"max_hp_gain":0,"max_hp_loss":0,"event_name":"Drug Dealer","floor":30,"gold_loss":0,"cards_obtained":["Rupture","Berserk"]},{"damage_healed":0,"gold_gain":0,"cards_transformed":["Defend_R"],"player_choice":"Transformed","damage_taken":0,"max_hp_gain":0,"max_hp_loss":0,"event_name":"Transmorgrifier","floor":37,"gold_loss":0,"cards_obtained":["Shrug It Off"]},{"damage_healed":0,"gold_gain":333,"player_choice":"Gave Idol","damage_taken":0,"max_hp_gain":0,"max_hp_loss":0,"event_name":"The Moai Head","floor":45,"relics_lost":["Golden Idol"],"gold_loss":0},{"damage_healed":0,"gold_gain":0,"player_choice":"Max HP","damage_taken":0,"max_hp_gain":0,"max_hp_loss":4,"event_name":"Winding Halls","floor":48,"gold_loss":0}],"is_beta":false,"boss_relics":[{"not_picked":["White Beast Statue","Eternal Feather"],"picked":"Runic Cube"},{"not_picked":["Astrolabe","Tiny House"],"picked":"Lizard Tail"}],"items_purged_floors":[],"is_endless":false,"potions_floor_spawned":[10,11,12,14,16,24,27,28,33,36,41,42],"killed_by":"Donu and Deca","ascension_level":3}