{"gold_per_floor":[116,116,132,151,167,167,167,167,216,241,252,277,339,353,353,353],"floor_reached":16,"playtime":771,"items_purged":[],"score":274,"play_id":"e1651be4-0818-4661-b2fa-64bd95365fee","local_time":"20181229204807","is_ascension_mode":true,"campfire_choices":[{"data":"Underhanded Strike","floor":6.0,"key":"SMITH"},{"data":"Neutralize","floor":8.0,"key":"SMITH"},{"floor":15,"key":"REST"}],"neow_cost":"NONE","seed_source_timestamp":761202623146263,"circlet_count":0,"master_deck":["AscendersBane","Defend_G","Defend_G","Defend_G","Defend_G","Defend_G","Strike_G","Strike_G","Survivor","Neutralize+1","Calculated Gamble","Underhanded Strike+1","Deadly Poison","Quick Slash","Riddle With Holes","Dagger Spray","Blur","Grand Finale"],"special_seed":0,"relics":["Ring of the Snake","PreservedInsect","Blood Vial","Bronze Scales","Prayer Wheel"],"potions_floor_usage":[12,13],"damage_taken":[{"damage":2.0,"enemies":"2 Louse","floor":1.0,"turns":3.0},{"damage":2.0,"enemies":"Cultist","floor":3.0,"turns":5.0},{"damage":4.0,"enemies":"Small Slimes","floor":4.0,"turns":3.0},{"damage":7.0,"enemies":"Blue Slaver","floor":5.0,"turns":4.0},{"damage":0.0,"enemies":"Gremlin Nob","floor":10.0,"turns":3.0},{"damage":10.0,"enemies":"3 Louse","floor":11.0,"turns":3.0},{"damage":5,"enemies":"3 Sentries","floor":12,"turns":5},{"damage":7,"enemies":"Lagavulin Event","floor":13,"turns":5},{"damage":0,"enemies":"Lots of Slimes","floor":14,"turns":2},{"damage":47,"enemies":"Slime Boss","floor":16,"turns":9}],"seed_played":"1862041740994527399","potions_obtained":[{"floor":4.0,"key":"Strength Potion"},{"floor":5.0,"key":"GhostInAJar"},{"floor":13,"key":"LiquidBronze"}],"is_trial":false,"path_per_floor":["M","?","M","M","M","R","?","R","T","E","M","E","?","M","R","B"],"character_chosen":"THE_SILENT","items_purchased":[],"campfire_rested":1,"item_purchase_floors":[],"current_hp_per_floor":[57,57,55,51,44,44,37,37,37,37,29,26,21,23,42,0],"gold":353,"neow_bonus":"TRANSFORM_CARD","is_prod":false,"is_daily":false,"chose_seed":false,"campfire_upgraded":2,"win_rate":0,"timestamp":1546134487,"path_taken":["M","?","M","?","M","R","?","R","T","E","M","E","?","M","R","BOSS"],"build_version":"2018-12-20","purchased_purges":0,"victory":false,"max_hp_per_floor":[66,66,66,66,66,66,66,66,66,66,66,66,66,66,66,66],"card_choices":[{"not_picked":["Deflect","Acrobatics"],"picked":"Underhanded Strike","floor":1.0},{"not_picked":["Sucker Punch","Poisoned Stab"],"picked":"Deadly Poison","floor":3.0},{"not_picked":["Acrobatics","Heel Hook"],"picked":"Quick Slash","floor":4.0},{"not_picked":["Outmaneuver","Escape Plan"],"picked":"Riddle With Holes","floor":5.0},{"not_picked":["Blur","Underhanded Strike"],"picked":"Dagger Spray","floor":10.0},{"not_picked":["Outmaneuver","Bane","Blade Dance"],"picked":"SKIP","floor":11.0},{"not_picked":["Distraction","Sucker Punch"],"picked":"Blur","floor":12},{"not_picked":["Dash","Dagger Spray"],"picked":"Grand Finale","floor":14},{"not_picked":["Crippling Poison","All Out Attack","Deflect"],"picked":"SKIP","floor":14}],"player_experience":1108644,"relics_obtained":[{"floor":9.0,"key":"PreservedInsect"},{"floor":10.0,"key":"Blood Vial"},{"floor":12,"key":"Bronze Scales"},{"floor":13,"key":"Prayer Wheel"}],"event_choices":[{"cards_removed":["Strike_G"],"damage_healed":0.0,"max_hp_gain":0.0,"max_hp_loss":0.0,"gold_gain":0.0,"event_name":"Bonfire Elementals","player_choice":"Offered Basic","floor":2.0,"gold_loss":0.0,"damage_taken":0.0},{"cards_removed":["Strike_G"],"damage_healed":0.0,"max_hp_gain":0.0,"max_hp_loss":0.0,"gold_gain":0.0,"event_name":"Golden Wing","player_choice":"Card Removal","floor":7.0,"gold_loss":0.0,"damage_taken":7.0},{"damage_healed":0,"gold_gain":0,"player_choice":"Searched \u00271\u0027 times","damage_taken":0,"max_hp_gain":0,"max_hp_loss":0,"event_name":"Dead Adventurer","floor":13,"gold_loss":0}],"is_beta":false,"boss_relics":[],"items_purged_floors":[],"is_endless":false,"potions_floor_spawned":[4,5,11,13],"killed_by":"Slime Boss","ascension_level":20}