{"gold_per_floor":[119,137,137,137,137,165,165,196,196,196],"floor_reached":10,"playtime":516,"items_purged":[],"score":119,"play_id":"d0aa33d4-4565-4c4d-9d2a-9c062553022e","local_time":"20190911150420","is_ascension_mode":true,"campfire_choices":[{"floor":7,"key":"RECALL"}],"neow_cost":"NONE","seed_source_timestamp":88334489403400,"circlet_count":0,"master_deck":["Strike_G","Strike_G","Strike_G","Strike_G","Strike_G","Defend_G","Defend_G","Defend_G","Defend_G","Defend_G","Survivor","Neutralize","Heel Hook","Reflex","Calculated Gamble","Corpse Explosion"],"relics":["Ring of the Snake","NeowsBlessing","Bottled Flame","Kunai","Meat on the Bone"],"potions_floor_usage":[8,8],"damage_taken":[{"damage":0,"enemies":"Jaw Worm","floor":1,"turns":1},{"damage":0,"enemies":"2 Louse","floor":2,"turns":1},{"damage":0,"enemies":"Gremlin Nob","floor":6,"turns":1},{"damage":58,"enemies":"3 Sentries","floor":8,"turns":17},{"damage":28,"enemies":"Gremlin Nob","floor":10,"turns":4}],"seed_played":"6748697497363328483","potions_obtained":[{"floor":1,"key":"Dexterity Potion"},{"floor":2,"key":"EssenceOfSteel"}],"is_trial":false,"path_per_floor":["M","M","?","$","?","E","R","E","T","E"],"character_chosen":"THE_SILENT","items_purchased":[],"campfire_rested":0,"item_purchase_floors":[],"current_hp_per_floor":[70,70,75,75,75,75,75,17,17,0],"gold":196,"neow_bonus":"THREE_ENEMY_KILL","is_prod":false,"is_daily":false,"chose_seed":false,"campfire_upgraded":0,"win_rate":0,"timestamp":1568232260,"path_taken":["M","M","?","$","?","E","R","E","T","E"],"build_version":"2019-07-17","purchased_purges":0,"victory":false,"max_hp_per_floor":[70,70,75,75,75,75,75,75,75,75],"card_choices":[{"not_picked":["Setup","Sucker Punch"],"picked":"Heel Hook","floor":1},{"not_picked":["Dagger Spray","Bane"],"picked":"Reflex","floor":2},{"not_picked":["Choke","Endless Agony"],"picked":"Calculated Gamble","floor":6},{"not_picked":["Dagger Spray","Phantasmal Killer"],"picked":"Corpse Explosion","floor":8}],"player_experience":339579,"relics_obtained":[{"floor":6,"key":"Bottled Flame"},{"floor":8,"key":"Kunai"},{"floor":9,"key":"Meat on the Bone"}],"event_choices":[{"damage_healed":0,"gold_gain":0,"player_choice":"Donut","damage_taken":0,"max_hp_gain":5,"max_hp_loss":0,"event_name":"Big Fish","floor":3,"gold_loss":0},{"damage_healed":0,"gold_gain":0,"player_choice":"Ignored","damage_taken":0,"max_hp_gain":0,"max_hp_loss":0,"event_name":"Golden Wing","floor":5,"gold_loss":0}],"is_beta":false,"boss_relics":[],"items_purged_floors":[],"is_endless":false,"potions_floor_spawned":[1,2],"killed_by":"Gremlin Nob","ascension_level":4}