{"gold_per_floor":[119,119,133,133,133,148,73,73,73,73,6,6,23,42,42,42],"floor_reached":16,"playtime":553,"items_purged":["Strike_G"],"score":153,"play_id":"f6d2d92a-a28a-41ce-a227-79a210d853f3","local_time":"20181218102749","is_ascension_mode":true,"campfire_choices":[{"data":"Neutralize","floor":10,"key":"SMITH"},{"data":"Blur","floor":12,"key":"SMITH"},{"floor":15,"key":"RECALL"}],"neow_cost":"NONE","seed_source_timestamp":399603700600222,"circlet_count":0,"master_deck":["AscendersBane","Defend_G","Defend_G","Defend_G","Defend_G","Defend_G","Strike_G","Strike_G","Strike_G","Survivor","Neutralize+1","Sucker Punch+1","Deflect","Blur+1","Sucker Punch","Cloak And Dagger"],"relics":["Ring of the Snake","Strawberry","Paper Crane","Blood Vial","Question Card"],"potions_floor_usage":[16,16],"damage_taken":[{"damage":20,"enemies":"Jaw Worm","floor":1,"turns":4},{"damage":0,"enemies":"Small Slimes","floor":3,"turns":3},{"damage":0,"enemies":"Cultist","floor":6,"turns":3},{"damage":0,"enemies":"2 Fungi Beasts","floor":13,"turns":6},{"damage":0,"enemies":"Blue Slaver","floor":14,"turns":5},{"damage":35,"enemies":"Slime Boss","floor":16,"turns":15}],"seed_played":"-4650725498962940437","potions_obtained":[{"floor":3,"key":"Explosive Potion"},{"floor":14,"key":"SkillPotion"}],"is_trial":false,"path_per_floor":["M","?","M","?","?","M","$","T","T","R","$","R","M","M","R","B"],"character_chosen":"THE_SILENT","items_purchased":["Blur"],"campfire_rested":0,"item_purchase_floors":[11],"current_hp_per_floor":[46,39,39,27,27,27,27,27,27,27,27,27,29,31,31,0],"gold":42,"neow_bonus":"RANDOM_COMMON_RELIC","is_prod":false,"is_daily":false,"chose_seed":false,"campfire_upgraded":2,"win_rate":0,"timestamp":1545146869,"path_taken":["M","?","M","?","?","M","$","?","T","R","$","R","?","M","R","BOSS"],"build_version":"2018-12-13","purchased_purges":1,"victory":false,"max_hp_per_floor":[73,73,73,73,73,73,73,73,73,73,73,73,73,73,73,73],"card_choices":[{"not_picked":["Flying Knee","Backflip"],"picked":"Sucker Punch","floor":1},{"not_picked":["Calculated Gamble","Blade Dance","Acrobatics"],"picked":"SKIP","floor":3},{"not_picked":["Masterful Stab","Deadly Poison"],"picked":"Deflect","floor":6},{"not_picked":["Poisoned Stab","Wraith Form v2","Prepared"],"picked":"Sucker Punch","floor":13},{"not_picked":["Blade Dance","Dagger Throw","Poisoned Stab"],"picked":"Cloak And Dagger","floor":14}],"player_experience":894038,"relics_obtained":[{"floor":8,"key":"Blood Vial"},{"floor":9,"key":"Question Card"}],"event_choices":[{"cards_removed":["Strike_G"],"damage_healed":0,"gold_gain":0,"player_choice":"Card Removal","damage_taken":7,"max_hp_gain":0,"max_hp_loss":0,"event_name":"Golden Wing","floor":2,"gold_loss":0},{"damage_healed":0,"gold_gain":0,"player_choice":"Success","damage_taken":12,"relics_obtained":["Paper Crane"],"max_hp_gain":0,"max_hp_loss":0,"event_name":"Scrap Ooze","floor":4,"gold_loss":0},{"damage_healed":0,"gold_gain":0,"player_choice":"Grow","damage_taken":0,"max_hp_gain":0,"max_hp_loss":0,"event_name":"Living Wall","floor":5,"gold_loss":0,"cards_upgraded":["Sucker Punch"]}],"is_beta":false,"boss_relics":[],"items_purged_floors":[7],"is_endless":false,"potions_floor_spawned":[3,14],"killed_by":"Slime Boss","ascension_level":14}