{"gold_per_floor":[114,114,114,139,152,152,188,29,54,54,73,73,94,113,113,237,237,250,271,315,315,15,15,36,135,188,212,28,28],"floor_reached":29,"playtime":1068,"items_purged":["Injury"],"score":225,"play_id":"8edc3a2d-3b3d-4187-82c3-d0715c064202","local_time":"20190329004349","is_ascension_mode":false,"campfire_choices":[{"data":"Body Slam","floor":6,"key":"SMITH"},{"floor":10,"key":"REST"},{"floor":15,"key":"REST"},{"floor":23,"key":"REST"}],"neow_cost":"NONE","seed_source_timestamp":38223725606328,"circlet_count":0,"master_deck":["Strike_R","Strike_R","Strike_R+1","Strike_R","Defend_R","Defend_R","Defend_R","Defend_R","Bash+1","Body Slam+1","Second Wind","Power Through","Pommel Strike","Entrench+1","Body Slam","Anger","Burning Pact","Intimidate","Juggernaut","True Grit+1","Headbutt","Fiend Fire","Demon Form","Rampage","Armaments","Infernal Blade"],"relics":["Mark of Pain","Golden Idol","Regal Pillow","Whetstone","Lizard Tail","Red Mask","Champion Belt","Tiny Chest","Art of War"],"potions_floor_usage":[7,13,16,16,20,24,29],"damage_taken":[{"damage":1,"enemies":"Jaw Worm","floor":1,"turns":2},{"damage":2,"enemies":"Cultist","floor":4,"turns":5},{"damage":2,"enemies":"2 Louse","floor":5,"turns":3},{"damage":63,"enemies":"Gremlin Nob","floor":7,"turns":7},{"damage":2,"enemies":"Blue Slaver","floor":11,"turns":3},{"damage":0,"enemies":"2 Fungi Beasts","floor":13,"turns":2},{"damage":4,"enemies":"Exordium Wildlife","floor":14,"turns":4},{"damage":42,"enemies":"The Guardian","floor":16,"turns":11},{"damage":0,"enemies":"Spheric Guardian","floor":18,"turns":3},{"damage":13,"enemies":"2 Thieves","floor":19,"turns":4},{"damage":60,"enemies":"Masked Bandits","floor":20,"turns":7},{"damage":44,"enemies":"Sentry and Sphere","floor":24,"turns":7},{"damage":32,"enemies":"Centurion and Healer","floor":27,"turns":5},{"damage":30,"enemies":"Snecko","floor":29,"turns":4}],"seed_played":"-5057407427723633343","potions_obtained":[{"floor":4,"key":"SpeedPotion"},{"floor":5,"key":"Weak Potion"},{"floor":11,"key":"Explosive Potion"},{"floor":14,"key":"Fire Potion"},{"floor":18,"key":"Poison Potion"},{"floor":20,"key":"Swift Potion"},{"floor":27,"key":"FearPotion"}],"is_trial":false,"path_per_floor":["M","?","?","M","M","R","E","$","T","R","M","?","M","M","R","B",null,"M","M","?","?","$","R","M","?","T","M","$","M"],"character_chosen":"IRONCLAD","items_purchased":["Entrench","Body Slam","Champion Belt","Infernal Blade","Art of War"],"campfire_rested":3,"item_purchase_floors":[8,8,22,28,28],"current_hp_per_floor":[79,79,79,77,75,75,12,12,12,51,49,49,49,45,80,38,80,80,67,7,7,7,46,2,2,2,16,16,0],"gold":28,"neow_bonus":"BOSS_RELIC","is_prod":false,"is_daily":false,"chose_seed":false,"campfire_upgraded":1,"win_rate":0,"timestamp":1553784229,"path_taken":["M","?","?","M","M","R","E","$","T","R","?","?","M","M","R","BOSS","M","M","?","?","$","R","M","?","T","M","?","M"],"build_version":"2019-01-23","purchased_purges":1,"victory":false,"max_hp_per_floor":[80,80,80,80,80,80,80,80,80,80,80,80,80,80,80,80,80,80,80,80,80,80,80,80,80,80,80,80,80],"card_choices":[{"not_picked":["Headbutt","Battle Trance"],"picked":"Body Slam","floor":1},{"not_picked":["Sword Boomerang","Warcry"],"picked":"Second Wind","floor":4},{"not_picked":["Wild Strike","Reckless Charge"],"picked":"Power Through","floor":5},{"not_picked":["Immolate","Clothesline"],"picked":"Pommel Strike","floor":7},{"not_picked":["Sword Boomerang","Heavy Blade"],"picked":"Anger","floor":11},{"not_picked":["Perfected Strike","Heavy Blade"],"picked":"Burning Pact","floor":13},{"not_picked":["Havoc","Sever Soul"],"picked":"Intimidate","floor":14},{"not_picked":["Bludgeon","Fiend Fire"],"picked":"Juggernaut","floor":16},{"not_picked":["Corruption","Wild Strike"],"picked":"True Grit","floor":18},{"not_picked":["Shrug It Off","Thunderclap"],"picked":"True Grit+1","floor":19},{"not_picked":["Second Wind","Heavy Blade"],"picked":"Headbutt","floor":20},{"not_picked":["Pommel Strike","Clash"],"picked":"Rampage","floor":24},{"not_picked":["Intimidate","Cleave"],"picked":"Armaments","floor":27}],"player_experience":262593,"relics_obtained":[{"floor":3,"key":"Regal Pillow"},{"floor":7,"key":"Whetstone"},{"floor":20,"key":"Red Mask"},{"floor":26,"key":"Tiny Chest"}],"event_choices":[{"damage_healed":0,"gold_gain":0,"player_choice":"Take Wound","damage_taken":0,"relics_obtained":["Golden Idol"],"max_hp_gain":0,"max_hp_loss":0,"event_name":"Golden Idol","floor":2,"gold_loss":0,"cards_obtained":["Injury"]},{"damage_healed":0,"gold_gain":0,"player_choice":"Relic","damage_taken":0,"max_hp_gain":0,"max_hp_loss":0,"event_name":"Wheel of Change","floor":3,"gold_loss":0},{"damage_healed":0,"gold_gain":0,"player_choice":"Grow","damage_taken":0,"max_hp_gain":0,"max_hp_loss":0,"event_name":"Living Wall","floor":12,"gold_loss":0,"cards_upgraded":["Entrench"]},{"damage_healed":0,"gold_gain":0,"player_choice":"Fought Bandits","damage_taken":0,"max_hp_gain":0,"max_hp_loss":0,"event_name":"Masked Bandits","floor":20,"gold_loss":0},{"damage_healed":0,"gold_gain":0,"cards_transformed":["True Grit","Strike_R"],"player_choice":"Became Test Subject","damage_taken":0,"max_hp_gain":0,"max_hp_loss":0,"event_name":"Drug Dealer","floor":21,"gold_loss":0,"cards_obtained":["Fiend Fire","Demon Form"]},{"damage_healed":0,"gold_gain":99,"player_choice":"Stole From Cult","damage_taken":0,"max_hp_gain":0,"max_hp_loss":0,"event_name":"Nest","floor":25,"gold_loss":0}],"is_beta":false,"boss_relics":[{"not_picked":["Tiny House","Velvet Choker"],"picked":"Lizard Tail"}],"items_purged_floors":[8],"is_endless":false,"potions_floor_spawned":[4,5,11,14,18,20,27],"killed_by":"Snecko","ascension_level":0}