{"gold_per_floor":[118,131,56,56,71,71,82,82,82,95,95,109,144,162,162,266,266,281,181,192,210,221,221,26,26],"floor_reached":25,"playtime":634,"items_purged":["Defend_R","Strike_R"],"score":371,"play_id":"fb105e97-507e-4e59-a3c7-487cdd917c6c","local_time":"20181203005607","is_ascension_mode":true,"campfire_choices":[{"data":"Whirlwind","floor":6,"key":"SMITH"},{"data":"Flex","floor":8,"key":"SMITH"},{"data":"Flex","floor":15,"key":"SMITH"},{"data":"Inflame","floor":23,"key":"SMITH"}],"neow_cost":"NONE","seed_source_timestamp":21557261853762,"circlet_count":0,"master_deck":["AscendersBane","Strike_R","Strike_R","Strike_R","Strike_R","Defend_R","Defend_R","Bash","Flex+1","Whirlwind+1","Thunderclap","Inflame+1","Flex+1","Dropkick"],"relics":["Burning Blood","Ice Cream","Nunchaku","Velvet Choker","Brimstone"],"potions_floor_usage":[16],"damage_taken":[{"damage":13,"enemies":"2 Louse","floor":1,"turns":3},{"damage":7,"enemies":"Jaw Worm","floor":2,"turns":3},{"damage":0,"enemies":"Small Slimes","floor":5,"turns":3},{"damage":13,"enemies":"Exordium Thugs","floor":7,"turns":2},{"damage":7,"enemies":"Large Slime","floor":10,"turns":3},{"damage":0,"enemies":"Gremlin Gang","floor":12,"turns":3},{"damage":0,"enemies":"Lagavulin","floor":13,"turns":3},{"damage":15,"enemies":"Lots of Slimes","floor":14,"turns":2},{"damage":12,"enemies":"Slime Boss","floor":16,"turns":5},{"damage":19,"enemies":"Shell Parasite","floor":18,"turns":3},{"damage":12,"enemies":"Chosen","floor":20,"turns":2},{"damage":0,"enemies":"Centurion and Healer","floor":21,"turns":3},{"damage":18,"enemies":"Snake Plant","floor":22,"turns":3},{"damage":63,"enemies":"Book of Stabbing","floor":25,"turns":3}],"seed_played":"1029740225603298863","potions_obtained":[{"floor":7,"key":"Weak Potion"},{"floor":12,"key":"LiquidBronze"},{"floor":13,"key":"Regen Potion"},{"floor":14,"key":"Fire Potion"},{"floor":16,"key":"Energy Potion"},{"floor":21,"key":"Ancient Potion"},{"floor":22,"key":"Energy Potion"}],"is_trial":false,"path_per_floor":["M","M","$","?","M","R","M","R","T","M","?","M","E","M","R","B",null,"M","$","M","M","M","R","$","E"],"character_chosen":"IRONCLAD","items_purchased":["Brimstone"],"campfire_rested":0,"item_purchase_floors":[24],"current_hp_per_floor":[65,64,64,64,70,70,63,63,63,62,67,73,79,70,70,78,83,70,70,64,70,58,58,58,0],"gold":26,"neow_bonus":"REMOVE_CARD","is_prod":false,"is_daily":false,"chose_seed":false,"campfire_upgraded":4,"win_rate":0,"timestamp":1543816567,"path_taken":["M","M","$","?","M","R","M","R","T","M","?","M","E","M","R","BOSS","M","$","M","M","M","R","$","E"],"build_version":"2018-11-15","purchased_purges":2,"victory":false,"max_hp_per_floor":[80,80,80,80,80,80,80,80,80,80,85,85,85,85,85,85,85,85,85,85,85,85,85,85,85],"card_choices":[{"not_picked":["True Grit","Anger"],"picked":"Flex","floor":1},{"not_picked":["Shrug It Off","Power Through"],"picked":"Whirlwind","floor":2},{"not_picked":["Heavy Blade","Hemokinesis"],"picked":"Thunderclap","floor":5},{"not_picked":["Evolve","Clothesline","Pummel"],"picked":"SKIP","floor":7},{"not_picked":["Shockwave","Cleave","True Grit"],"picked":"SKIP","floor":10},{"not_picked":["Body Slam","True Grit"],"picked":"Inflame","floor":12},{"not_picked":["Anger","Evolve"],"picked":"Flex","floor":13},{"not_picked":["Body Slam","Reaper","Clothesline"],"picked":"SKIP","floor":14},{"not_picked":["Sword Boomerang","Wild Strike"],"picked":"Dropkick","floor":18},{"not_picked":["Heavy Blade","Inflame+1","Pommel Strike"],"picked":"SKIP","floor":20},{"not_picked":["Clash","Clothesline+1","Cleave+1"],"picked":"SKIP","floor":21},{"not_picked":["Sentinel","Reckless Charge","Feel No Pain+1"],"picked":"SKIP","floor":22}],"player_experience":781122,"relics_obtained":[{"floor":9,"key":"Ice Cream"},{"floor":13,"key":"Nunchaku"}],"event_choices":[{"damage_healed":0,"gold_gain":0,"player_choice":"Ignored","damage_taken":0,"max_hp_gain":0,"max_hp_loss":0,"event_name":"Liars Game","floor":4,"gold_loss":0},{"damage_healed":0,"gold_gain":0,"player_choice":"Donut","damage_taken":0,"max_hp_gain":5,"max_hp_loss":0,"event_name":"Big Fish","floor":11,"gold_loss":0}],"is_beta":false,"boss_relics":[{"not_picked":["Tiny House","Coffee Dripper"],"picked":"Velvet Choker"}],"items_purged_floors":[3,19],"is_endless":false,"potions_floor_spawned":[7,12,13,14,16,21,22],"killed_by":"Book of Stabbing","ascension_level":12}