{"gold_per_floor":[110,128,128,128,141,141,171,199,211,250,337,365,377,401,413,522,534,511,542,554,566,357,357,390,390,390,409,409,409,421,440,440,440],"floor_reached":33,"playtime":1199,"items_purged":["Strike_R"],"score":471,"play_id":"4d4ba4e9-65df-4a5d-a655-9f3e0e9922c3","local_time":"20181202193336","is_ascension_mode":true,"campfire_choices":[{"data":"Searing Blow+1","floor":6,"key":"SMITH"},{"floor":15,"key":"REST"},{"floor":23,"key":"REST"},{"data":"Searing Blow+2","floor":29,"key":"SMITH"},{"floor":32,"key":"REST"}],"neow_cost":"NONE","seed_source_timestamp":1640546065650,"circlet_count":0,"master_deck":["AscendersBane","Strike_R","Strike_R","Strike_R","Strike_R","Defend_R","Defend_R","Defend_R","Defend_R","Bash","Searing Blow+3","Ghostly Armor","Impervious","Dropkick","Necronomicurse","Whirlwind","Impervious","Armaments"],"relics":["Burning Blood","NeowsBlessing","Matryoshka","MawBank","PreservedInsect","Singing Bowl","FossilizedHelix","Lizard Tail","Necronomicon","Lantern","Orichalcum","Smiling Mask","Paper Frog"],"potions_floor_usage":[7,14,16,25,27,33],"damage_taken":[{"damage":0,"enemies":"Cultist","floor":1,"turns":1},{"damage":0,"enemies":"Small Slimes","floor":2,"turns":1},{"damage":0,"enemies":"2 Louse","floor":5,"turns":1},{"damage":8,"enemies":"Gremlin Nob","floor":7,"turns":4},{"damage":19,"enemies":"Blue Slaver","floor":8,"turns":5},{"damage":25,"enemies":"3 Sentries","floor":10,"turns":9},{"damage":29,"enemies":"Large Slime","floor":12,"turns":11},{"damage":8,"enemies":"3 Louse","floor":14,"turns":4},{"damage":9,"enemies":"Slime Boss","floor":16,"turns":14},{"damage":29,"enemies":"2 Thieves","floor":18,"turns":5},{"damage":16,"enemies":"Chosen","floor":19,"turns":6},{"damage":36,"enemies":"Slavers","floor":24,"turns":8},{"damage":0,"enemies":"3 Cultists","floor":25,"turns":2},{"damage":0,"enemies":"Snake Plant","floor":27,"turns":4},{"damage":6,"enemies":"Centurion and Healer","floor":30,"turns":5},{"damage":5,"enemies":"3 Cultists","floor":31,"turns":4},{"damage":164,"enemies":"Automaton","floor":33,"turns":12}],"seed_played":"1543140372055641654","potions_obtained":[{"floor":5,"key":"Block Potion"},{"floor":8,"key":"PowerPotion"},{"floor":14,"key":"Regen Potion"},{"floor":16,"key":"SmokeBomb"},{"floor":24,"key":"SpeedPotion"},{"floor":30,"key":"BloodPotion"}],"is_trial":false,"path_per_floor":["M","M","?","?","M","R","E","M","T","E","?","M","?","M","R","B",null,"M","M","?","?","$","R","E","M","T","M","?","R","M","M","R","B"],"character_chosen":"IRONCLAD","items_purchased":["Lantern"],"campfire_rested":3,"item_purchase_floors":[22],"current_hp_per_floor":[78,80,80,73,79,79,77,64,64,45,34,13,13,11,35,49,75,54,46,30,13,13,40,12,18,18,24,24,24,26,27,56,0],"gold":440,"neow_bonus":"THREE_ENEMY_KILL","is_prod":false,"is_daily":false,"chose_seed":false,"campfire_upgraded":2,"win_rate":0,"timestamp":1543797216,"path_taken":["M","M","?","?","M","R","E","M","T","E","?","M","?","M","R","BOSS","M","M","?","?","$","R","E","M","T","M","?","R","M","M","R","BOSS"],"build_version":"2018-11-15","purchased_purges":1,"victory":false,"max_hp_per_floor":[80,80,80,80,80,80,80,80,80,80,80,82,82,82,82,84,84,86,88,88,93,93,93,95,95,95,95,95,95,97,97,97,97],"card_choices":[{"not_picked":["Shrug It Off","Heavy Blade"],"picked":"Searing Blow","floor":1},{"not_picked":["Spot Weakness","Clash","Anger"],"picked":"SKIP","floor":2},{"not_picked":["Perfected Strike","Twin Strike"],"picked":"Ghostly Armor","floor":5},{"not_picked":["Body Slam","Perfected Strike","Pommel Strike"],"picked":"SKIP","floor":7},{"not_picked":["Reckless Charge","Blood for Blood","Flex"],"picked":"SKIP","floor":8},{"not_picked":["Rage","Brutality"],"picked":"Impervious","floor":10},{"not_picked":["Iron Wave","Carnage","True Grit"],"picked":"Singing Bowl","floor":12},{"not_picked":["Disarm","Shrug It Off"],"picked":"Dropkick","floor":14},{"not_picked":["Dark Embrace","Juggernaut","Immolate"],"picked":"Singing Bowl","floor":16},{"not_picked":["Rupture","Clash","Body Slam"],"picked":"Singing Bowl","floor":18},{"not_picked":["Wild Strike","Pommel Strike","Cleave"],"picked":"Singing Bowl","floor":19},{"not_picked":["Reckless Charge","Fiend Fire","Barricade"],"picked":"Singing Bowl","floor":24},{"not_picked":["Clothesline","Wild Strike"],"picked":"Whirlwind","floor":27},{"not_picked":["True Grit","Shrug It Off","Perfected Strike"],"picked":"Singing Bowl","floor":30},{"not_picked":["Shrug It Off","Fiend Fire"],"picked":"Armaments","floor":31}],"player_experience":766836,"relics_obtained":[{"floor":7,"key":"MawBank"},{"floor":9,"key":"PreservedInsect"},{"floor":9,"key":"Singing Bowl"},{"floor":10,"key":"FossilizedHelix"},{"floor":20,"key":"Necronomicon"},{"floor":24,"key":"Orichalcum"},{"floor":26,"key":"Smiling Mask"},{"floor":26,"key":"Paper Frog"}],"event_choices":[{"damage_healed":0,"gold_gain":0,"player_choice":"Grow","damage_taken":0,"max_hp_gain":0,"max_hp_loss":0,"event_name":"Living Wall","floor":3,"gold_loss":0,"cards_upgraded":["Searing Blow"]},{"damage_healed":0,"gold_gain":0,"player_choice":"Success","damage_taken":7,"relics_obtained":["Matryoshka"],"max_hp_gain":0,"max_hp_loss":0,"event_name":"Scrap Ooze","floor":4,"gold_loss":0},{"damage_healed":0,"gold_gain":75,"player_choice":"Gather Gold","damage_taken":11,"max_hp_gain":0,"max_hp_loss":0,"event_name":"World of Goop","floor":11,"gold_loss":0},{"damage_healed":0,"gold_gain":0,"player_choice":"Ignored","damage_taken":0,"max_hp_gain":0,"max_hp_loss":0,"event_name":"Liars Game","floor":13,"gold_loss":0},{"damage_healed":0,"gold_gain":0,"player_choice":"Obtained Book","damage_taken":16,"max_hp_gain":0,"max_hp_loss":0,"event_name":"Cursed Tome","floor":20,"gold_loss":0},{"damage_healed":0,"gold_gain":0,"player_choice":"Shed Blood","damage_taken":22,"max_hp_gain":5,"max_hp_loss":0,"event_name":"Forgotten Altar","floor":21,"gold_loss":0},{"damage_healed":0,"gold_gain":0,"player_choice":"Copied","damage_taken":0,"max_hp_gain":0,"max_hp_loss":0,"event_name":"Duplicator","floor":28,"gold_loss":0,"cards_obtained":["Impervious"]}],"is_beta":false,"boss_relics":[{"not_picked":["Calling Bell","Tiny House"],"picked":"Lizard Tail"}],"items_purged_floors":[22],"is_endless":false,"potions_floor_spawned":[5,8,14,16,24,25,30],"killed_by":"Automaton","ascension_level":12}