{"path_per_floor":["M","?","M","M","$","E","M","?","T","?","$","E","M","E","R"],"character_chosen":"THE_SILENT","items_purchased":["Tiny Chest","Dagger Throw"],"gold_per_floor":[211,286,298,313,65,99,110,110,110,110,10,37,51,85,85,85],"floor_reached":16,"campfire_rested":1,"playtime":1525,"current_hp_per_floor":[69,58,58,56,56,40,40,63,63,63,63,62,62,45,66,0],"items_purged":["Strike_G","Strike_G"],"gold":85,"score":132,"play_id":"6a2f1def-d8a4-4ff9-bb13-b527d0cb7e00","local_time":"20180327024402","is_prod":false,"is_daily":false,"is_ascension_mode":true,"campfire_upgraded":0,"timestamp":1522133042,"path_taken":["M","?","M","M","$","E","M","?","T","?","$","E","M","E","R","BOSS"],"build_version":"2018-03-22v2","purchased_purges":2,"victory":false,"master_deck":["Defend_G","Defend_G","Defend_G","Defend_G","Strike_G","Strike_G","Strike_G","Survivor","Neutralize","Prepared","Leg Sweep","Underhanded Strike","Dagger Throw","Eviscerate","Underhanded Strike","Deflect","Setup","Reflex"],"max_hp_per_floor":[70,70,70,70,70,70,70,70,70,70,70,70,70,70,70,70],"relics":["Ring of the Snake","Tiny Chest","Torii","Du-Vu Doll","Mummified Hand","Juzu Bracelet"],"card_choices":[{"not_picked":["Well Laid Plans","Eviscerate"],"picked":"Prepared","floor":1},{"not_picked":["Tools of the Trade","Accuracy"],"picked":"Leg Sweep","floor":3},{"not_picked":["Malaise","Dodge and Roll"],"picked":"Underhanded Strike","floor":4},{"not_picked":["Crippling Poison","Cloak And Dagger"],"picked":"Eviscerate","floor":6},{"not_picked":["Dagger Spray","Well Laid Plans"],"picked":"Underhanded Strike","floor":7},{"not_picked":["Cloak And Dagger","Deadly Poison"],"picked":"Deflect","floor":12},{"not_picked":["Catalyst","Flechettes"],"picked":"Setup","floor":13},{"not_picked":["Caltrops","Escape Plan"],"picked":"Reflex","floor":14}],"player_experience":116629,"potions_floor_usage":[6,12,12,14,16],"damage_taken":[{"damage":1,"enemies":"Small Slimes","floor":1,"turns":4},{"damage":0,"enemies":"2 Louse","floor":3,"turns":4},{"damage":2,"enemies":"Jaw Worm","floor":4,"turns":6},{"damage":16,"enemies":"Lagavulin","floor":6,"turns":11},{"damage":0,"enemies":"Blue Slaver","floor":7,"turns":5},{"damage":1,"enemies":"Gremlin Nob","floor":12,"turns":4},{"damage":0,"enemies":"3 Louse","floor":13,"turns":4},{"damage":17,"enemies":"3 Sentries","floor":14,"turns":13},{"damage":67,"enemies":"The Guardian","floor":16,"turns":25}],"event_choices":[{"event_name":"World of Goop","player_choice":"Gather Gold","floor":2,"damage_taken":0},{"event_name":"Big Fish","player_choice":"Banana","floor":8,"damage_taken":0},{"event_name":"Purifier","player_choice":"One Purge","floor":10,"damage_taken":0}],"boss_relics":[],"potions_floor_spawned":[4,6,7,13,14],"seed_played":"3722785441666331861","killed_by":"The Guardian","ascension_level":2,"is_trial":false}