{"path_per_floor":["M","M","M","M","?","E","?","M","T","$","?","M","M","M","R","B",null,"M","?","M","$","T","R","M","M","T","R","$","M","M","E","R"],"character_chosen":"IRONCLAD","items_purchased":["Inflame","Mind Blast","Block Potion","Whetstone","Strawberry"],"gold_per_floor":[116,127,140,156,331,361,361,374,374,227,227,252,270,284,284,410,410,394,394,414,267,267,267,283,299,350,350,53,74,88,124,124,124],"floor_reached":33,"campfire_rested":4,"playtime":2062,"current_hp_per_floor":[80,78,80,75,75,33,33,29,29,29,47,53,48,47,69,40,74,45,45,37,37,37,59,41,16,16,53,60,50,41,13,52,0],"items_purged":["Doubt"],"gold":124,"score":328,"play_id":"c955ff32-7d1a-4181-83a3-1cf9047a6e51","local_time":"20180407111759","is_prod":false,"is_daily":false,"is_ascension_mode":true,"campfire_upgraded":0,"timestamp":1523114279,"path_taken":["M","M","M","M","?","E","?","M","T","$","?","?","M","M","R","BOSS","M","?","M","$","?","R","M","?","T","R","?","M","M","E","R","BOSS"],"build_version":"2018-04-05v2","purchased_purges":1,"victory":false,"master_deck":["Strike_R+1","Strike_R+1","Strike_R+1","Strike_R+1","Strike_R+1","Defend_R+1","Defend_R+1","Defend_R+1","Defend_R+1","Bash+1","Pommel Strike","Whirlwind","Thunderclap","Spot Weakness","Iron Wave","Armaments","Inflame","Armaments","Berserk","Blood for Blood","Demon Form","Cleave","Shrug It Off","Heavy Blade","Shrug It Off","Bloodletting","Offering","Mind Blast+1","Pommel Strike+1","Twin Strike+1"],"max_hp_per_floor":[80,80,80,80,80,80,74,74,74,74,74,74,74,74,74,74,74,74,74,74,74,74,74,74,74,74,74,81,81,81,81,81,81],"relics":["Burning Blood","Happy Flower","Omamori","Golden Idol","Orichalcum","Orrery","Calipers","Regal Pillow","Whetstone","Strawberry","Ginger"],"card_choices":[{"not_picked":["Headbutt","Infernal Blade"],"picked":"Pommel Strike","floor":1},{"not_picked":["Dropkick","Shrug It Off"],"picked":"Whirlwind","floor":2},{"not_picked":["Headbutt","Sword Boomerang"],"picked":"Thunderclap","floor":3},{"not_picked":["True Grit","Pommel Strike"],"picked":"Spot Weakness","floor":4},{"not_picked":["Shrug It Off","Clothesline"],"picked":"Iron Wave","floor":6},{"not_picked":["Berserk","Iron Wave"],"picked":"Armaments","floor":8},{"not_picked":["Combust","Wild Strike"],"picked":"Armaments","floor":12},{"not_picked":["Shrug It Off","Wild Strike"],"picked":"Berserk","floor":13},{"not_picked":["Thunderclap","Armaments"],"picked":"Blood for Blood","floor":14},{"not_picked":["Reaper","Feed"],"picked":"Demon Form","floor":16},{"not_picked":["True Grit","Rampage"],"picked":"Cleave","floor":17},{"not_picked":["Headbutt","Dropkick"],"picked":"Shrug It Off","floor":17},{"not_picked":["Havoc","Pommel Strike"],"picked":"Heavy Blade","floor":17},{"not_picked":["Clothesline","Corruption"],"picked":"Shrug It Off","floor":17},{"not_picked":["Havoc","Pummel"],"picked":"Bloodletting","floor":17},{"not_picked":["True Grit","Havoc"],"picked":"Offering","floor":18},{"not_picked":["Warcry","Body Slam"],"picked":"Pommel Strike","floor":25},{"not_picked":["Bludgeon","Perfected Strike"],"picked":"Twin Strike","floor":29}],"player_experience":187918,"potions_floor_usage":[16,16,16,24,30,31,33],"damage_taken":[{"damage":6,"enemies":"Jaw Worm","floor":1,"turns":4},{"damage":8,"enemies":"2 Louse","floor":2,"turns":2},{"damage":1,"enemies":"Cultist","floor":3,"turns":3},{"damage":11,"enemies":"Blue Slaver","floor":4,"turns":4},{"damage":48,"enemies":"Lagavulin","floor":6,"turns":7},{"damage":10,"enemies":"Exordium Wildlife","floor":8,"turns":3},{"damage":0,"enemies":"3 Louse","floor":12,"turns":3},{"damage":11,"enemies":"Blue Slaver","floor":13,"turns":4},{"damage":7,"enemies":"Looter","floor":14,"turns":3},{"damage":35,"enemies":"Hexaghost","floor":16,"turns":6},{"damage":35,"enemies":"2 Thieves","floor":18,"turns":4},{"damage":14,"enemies":"Spheric Guardian","floor":20,"turns":5},{"damage":24,"enemies":"Chosen and Byrds","floor":24,"turns":6},{"damage":31,"enemies":"Sentry and Sphere","floor":25,"turns":6},{"damage":16,"enemies":"Centurion and Healer","floor":29,"turns":5},{"damage":15,"enemies":"Snake Plant","floor":30,"turns":3},{"damage":34,"enemies":"Book of Stabbing","floor":31,"turns":4},{"damage":75,"enemies":"Automaton","floor":33,"turns":6}],"event_choices":[{"event_name":"Liars Game","player_choice":"agreed","floor":5,"damage_taken":0},{"event_name":"Golden Idol","player_choice":"Lose Max HP","floor":7,"damage_taken":0},{"event_name":"Mushrooms","player_choice":"Healed and dodged fight","floor":11,"damage_taken":0},{"event_name":"Back to Basics","player_choice":"Simplicity","floor":19,"damage_taken":0}],"boss_relics":[{"not_picked":["Astrolabe","Velvet Choker"],"picked":"Orrery"}],"potions_floor_spawned":[3,6,8,12,16,24,25,29],"seed_played":"3234948780914618242","killed_by":"Automaton","ascension_level":4,"is_trial":false}