{"gold_per_floor":[113,123,24,24,39,69,86,86,86,86],"floor_reached":10,"playtime":739,"items_purged":["Strike_G"],"score":109,"play_id":"c5d286d1-3ff7-4bcc-810a-d0da7aad330a","local_time":"20181209165413","is_ascension_mode":true,"campfire_choices":[{"floor":8,"key":"REST"}],"neow_cost":"NONE","seed_source_timestamp":488110894102896,"circlet_count":0,"master_deck":["AscendersBane","Defend_G","Defend_G","Defend_G","Defend_G","Defend_G","Strike_G","Strike_G","Strike_G","Strike_G","Survivor","Neutralize","Phantasmal Killer","Heel Hook","Finisher","Dagger Spray","Sucker Punch","Dagger Throw","Cloak And Dagger","Sucker Punch"],"relics":["Ring of the Snake","Boot","Prayer Wheel","Kunai"],"potions_floor_usage":[10],"damage_taken":[{"damage":8,"enemies":"Jaw Worm","floor":1,"turns":4},{"damage":7,"enemies":"Cultist","floor":2,"turns":5},{"damage":10,"enemies":"Small Slimes","floor":5,"turns":3},{"damage":29,"enemies":"3 Sentries","floor":6,"turns":9},{"damage":0,"enemies":"Exordium Thugs","floor":7,"turns":4},{"damage":32,"enemies":"Lagavulin","floor":10,"turns":6}],"seed_played":"-4410160023799351602","potions_obtained":[{"floor":6,"key":"Poison Potion"}],"is_trial":false,"path_per_floor":["M","M","$","?","M","E","M","R","T","E"],"character_chosen":"THE_SILENT","items_purchased":["Dagger Spray"],"campfire_rested":1,"item_purchase_floors":[3],"current_hp_per_floor":[55,48,48,48,38,9,9,30,30,0],"gold":86,"neow_bonus":"ONE_RANDOM_RARE_CARD","is_prod":false,"is_daily":false,"chose_seed":false,"campfire_upgraded":0,"win_rate":0,"timestamp":1544392453,"path_taken":["M","M","$","?","?","E","M","R","T","E"],"build_version":"2018-12-06","purchased_purges":1,"victory":false,"max_hp_per_floor":[70,70,70,70,70,70,70,70,70,70],"card_choices":[{"not_picked":["Underhanded Strike","PiercingWail"],"picked":"Heel Hook","floor":1},{"not_picked":["Deflect","Quick Slash"],"picked":"Finisher","floor":2},{"not_picked":["Flying Knee","Deadly Poison"],"picked":"Sucker Punch","floor":5},{"not_picked":["Night Terror","Concentrate"],"picked":"Dagger Throw","floor":6},{"not_picked":["Footwork","Dodge and Roll"],"picked":"Cloak And Dagger","floor":7},{"not_picked":["Outmaneuver","Quick Slash"],"picked":"Sucker Punch","floor":7}],"player_experience":841525,"relics_obtained":[{"floor":4,"key":"Boot"},{"floor":6,"key":"Prayer Wheel"},{"floor":9,"key":"Kunai"}],"event_choices":[{"damage_healed":0,"gold_gain":0,"player_choice":"Relic","damage_taken":0,"max_hp_gain":0,"max_hp_loss":0,"event_name":"Wheel of Change","floor":4,"gold_loss":0}],"is_beta":false,"boss_relics":[],"items_purged_floors":[3],"is_endless":false,"potions_floor_spawned":[6],"killed_by":"Lagavulin","ascension_level":12}