{"gold_per_floor":[110,385,399,4,24,24,41,73,73,73,15,15,15,25,25,101,101,115,115,131,131,131,131,147,147,147,147,147],"floor_reached":28,"playtime":3627,"items_purged":["Regret"],"score":410,"play_id":"82bd43de-2b38-4082-9d72-6d10d14d65ae","local_time":"20181228192627","is_ascension_mode":true,"campfire_choices":[{"data":"Neutralize","floor":6.0,"key":"SMITH"},{"floor":12,"key":"REST"},{"data":"Sucker Punch","floor":15,"key":"SMITH"},{"floor":23,"key":"REST"},{"data":"Die Die Die","floor":25,"key":"SMITH"},{"floor":27,"key":"REST"}],"neow_cost":"NONE","seed_source_timestamp":666999436162769,"circlet_count":0,"master_deck":["AscendersBane","Defend_G","Defend_G","Defend_G","Defend_G","Defend_G","Strike_G","Strike_G","Strike_G","Strike_G","Strike_G","Survivor","Neutralize+1","Dagger Spray","Backflip","Footwork+1","Heel Hook","Sucker Punch+1","Backflip","Die Die Die+1","Backstab","Tactician+1","Necronomicurse","Decay"],"special_seed":0,"relics":["Ring of the Snake","Ninja Scroll","Shuriken","Paper Crane","Runic Pyramid","Necronomicon","Matryoshka"],"potions_floor_usage":[8,8,19,24],"damage_taken":[{"damage":2.0,"enemies":"2 Louse","floor":1.0,"turns":2.0},{"damage":28.0,"enemies":"Cultist","floor":3.0,"turns":7.0},{"damage":0.0,"enemies":"Small Slimes","floor":5.0,"turns":2.0},{"damage":3.0,"enemies":"3 Louse","floor":7.0,"turns":3.0},{"damage":13,"enemies":"Lagavulin","floor":8,"turns":8},{"damage":0,"enemies":"Large Slime","floor":14,"turns":4},{"damage":4,"enemies":"The Guardian","floor":16,"turns":14},{"damage":14,"enemies":"Spheric Guardian","floor":18,"turns":8},{"damage":0,"enemies":"Colosseum Slavers","floor":19,"turns":4},{"damage":9,"enemies":"2 Thieves","floor":20,"turns":2},{"damage":7,"enemies":"Centurion and Healer","floor":24,"turns":10},{"damage":46,"enemies":"Slavers","floor":28,"turns":4}],"seed_played":"1758993810930604831","potions_obtained":[{"floor":3.0,"key":"GamblersBrew"},{"floor":7.0,"key":"FearPotion"},{"floor":14,"key":"Block Potion"},{"floor":18,"key":"SpeedPotion"},{"floor":20,"key":"SpeedPotion"}],"is_trial":false,"path_per_floor":["M","?","M","$","M","R","M","E","T","?","$","R","?","M","R","B",null,"M","?","M","?","?","R","M","R","T","R","E"],"character_chosen":"THE_SILENT","items_purchased":["Ninja Scroll","PowerPotion","Sucker Punch"],"campfire_rested":3,"item_purchase_floors":[4,4,11],"current_hp_per_floor":[57,57,29,29,29,29,26,13,13,13,13,32,32,32,32,28,57,43,43,34,13,13,32,25,25,25,44,0],"gold":147,"neow_bonus":"THREE_CARDS","is_prod":false,"is_daily":false,"chose_seed":false,"campfire_upgraded":3,"win_rate":0,"timestamp":1546043187,"path_taken":["M","?","?","$","M","R","M","E","T","?","$","R","?","M","R","BOSS","M","?","M","?","?","R","M","R","T","R","E"],"build_version":"2018-12-20","purchased_purges":1,"victory":false,"max_hp_per_floor":[66,66,66,66,66,66,66,66,66,66,66,66,66,66,66,66,66,66,66,66,66,66,66,66,66,66,66,66],"card_choices":[{"not_picked":["Poisoned Stab","Bane"],"picked":"Dagger Spray","floor":0.0},{"not_picked":["Blade Dance","Quick Slash"],"picked":"Backflip","floor":1.0},{"not_picked":["Bane","Accuracy","Dagger Throw"],"picked":"SKIP","floor":3.0},{"not_picked":["Outmaneuver","Deadly Poison"],"picked":"Footwork","floor":5.0},{"not_picked":["Outmaneuver","Deadly Poison","Concentrate"],"picked":"SKIP","floor":7.0},{"not_picked":["Dodge and Roll","Backflip"],"picked":"Heel Hook","floor":8},{"not_picked":["Poisoned Stab","Prepared"],"picked":"Backflip","floor":14},{"not_picked":["A Thousand Cuts","Burst"],"picked":"Die Die Die","floor":16},{"not_picked":["Bane","Tactician"],"picked":"Backstab","floor":18},{"not_picked":["Poisoned Stab","Dagger Spray"],"picked":"Tactician+1","floor":20},{"not_picked":["Quick Slash","Blade Dance","Outmaneuver"],"picked":"SKIP","floor":24}],"player_experience":1065365,"relics_obtained":[{"floor":8,"key":"Shuriken"},{"floor":9,"key":"Paper Crane"},{"floor":21,"key":"Necronomicon"},{"floor":26,"key":"Matryoshka"}],"event_choices":[{"damage_healed":0.0,"max_hp_gain":0.0,"max_hp_loss":0.0,"gold_gain":275.0,"event_name":"Golden Shrine","player_choice":"Desecrate","floor":2.0,"gold_loss":0.0,"damage_taken":0.0,"cards_obtained":["Regret"]},{"damage_healed":0,"gold_gain":0,"player_choice":"Grow","damage_taken":0,"max_hp_gain":0,"max_hp_loss":0,"event_name":"Living Wall","floor":10,"gold_loss":0,"cards_upgraded":["Footwork"]},{"damage_healed":0,"gold_gain":0,"player_choice":"Leave","damage_taken":0,"max_hp_gain":0,"max_hp_loss":0,"event_name":"The Cleric","floor":13,"gold_loss":0},{"damage_healed":0,"gold_gain":0,"player_choice":"Fight","damage_taken":0,"max_hp_gain":0,"max_hp_loss":0,"event_name":"Colosseum","floor":19,"gold_loss":0},{"damage_healed":0,"gold_gain":0,"player_choice":"Fled From Nobs","damage_taken":0,"max_hp_gain":0,"max_hp_loss":0,"event_name":"Colosseum","floor":19,"gold_loss":0},{"damage_healed":0,"gold_gain":0,"player_choice":"Obtained Book","damage_taken":21,"max_hp_gain":0,"max_hp_loss":0,"event_name":"Cursed Tome","floor":21,"gold_loss":0},{"damage_healed":0,"gold_gain":0,"player_choice":"Smashed Altar","damage_taken":0,"max_hp_gain":0,"max_hp_loss":0,"event_name":"Forgotten Altar","floor":22,"gold_loss":0,"cards_obtained":["Decay"]}],"is_beta":false,"boss_relics":[{"not_picked":["Astrolabe","Runic Dome"],"picked":"Runic Pyramid"}],"items_purged_floors":[4],"is_endless":false,"potions_floor_spawned":[3,7,14,18,20],"killed_by":"Slavers","ascension_level":18}