{"gold_per_floor":[111,386,399,2,2,2,36,36,117,148,162,185,185,206,206,299,299,319,0,0],"floor_reached":20,"playtime":758,"items_purged":[],"score":414,"play_id":"553383f2-98b7-4c2f-aabd-d4d51c51374a","local_time":"20190906023432","is_ascension_mode":true,"campfire_choices":[{"data":"Metallicize","floor":6.0,"key":"SMITH"},{"data":"Inflame","floor":13.0,"key":"SMITH"},{"data":"Heavy Blade","floor":15.0,"key":"SMITH"}],"neow_cost":"NONE","seed_source_timestamp":0,"circlet_count":0,"master_deck":["AscendersBane","Strike_R","Strike_R","Strike_R","Strike_R","Strike_R","Defend_R","Defend_R","Defend_R","Defend_R","Bash","Metallicize+1","Regret","Flame Barrier","Shrug It Off","Injury","Inflame+1","Power Through","Headbutt","Heavy Blade+1","Offering","Seeing Red"],"special_seed":0,"relics":["Burning Blood","NeowsBlessing","OrangePellets","Strawberry","Golden Idol","Bird Faced Urn","Bottled Lightning","Letter Opener","Runic Cube"],"potions_floor_usage":[],"damage_taken":[{"damage":0.0,"enemies":"Small Slimes","floor":1.0,"turns":1.0},{"damage":0.0,"enemies":"Cultist","floor":3.0,"turns":1.0},{"damage":0.0,"enemies":"Lagavulin","floor":7.0,"turns":1.0},{"damage":45.0,"enemies":"3 Sentries","floor":10.0,"turns":15.0},{"damage":3.0,"enemies":"2 Louse","floor":11.0,"turns":3.0},{"damage":16.0,"enemies":"2 Fungi Beasts","floor":12.0,"turns":5.0},{"damage":10.0,"enemies":"Exordium Thugs","floor":14.0,"turns":5.0},{"damage":82.0,"enemies":"The Guardian","floor":16.0,"turns":15.0},{"damage":39.0,"enemies":"2 Thieves","floor":18.0,"turns":5.0},{"damage":51,"enemies":"Spheric Guardian","floor":20,"turns":7}],"seed_played":"3007452399423952290","potions_obtained":[{"floor":1.0,"key":"BloodPotion"},{"floor":11.0,"key":"LiquidBronze"},{"floor":14.0,"key":"FairyPotion"}],"is_trial":false,"path_per_floor":["M","?","M","$","?","R","E","?","T","E","M","M","R","M","R","B",null,"M","?","M"],"character_chosen":"IRONCLAD","items_purchased":["OrangePellets","Strawberry","Shrug It Off"],"campfire_rested":0,"item_purchase_floors":[4,4,4],"current_hp_per_floor":[74,74,75,82,82,82,82,87,87,50,57,51,51,51,51,9,68,39,39,0],"gold":0,"neow_bonus":"THREE_ENEMY_KILL","is_prod":false,"is_daily":false,"chose_seed":false,"campfire_upgraded":3,"win_rate":0,"timestamp":1567701272,"path_taken":["M","?","M","?","?","R","E","?","T","E","M","M","R","M","R","BOSS","M","?","M"],"build_version":"2019-07-17","purchased_purges":0,"victory":false,"max_hp_per_floor":[75,75,75,82,82,82,82,87,87,87,87,87,87,87,87,87,87,87,87,87],"card_choices":[{"not_picked":["Reckless Charge","Pummel"],"picked":"Metallicize","floor":1.0},{"not_picked":["Thunderclap","Body Slam"],"picked":"Flame Barrier","floor":3.0},{"not_picked":["Headbutt","Clothesline"],"picked":"Inflame","floor":7.0},{"not_picked":["Clothesline","Headbutt"],"picked":"Power Through","floor":10.0},{"not_picked":["Clash","Sword Boomerang"],"picked":"Headbutt","floor":11.0},{"not_picked":["Shrug It Off","Pummel","Clothesline"],"picked":"SKIP","floor":12.0},{"not_picked":["Sword Boomerang","Wild Strike"],"picked":"Heavy Blade","floor":14.0},{"not_picked":["Fiend Fire","Berserk"],"picked":"Offering","floor":16.0},{"not_picked":["Heavy Blade","True Grit"],"picked":"Seeing Red","floor":18.0}],"player_experience":1243958,"relics_obtained":[{"floor":7.0,"key":"Bird Faced Urn"},{"floor":9.0,"key":"Bottled Lightning"},{"floor":10.0,"key":"Letter Opener"}],"event_choices":[{"damage_healed":0.0,"max_hp_gain":0.0,"max_hp_loss":0.0,"gold_gain":275.0,"event_name":"Golden Shrine","player_choice":"Desecrate","floor":2.0,"gold_loss":0.0,"damage_taken":0.0,"cards_obtained":["Regret"]},{"damage_healed":0.0,"max_hp_gain":0.0,"max_hp_loss":0.0,"gold_gain":0.0,"event_name":"Golden Idol","player_choice":"Take Wound","floor":5.0,"gold_loss":0.0,"damage_taken":0.0,"relics_obtained":["Golden Idol"],"cards_obtained":["Injury"]},{"damage_healed":0.0,"max_hp_gain":5.0,"max_hp_loss":0.0,"gold_gain":0.0,"event_name":"Big Fish","player_choice":"Donut","floor":8.0,"gold_loss":0.0,"damage_taken":0.0},{"damage_healed":0,"gold_gain":0,"player_choice":"Paid Fearfully","damage_taken":0,"max_hp_gain":0,"max_hp_loss":0,"event_name":"Masked Bandits","floor":19,"gold_loss":319}],"is_beta":false,"boss_relics":[{"not_picked":["Coffee Dripper","Runic Dome"],"picked":"Runic Cube"}],"items_purged_floors":[],"is_endless":false,"potions_floor_spawned":[1,11,14],"killed_by":"Spheric Guardian","ascension_level":20}