{"gold_per_floor":[111,124,124,104,50,85,85,103,128,157,157,185,197,209,209,286,286,302,315,329,348,348,348,358,28,55,55,72,105,140,65,65,140,140,157,169,179,179,198,198,226,241,241,251,151,168,168,168,168,168],"floor_reached":50,"playtime":2474,"items_purged":["Defend_G","Bullet Time"],"score":934,"play_id":"f4c1ed56-d396-440d-a69a-0366ad24b9a1","local_time":"20181215172902","is_ascension_mode":true,"campfire_choices":[{"floor":7,"key":"RECALL"},{"data":"Finisher","floor":11,"key":"SMITH"},{"data":"Endless Agony","floor":15,"key":"SMITH"},{"floor":23,"key":"REST"},{"data":"Endless Agony","floor":27,"key":"SMITH"},{"data":"Wraith Form v2","floor":32,"key":"SMITH"},{"data":"Cloak And Dagger","floor":40,"key":"SMITH"},{"data":"Tactician","floor":47,"key":"SMITH"},{"data":"Sucker Punch","floor":49,"key":"SMITH"}],"neow_cost":"NONE","seed_source_timestamp":163750306485947,"circlet_count":0,"master_deck":["AscendersBane","Defend_G","Defend_G+1","Defend_G","Defend_G","Strike_G","Strike_G","Strike_G","Strike_G","Survivor","Neutralize","Finisher+1","Finisher+1","Underhanded Strike","Quick Slash","Flying Knee","Tools of the Trade","Sucker Punch+1","Endless Agony+1","Acrobatics","Wraith Form v2+1","Blade Dance+1","Endless Agony+1","Cloak And Dagger+1","Cloak And Dagger+1","Calculated Gamble","Terror","Tactician+1"],"relics":["Ring of the Snake","NeowsBlessing","Bag of Marbles","Happy Flower","Gremlin Horn","Pantograph","WristBlade","MutagenicStrength","Kunai","Lantern","Red Mask","Mercury Hourglass","Busted Crown","Anchor"],"potions_floor_usage":[10,12,16,24,30,33,37,39,50],"damage_taken":[{"damage":0,"enemies":"Small Slimes","floor":1,"turns":1},{"damage":0,"enemies":"Jaw Worm","floor":2,"turns":1},{"damage":0,"enemies":"3 Sentries","floor":6,"turns":1},{"damage":0,"enemies":"Cultist","floor":8,"turns":2},{"damage":5,"enemies":"Lagavulin","floor":10,"turns":5},{"damage":2,"enemies":"3 Sentries","floor":12,"turns":5},{"damage":0,"enemies":"Gremlin Gang","floor":13,"turns":1},{"damage":0,"enemies":"2 Fungi Beasts","floor":14,"turns":2},{"damage":47,"enemies":"Slime Boss","floor":16,"turns":9},{"damage":8,"enemies":"3 Byrds","floor":18,"turns":4},{"damage":1,"enemies":"Spheric Guardian","floor":19,"turns":4},{"damage":18,"enemies":"Snake Plant","floor":20,"turns":4},{"damage":12,"enemies":"Snecko","floor":21,"turns":4},{"damage":1,"enemies":"Sentry and Sphere","floor":24,"turns":3},{"damage":0,"enemies":"Centurion and Healer","floor":28,"turns":1},{"damage":0,"enemies":"Masked Bandits","floor":29,"turns":2},{"damage":0,"enemies":"Book of Stabbing","floor":30,"turns":1},{"damage":50,"enemies":"Champ","floor":33,"turns":7},{"damage":0,"enemies":"Orb Walker","floor":35,"turns":2},{"damage":0,"enemies":"3 Darklings","floor":36,"turns":2},{"damage":0,"enemies":"Writhing Mass","floor":37,"turns":1},{"damage":3,"enemies":"Transient","floor":39,"turns":5},{"damage":3,"enemies":"Nemesis","floor":41,"turns":5},{"damage":0,"enemies":"3 Darklings","floor":42,"turns":1},{"damage":0,"enemies":"Jaw Worm Horde","floor":44,"turns":1},{"damage":11,"enemies":"Transient","floor":46,"turns":5},{"damage":66,"enemies":"Time Eater","floor":50,"turns":9}],"seed_played":"6854436854570718756","potions_obtained":[{"floor":1,"key":"PowerPotion"},{"floor":4,"key":"Poison Potion"},{"floor":6,"key":"SkillPotion"},{"floor":10,"key":"Weak Potion"},{"floor":18,"key":"LiquidBronze"},{"floor":20,"key":"SteroidPotion"},{"floor":21,"key":"Fire Potion"},{"floor":30,"key":"PowerPotion"},{"floor":33,"key":"AttackPotion"},{"floor":35,"key":"Dexterity Potion"},{"floor":37,"key":"Swift Potion"},{"floor":41,"key":"Ancient Potion"}],"is_trial":false,"path_per_floor":["M","M","?","?","$","E","R","M","T","E","R","E","M","M","R","B",null,"M","M","M","M","?","R","M","$","T","R","M","?","E","?","R","B",null,"M","M","M","?","M","R","E","M","T","M","$","M","R","?","R","B"],"character_chosen":"THE_SILENT","items_purchased":["Underhanded Strike","Kunai"],"campfire_rested":1,"item_purchase_floors":[5,25],"current_hp_per_floor":[63,63,49,49,49,49,49,49,49,44,44,42,42,42,42,20,58,50,49,31,19,19,40,39,39,39,39,39,39,39,39,39,14,56,56,56,56,56,53,53,50,50,50,50,50,39,39,39,39,0],"gold":168,"neow_bonus":"THREE_ENEMY_KILL","is_prod":false,"is_daily":false,"chose_seed":false,"campfire_upgraded":7,"win_rate":0,"timestamp":1544912942,"path_taken":["M","M","?","?","$","E","R","M","T","E","R","E","?","M","R","BOSS","M","?","?","M","?","R","M","$","T","R","M","?","E","?","R","BOSS","M","M","M","?","?","R","E","M","T","?","$","M","R","?","R","BOSS"],"build_version":"2018-12-13","purchased_purges":2,"victory":false,"max_hp_per_floor":[70,70,70,70,70,70,70,70,70,70,70,70,70,70,70,70,70,70,70,70,70,70,70,70,70,70,70,70,70,70,70,70,70,70,70,70,70,70,70,70,70,70,70,70,70,70,70,70,70,70],"card_choices":[{"not_picked":["Setup","Outmaneuver"],"picked":"Finisher","floor":1},{"not_picked":["Escape Plan","Reflex"],"picked":"Finisher","floor":2},{"not_picked":["Bane","Footwork"],"picked":"Quick Slash","floor":6},{"not_picked":["Acrobatics","Poisoned Stab"],"picked":"Flying Knee","floor":8},{"not_picked":["Acrobatics","Reflex"],"picked":"Tools of the Trade","floor":10},{"not_picked":["Outmaneuver","Deflect"],"picked":"Sucker Punch","floor":12},{"not_picked":["Dash","Eviscerate"],"picked":"Endless Agony","floor":13},{"not_picked":["Deflect","Backflip"],"picked":"Acrobatics","floor":14},{"not_picked":["Burst","Night Terror"],"picked":"Wraith Form v2","floor":16},{"not_picked":["Underhanded Strike","Leg Sweep","Predator"],"picked":"SKIP","floor":18},{"not_picked":["Prepared","PiercingWail"],"picked":"Blade Dance+1","floor":19},{"not_picked":["Well Laid Plans","Reflex"],"picked":"Endless Agony","floor":20},{"not_picked":["Prepared","Sucker Punch","Finisher"],"picked":"SKIP","floor":21},{"not_picked":["Dagger Throw","Underhanded Strike"],"picked":"Cloak And Dagger+1","floor":24},{"not_picked":["Prepared","Quick Slash"],"picked":"Cloak And Dagger","floor":28},{"not_picked":["Crippling Poison","Bane"],"picked":"Calculated Gamble","floor":29},{"not_picked":["Flying Knee+1","Quick Slash","Deflect"],"picked":"SKIP","floor":30},{"not_picked":[],"picked":"Terror","floor":35},{"not_picked":["Cloak And Dagger"],"picked":"SKIP","floor":36},{"not_picked":["Dodge and Roll"],"picked":"SKIP","floor":37},{"not_picked":["Sucker Punch"],"picked":"SKIP","floor":39},{"not_picked":[],"picked":"Tactician","floor":41},{"not_picked":["Quick Slash"],"picked":"SKIP","floor":42},{"not_picked":["Dash"],"picked":"SKIP","floor":44},{"not_picked":["Poisoned Stab"],"picked":"SKIP","floor":46}],"player_experience":870044,"relics_obtained":[{"floor":6,"key":"Bag of Marbles"},{"floor":9,"key":"Happy Flower"},{"floor":10,"key":"Gremlin Horn"},{"floor":12,"key":"Pantograph"},{"floor":26,"key":"Lantern"},{"floor":29,"key":"Red Mask"},{"floor":30,"key":"Mercury Hourglass"},{"floor":41,"key":"Anchor"}],"event_choices":[{"damage_healed":0,"gold_gain":0,"player_choice":"Entered Light","damage_taken":14,"max_hp_gain":0,"max_hp_loss":0,"event_name":"Shining Light","floor":3,"gold_loss":0,"cards_upgraded":["Defend_G","Finisher"]},{"damage_healed":0,"gold_gain":0,"player_choice":"Bought 1 Potion","damage_taken":0,"max_hp_gain":0,"max_hp_loss":0,"event_name":"The Woman in Blue","floor":4,"gold_loss":0},{"damage_healed":0,"gold_gain":0,"player_choice":"Inject Mutagens","damage_taken":0,"relics_obtained":["MutagenicStrength"],"max_hp_gain":0,"max_hp_loss":0,"event_name":"Drug Dealer","floor":22,"gold_loss":0},{"damage_healed":0,"gold_gain":0,"player_choice":"Fought Bandits","damage_taken":0,"max_hp_gain":0,"max_hp_loss":0,"event_name":"Masked Bandits","floor":29,"gold_loss":0},{"cards_removed":["Strike_G"],"damage_healed":0,"gold_gain":0,"player_choice":"Gave Gold","damage_taken":0,"max_hp_gain":0,"max_hp_loss":0,"event_name":"Beggar","floor":31,"gold_loss":75},{"damage_healed":0,"gold_gain":0,"player_choice":"1 cards matched","damage_taken":0,"max_hp_gain":0,"max_hp_loss":0,"event_name":"Match and Keep!","floor":38,"gold_loss":0,"cards_obtained":["Bullet Time"]},{"damage_healed":0,"gold_gain":0,"player_choice":"1 cards matched","damage_taken":0,"max_hp_gain":0,"max_hp_loss":0,"event_name":"Match and Keep!","floor":38,"gold_loss":0,"cards_obtained":["Bullet Time"]},{"damage_healed":0,"gold_gain":0,"player_choice":"Memory 1","damage_taken":0,"max_hp_gain":0,"max_hp_loss":0,"event_name":"SensoryStone","floor":48,"gold_loss":0}],"is_beta":false,"boss_relics":[{"not_picked":["Runic Pyramid","Velvet Choker"],"picked":"WristBlade"},{"not_picked":["Calling Bell","Lizard Tail"],"picked":"Busted Crown"}],"items_purged_floors":[25,45],"is_endless":false,"potions_floor_spawned":[1,6,10,18,20,21,30,33,35,37,41,42,46],"killed_by":"Time Eater","ascension_level":13}