{"gold_per_floor":[109,121,131,146,164,164,193,193,220,231,250,266,266,298,298,398,398,418,436,456,158,158],"floor_reached":22,"playtime":1314,"items_purged":["Strike_G"],"score":352,"play_id":"4b07cfbb-a1be-4242-8dd1-ac75a639bffb","local_time":"20181201230855","is_ascension_mode":true,"campfire_choices":[{"data":"Underhanded Strike","floor":6,"key":"SMITH"},{"data":"Dagger Throw","floor":8,"key":"SMITH"},{"data":"1","floor":15,"key":"LIFT"}],"neow_cost":"TEN_PERCENT_HP_LOSS","seed_source_timestamp":87010922752602,"circlet_count":0,"master_deck":["AscendersBane","Defend_G","Defend_G","Defend_G","Defend_G","Defend_G","Strike_G","Strike_G","Strike_G","Strike_G","Survivor","Neutralize","Violence","Secret Technique","Backstab","Bouncing Flask","Underhanded Strike+1","Prepared","Dagger Throw+1","Skewer","Heel Hook","Setup","Crippling Poison","Glass Knife","Sucker Punch","Outmaneuver+1","PiercingWail"],"relics":["Ring of the Snake","Girya","Strawberry","Bag of Marbles","Eternal Feather","ClockworkSouvenir"],"potions_floor_usage":[5,7,14,20],"damage_taken":[{"damage":0,"enemies":"Cultist","floor":1,"turns":4},{"damage":0,"enemies":"2 Louse","floor":2,"turns":2},{"damage":0,"enemies":"Small Slimes","floor":3,"turns":3},{"damage":4,"enemies":"Blue Slaver","floor":4,"turns":4},{"damage":4,"enemies":"3 Louse","floor":5,"turns":4},{"damage":0,"enemies":"Gremlin Nob","floor":7,"turns":3},{"damage":0,"enemies":"Looter","floor":10,"turns":2},{"damage":9,"enemies":"Exordium Wildlife","floor":11,"turns":3},{"damage":0,"enemies":"Gremlin Gang","floor":12,"turns":3},{"damage":11,"enemies":"Lagavulin","floor":14,"turns":5},{"damage":37,"enemies":"Slime Boss","floor":16,"turns":11},{"damage":10,"enemies":"Spheric Guardian","floor":18,"turns":4},{"damage":3,"enemies":"Chosen","floor":19,"turns":4},{"damage":37,"enemies":"Shelled Parasite and Fungi","floor":20,"turns":6},{"damage":8,"enemies":"Snake Plant","floor":22,"turns":1}],"seed_played":"-4751554600084135498","potions_obtained":[{"floor":2,"key":"SkillPotion"},{"floor":3,"key":"EssenceOfSteel"},{"floor":4,"key":"Swift Potion"},{"floor":7,"key":"EssenceOfSteel"},{"floor":16,"key":"Fire Potion"},{"floor":20,"key":"SpeedPotion"}],"is_trial":false,"path_per_floor":["M","M","M","M","M","R","E","R","T","M","M","M","?","E","R","B",null,"M","M","M","$","M"],"character_chosen":"THE_SILENT","items_purchased":["ClockworkSouvenir","PiercingWail"],"campfire_rested":0,"item_purchase_floors":[21,21],"current_hp_per_floor":[63,63,63,59,55,55,55,55,62,62,53,53,53,42,42,5,54,44,41,4,4,0],"gold":158,"neow_bonus":"RANDOM_COLORLESS_2","is_prod":false,"is_daily":false,"chose_seed":false,"campfire_upgraded":2,"win_rate":0,"timestamp":1543723735,"path_taken":["M","M","M","M","M","R","E","R","T","M","M","M","?","E","R","BOSS","M","M","?","$","?"],"build_version":"2018-11-15","purchased_purges":1,"victory":false,"max_hp_per_floor":[63,63,63,63,63,63,63,63,70,70,70,70,70,70,70,70,70,70,70,70,70,70],"card_choices":[{"not_picked":["Expertise","Deflect"],"picked":"Backstab","floor":1},{"not_picked":["Bane","Outmaneuver"],"picked":"Bouncing Flask","floor":2},{"not_picked":["PiercingWail","Prepared"],"picked":"Underhanded Strike","floor":3},{"not_picked":["Dash","After Image"],"picked":"Prepared","floor":4},{"not_picked":["Prepared","Deadly Poison"],"picked":"Dagger Throw","floor":5},{"not_picked":["Bane","Venomology","Dash"],"picked":"SKIP","floor":7},{"not_picked":["Prepared","PiercingWail"],"picked":"Skewer","floor":10},{"not_picked":["Dagger Throw","Underhanded Strike"],"picked":"Heel Hook","floor":11},{"not_picked":["Catalyst","Distraction"],"picked":"Setup","floor":12},{"not_picked":["Acrobatics","Slice","Blade Dance"],"picked":"SKIP","floor":14},{"not_picked":["Doppelganger","After Image"],"picked":"Glass Knife","floor":16},{"not_picked":["All Out Attack","Dagger Throw+1","Slice"],"picked":"SKIP","floor":18},{"not_picked":["Bouncing Flask","Acrobatics"],"picked":"Sucker Punch","floor":19},{"not_picked":["Acrobatics+1","PiercingWail"],"picked":"Outmaneuver+1","floor":20}],"player_experience":747065,"relics_obtained":[{"floor":7,"key":"Girya"},{"floor":9,"key":"Strawberry"},{"floor":14,"key":"Bag of Marbles"}],"event_choices":[{"damage_healed":0,"gold_gain":0,"player_choice":"1 cards matched","damage_taken":0,"max_hp_gain":0,"max_hp_loss":0,"event_name":"Match and Keep!","floor":13,"gold_loss":0,"cards_obtained":["Crippling Poison"]}],"is_beta":false,"boss_relics":[{"not_picked":["White Beast Statue","Ring of the Serpent"],"picked":"Eternal Feather"}],"items_purged_floors":[21],"is_endless":false,"potions_floor_spawned":[2,3,4,7,16,20],"killed_by":"Snake Plant","ascension_level":11}