{"gold_per_floor":[11,26,44,44,44,44,69,69,94,106,118,129,139,139,139,139],"floor_reached":16,"playtime":1188,"items_purged":[],"score":125,"play_id":"e55b13c0-1895-4f50-b9c6-5e6f530f3f54","local_time":"20190910000832","is_ascension_mode":true,"campfire_choices":[{"floor":6,"key":"REST"},{"floor":8,"key":"REST"},{"floor":15,"key":"REST"}],"neow_cost":"NO_GOLD","seed_source_timestamp":480116650822200,"circlet_count":0,"master_deck":["Strike_B","Strike_B","Strike_B","Strike_B","Defend_B","Defend_B","Defend_B","Defend_B","Zap","Dualcast","Defragment","Fusion","Glacier+1","FTL","Scrape","Capacitor","Rip and Tear","Cold Snap"],"relics":["Cracked Core","Du-Vu Doll","Blood Vial","Letter Opener"],"potions_floor_usage":[7,12,16,16],"damage_taken":[{"damage":10,"enemies":"2 Louse","floor":1,"turns":4},{"damage":6,"enemies":"Jaw Worm","floor":2,"turns":5},{"damage":9,"enemies":"Cultist","floor":3,"turns":5},{"damage":66,"enemies":"Gremlin Nob","floor":7,"turns":9},{"damage":9,"enemies":"Large Slime","floor":10,"turns":7},{"damage":6,"enemies":"Looter","floor":11,"turns":3},{"damage":3,"enemies":"2 Fungi Beasts","floor":12,"turns":5},{"damage":3,"enemies":"Blue Slaver","floor":13,"turns":4},{"damage":39,"enemies":"Slime Boss","floor":16,"turns":10}],"seed_played":"-5164155170814593229","potions_obtained":[{"floor":1,"key":"SkillPotion"},{"floor":3,"key":"SteroidPotion"},{"floor":11,"key":"Poison Potion"},{"floor":13,"key":"Poison Potion"}],"is_trial":false,"path_per_floor":["M","M","M","?","$","R","E","R","T","M","M","M","M","T","R","B"],"character_chosen":"DEFECT","items_purchased":[],"campfire_rested":3,"item_purchase_floors":[],"current_hp_per_floor":[65,59,50,50,50,72,6,28,28,21,17,16,15,15,37,0],"gold":139,"neow_bonus":"ONE_RARE_RELIC","is_prod":false,"is_daily":false,"chose_seed":false,"campfire_upgraded":0,"win_rate":0,"timestamp":1568092112,"path_taken":["M","M","M","?","?","R","E","R","T","M","M","M","M","?","R","BOSS"],"build_version":"2019-07-17","purchased_purges":0,"victory":false,"max_hp_per_floor":[75,75,75,75,75,75,75,75,75,75,75,75,75,75,75,75],"card_choices":[{"not_picked":["Loop","Undo"],"picked":"Defragment","floor":1},{"not_picked":["Streamline","Beam Cell"],"picked":"Fusion","floor":2},{"not_picked":["Barrage","Coolheaded"],"picked":"Glacier","floor":3},{"not_picked":["Rebound","Leap"],"picked":"FTL","floor":7},{"not_picked":["Beam Cell","Recycle"],"picked":"Scrape","floor":10},{"not_picked":["Turbo","Sweeping Beam"],"picked":"Capacitor","floor":11},{"not_picked":["Streamline","Redo"],"picked":"Rip and Tear","floor":12},{"not_picked":["Conserve Battery","Sweeping Beam"],"picked":"Cold Snap","floor":13}],"player_experience":319611,"relics_obtained":[{"floor":7,"key":"Blood Vial"},{"floor":14,"key":"Letter Opener"}],"event_choices":[{"damage_healed":0,"gold_gain":0,"player_choice":"Grow","damage_taken":0,"max_hp_gain":0,"max_hp_loss":0,"event_name":"Living Wall","floor":4,"gold_loss":0,"cards_upgraded":["Glacier"]}],"is_beta":false,"boss_relics":[],"items_purged_floors":[],"is_endless":false,"potions_floor_spawned":[1,3,11,13],"killed_by":"Slime Boss","ascension_level":4}