{"gold_per_floor":[112,112,112,131,131,158,174,174,197,215,5,5,5,24,24,122,122,122,122,122,122,122,122,122,122,122,122,122,122,122,122,122,122,122,122,122,122,122,122,122,122,122,122,122,122,122,122],"floor_reached":47,"playtime":2344,"items_purged":[],"score":704,"play_id":"227bab5b-45c4-41f2-8c79-4e272d1fef93","local_time":"20190310215331","is_ascension_mode":true,"campfire_choices":[{"data":"Consume","floor":12,"key":"SMITH"},{"data":"Darkness","floor":15,"key":"SMITH"},{"data":"Multi-Cast","floor":23,"key":"SMITH"},{"data":"Hologram","floor":27,"key":"SMITH"},{"data":"Redo","floor":30,"key":"SMITH"},{"floor":32,"key":"REST"},{"data":"Sunder","floor":40,"key":"SMITH"},{"floor":42,"key":"REST"},{"data":"Biased Cognition","floor":44,"key":"SMITH"}],"neow_cost":"NONE","seed_source_timestamp":2246406519617899,"circlet_count":0,"master_deck":["Strike_B+1","Defend_B","Defend_B","Defend_B","Defend_B","Zap","Dualcast","Go for the Eyes+1","Sunder+1","Darkness+1","Consume+1","Cold Snap","Hologram+1","Multi-Cast+1","Leap","Loop+1","Steam","Rebound+1","Redo+1","Biased Cognition+1","Conserve Battery","The Bomb"],"relics":["Cracked Core","NeowsBlessing","Bag of Preparation","Thread and Needle","Whetstone","ClockworkSouvenir","Ectoplasm","Bottled Tornado","Potion Belt","Pear","Nilry\u0027s Codex","Peace Pipe","Pantograph","Philosopher\u0027s Stone","Art of War","Omamori"],"potions_floor_usage":[18,25,31,31,31,46],"damage_taken":[{"damage":0,"enemies":"Jaw Worm","floor":1,"turns":1},{"damage":0,"enemies":"Small Slimes","floor":4,"turns":1},{"damage":0,"enemies":"3 Sentries","floor":6,"turns":1},{"damage":0,"enemies":"Cultist","floor":7,"turns":2},{"damage":10,"enemies":"2 Fungi Beasts","floor":10,"turns":3},{"damage":0,"enemies":"Lots of Slimes","floor":14,"turns":3},{"damage":8,"enemies":"The Guardian","floor":16,"turns":8},{"damage":0,"enemies":"Spheric Guardian","floor":18,"turns":3},{"damage":9,"enemies":"Shell Parasite","floor":21,"turns":5},{"damage":13,"enemies":"3 Cultists","floor":22,"turns":6},{"damage":9,"enemies":"Book of Stabbing","floor":24,"turns":4},{"damage":1,"enemies":"Snake Plant","floor":25,"turns":3},{"damage":4,"enemies":"Gremlin Leader","floor":28,"turns":5},{"damage":10,"enemies":"Colosseum Slavers","floor":31,"turns":5},{"damage":30,"enemies":"Colosseum Nobs","floor":31,"turns":4},{"damage":26,"enemies":"Collector","floor":33,"turns":3},{"damage":4,"enemies":"3 Shapes","floor":35,"turns":3},{"damage":20,"enemies":"3 Darklings","floor":36,"turns":6},{"damage":0,"enemies":"4 Shapes","floor":38,"turns":6},{"damage":23,"enemies":"Nemesis","floor":41,"turns":5},{"damage":21,"enemies":"Maw","floor":45,"turns":6},{"damage":8,"enemies":"Spire Growth","floor":46,"turns":5},{"damage":41,"enemies":"Transient","floor":47,"turns":5}],"seed_played":"-2042550619692341302","potions_obtained":[{"floor":10,"key":"Energy Potion"},{"floor":13,"key":"Fire Potion"},{"floor":13,"key":"EssenceOfSteel"},{"floor":14,"key":"Regen Potion"},{"floor":18,"key":"Energy Potion"},{"floor":25,"key":"Dexterity Potion"},{"floor":28,"key":"Regen Potion"},{"floor":33,"key":"AttackPotion"},{"floor":36,"key":"Fire Potion"},{"floor":45,"key":"Fruit Juice"}],"is_trial":false,"path_per_floor":["M","?","?","M","?","E","M","?","T","M","$","R","?","M","R","B",null,"M","?","$","M","M","R","E","M","T","R","E","?","R","?","R","B",null,"M","M","?","M","?","R","E","R","T","R","M","M","M"],"character_chosen":"DEFECT","items_purchased":["ClockworkSouvenir"],"campfire_rested":2,"item_purchase_floors":[11],"current_hp_per_floor":[75,75,68,68,65,65,65,65,65,55,55,55,55,55,55,47,68,68,68,68,59,46,46,37,45,45,45,51,35,35,7,32,31,72,68,48,43,43,43,43,20,45,45,45,24,21,0],"gold":122,"neow_bonus":"THREE_ENEMY_KILL","is_prod":false,"is_daily":false,"chose_seed":false,"campfire_upgraded":7,"win_rate":0,"timestamp":1552280011,"path_taken":["M","?","?","M","?","E","M","?","T","?","$","R","?","?","R","BOSS","M","?","$","M","M","R","E","M","T","R","E","?","R","?","R","BOSS","M","M","?","M","?","R","E","R","T","R","M","M","?"],"build_version":"2019-01-23","purchased_purges":0,"victory":false,"max_hp_per_floor":[75,75,75,75,75,75,75,75,75,75,75,75,75,75,75,75,75,75,75,75,75,75,75,75,75,75,75,85,85,85,85,85,85,85,85,85,85,85,85,85,85,85,85,85,85,90,90],"card_choices":[{"not_picked":["Rebound","Streamline"],"picked":"Go for the Eyes","floor":1},{"not_picked":["Blizzard","Force Field"],"picked":"Sunder","floor":4},{"not_picked":["Redo","Fusion"],"picked":"Darkness","floor":6},{"not_picked":["Doom and Gloom","Rebound","Reprogram"],"picked":"SKIP","floor":7},{"not_picked":["Sweeping Beam","Hologram"],"picked":"Cold Snap","floor":10},{"not_picked":["Leap","Barrage"],"picked":"Hologram","floor":14},{"not_picked":["Machine Learning","Buffer"],"picked":"Multi-Cast","floor":16},{"not_picked":["Hologram+1","Beam Cell"],"picked":"Leap","floor":18},{"not_picked":["Skim","Ball Lightning"],"picked":"Loop+1","floor":21},{"not_picked":["Genetic Algorithm","Fission"],"picked":"Steam","floor":22},{"not_picked":["Static Discharge","Storm+1"],"picked":"Rebound+1","floor":24},{"not_picked":["Go for the Eyes+1","Cold Snap"],"picked":"Redo","floor":25},{"not_picked":["Gash","Sweeping Beam+1"],"picked":"Biased Cognition","floor":28},{"not_picked":["Sweeping Beam","Static Discharge+1"],"picked":"Conserve Battery","floor":35},{"not_picked":["Skim","Steam","Rip and Tear+1"],"picked":"SKIP","floor":36},{"not_picked":["Swift Strike","Impatience"],"picked":"The Bomb","floor":37},{"not_picked":["Undo","Stack","Coolheaded"],"picked":"SKIP","floor":38},{"not_picked":["Storm+1","Electrodynamics","Redo"],"picked":"SKIP","floor":41},{"not_picked":["Sweeping Beam","Rip and Tear","Barrage+1"],"picked":"SKIP","floor":45},{"not_picked":["Cold Snap","Rebound","Leap"],"picked":"SKIP","floor":46}],"player_experience":239088,"relics_obtained":[{"floor":6,"key":"Thread and Needle"},{"floor":9,"key":"Whetstone"},{"floor":24,"key":"Bottled Tornado"},{"floor":26,"key":"Potion Belt"},{"floor":28,"key":"Pear"},{"floor":29,"key":"Nilry\u0027s Codex"},{"floor":31,"key":"Peace Pipe"},{"floor":31,"key":"Pantograph"},{"floor":41,"key":"Art of War"},{"floor":43,"key":"Omamori"}],"event_choices":[{"damage_healed":0,"gold_gain":0,"player_choice":"Ignored","damage_taken":0,"max_hp_gain":0,"max_hp_loss":0,"event_name":"Liars Game","floor":2,"gold_loss":0},{"cards_removed":["Strike_B"],"damage_healed":0,"gold_gain":0,"player_choice":"Card Removal","damage_taken":7,"max_hp_gain":0,"max_hp_loss":0,"event_name":"Golden Wing","floor":3,"gold_loss":0},{"damage_healed":0,"gold_gain":0,"player_choice":"Success","damage_taken":3,"relics_obtained":["Bag of Preparation"],"max_hp_gain":0,"max_hp_loss":0,"event_name":"Scrap Ooze","floor":5,"gold_loss":0},{"damage_healed":0,"gold_gain":0,"cards_transformed":["Strike_B"],"player_choice":"Transformed","damage_taken":0,"max_hp_gain":0,"max_hp_loss":0,"event_name":"Transmorgrifier","floor":8,"gold_loss":0,"cards_obtained":["Consume"]},{"damage_healed":0,"gold_gain":0,"player_choice":"Got Potions","damage_taken":0,"max_hp_gain":0,"max_hp_loss":0,"event_name":"Lab","floor":13,"gold_loss":0},{"damage_healed":0,"gold_gain":0,"player_choice":"Ignored","damage_taken":0,"max_hp_gain":0,"max_hp_loss":0,"event_name":"Ghosts","floor":19,"gold_loss":0},{"damage_healed":0,"gold_gain":0,"player_choice":"Obtained Book","damage_taken":16,"max_hp_gain":0,"max_hp_loss":0,"event_name":"Cursed Tome","floor":29,"gold_loss":0},{"damage_healed":0,"gold_gain":0,"player_choice":"Fight","damage_taken":0,"max_hp_gain":0,"max_hp_loss":0,"event_name":"Colosseum","floor":31,"gold_loss":0},{"damage_healed":0,"gold_gain":0,"player_choice":"Fought Nobs","damage_taken":0,"max_hp_gain":0,"max_hp_loss":0,"event_name":"Colosseum","floor":31,"gold_loss":0},{"damage_healed":0,"gold_gain":0,"player_choice":"Memory 2","damage_taken":5,"max_hp_gain":0,"max_hp_loss":0,"event_name":"SensoryStone","floor":37,"gold_loss":0},{"cards_removed":["Strike_B"],"damage_healed":0,"gold_gain":0,"player_choice":"Purged","damage_taken":0,"max_hp_gain":0,"max_hp_loss":0,"event_name":"Purifier","floor":39,"gold_loss":0}],"is_beta":false,"boss_relics":[{"not_picked":["Fusion Hammer","Runic Dome"],"picked":"Ectoplasm"},{"not_picked":["Coffee Dripper","Tiny House"],"picked":"Philosopher\u0027s Stone"}],"items_purged_floors":[],"is_endless":false,"potions_floor_spawned":[10,14,18,21,25,28,33,36,45],"killed_by":"Transient","ascension_level":5}