{"path_per_floor":["M","$","M","M","M","E","M","R","T","E","M","R","M","E","R"],"character_chosen":"THE_SILENT","items_purchased":["Caltrops"],"gold_per_floor":[112,74,92,112,124,154,165,165,165,196,211,211,222,250,250],"floor_reached":16,"campfire_rested":2,"playtime":1231,"current_hp_per_floor":[70,70,69,69,51,39,37,58,58,42,38,38,36,33,54],"items_purged":[],"gold":250,"score":124,"play_id":"0f7ec875-54c9-4f53-a0cc-784abf826f91","local_time":"20180320015425","is_prod":false,"is_daily":false,"is_ascension_mode":false,"campfire_upgraded":1,"timestamp":1521525265,"path_taken":["M","$","M","M","M","E","M","R","T","E","M","R","M","E","R","BOSS"],"build_version":"2018-03-15v3","purchased_purges":0,"victory":false,"master_deck":["Defend_G","Defend_G","Defend_G","Defend_G","Defend_G","Strike_G","Strike_G","Strike_G","Strike_G","Strike_G+1","Survivor+1","Neutralize","Deadly Poison","Caltrops","Backflip","Poisoned Stab+1","Quick Slash+1","Flying Knee","Slice","Bane","Outmaneuver","Bane","Poisoned Stab"],"max_hp_per_floor":[70,70,70,70,70,70,70,70,70,70,70,70,70,70,70],"relics":["Ring of the Snake","Ornamental Fan","Letter Opener","Bottled Flame","Whetstone"],"card_choices":[{"not_picked":["Dagger Spray","Dodge and Roll"],"picked":"Deadly Poison"},{"not_picked":["Prepared","Dagger Throw"],"picked":"Backflip"},{"not_picked":["Calculated Gamble","All Out Attack"],"picked":"Poisoned Stab"},{"not_picked":["Acrobatics","Underhanded Strike"],"picked":"Quick Slash"},{"not_picked":["Heel Hook","A Thousand Cuts"],"picked":"Flying Knee"},{"not_picked":["Acrobatics","Deflect"],"picked":"Slice"},{"not_picked":["Outmaneuver","Blade Dance"],"picked":"Bane"},{"not_picked":["Acrobatics","Burst"],"picked":"Outmaneuver"},{"not_picked":["Deadly Poison","PiercingWail"],"picked":"Bane"},{"not_picked":["Prepared","Underhanded Strike"],"picked":"Poisoned Stab"}],"player_experience":16147,"potions_floor_usage":[6,10,14,14,16],"damage_taken":[{"damage":0,"enemies":"Small Slimes","floor":1,"turns":5},{"damage":1,"enemies":"Cultist","floor":3,"turns":4},{"damage":0,"enemies":"Jaw Worm","floor":4,"turns":5},{"damage":18,"enemies":"Gremlin Gang","floor":5,"turns":6},{"damage":12,"enemies":"3 Sentries","floor":6,"turns":9},{"damage":2,"enemies":"Large Slime","floor":7,"turns":7},{"damage":16,"enemies":"Gremlin Nob","floor":10,"turns":4},{"damage":4,"enemies":"2 Fungi Beasts","floor":11,"turns":3},{"damage":2,"enemies":"3 Louse","floor":13,"turns":3},{"damage":3,"enemies":"3 Sentries","floor":14,"turns":5},{"damage":59,"enemies":"Slime Boss","floor":16,"turns":9}],"event_choices":[],"boss_relics":[],"potions_floor_spawned":[3,5,10,13,14],"seed_played":"-3859797740176057941","killed_by":"Slime Boss","ascension_level":0,"is_trial":false}