{"gold_per_floor":[115,130,80,80,95,95,123,123,123,138,138,155,8,34,34,113,113,113,113,113,113],"floor_reached":21,"playtime":1194,"items_purged":[],"score":315,"play_id":"81aadae6-d7ff-494f-a891-f60df4d4f9c7","local_time":"20190705035918","is_ascension_mode":true,"campfire_choices":[{"data":"Double Tap","floor":6,"key":"SMITH"},{"data":"Spot Weakness","floor":8,"key":"SMITH"},{"floor":11,"key":"REST"},{"data":"Uppercut","floor":15,"key":"SMITH"}],"neow_cost":"NONE","seed_source_timestamp":25714693065464,"circlet_count":0,"master_deck":["AscendersBane","Strike_R","Strike_R","Strike_R","Defend_R","Defend_R","Defend_R","Defend_R","Bash","Double Tap+1","Feel No Pain","Whirlwind","Juggernaut","Pommel Strike","Spot Weakness+1","Iron Wave","Uppercut+1","Blood for Blood","Demon Form","Metallicize","Heavy Blade","Sword Boomerang"],"relics":["Burning Blood","Magic Flower","Blue Candle","Art of War","Ectoplasm"],"potions_floor_usage":[7,14,14],"damage_taken":[{"damage":8,"enemies":"Jaw Worm","floor":1,"turns":4},{"damage":4,"enemies":"2 Louse","floor":2,"turns":4},{"damage":6,"enemies":"Cultist","floor":5,"turns":4},{"damage":47,"enemies":"Lagavulin","floor":7,"turns":7},{"damage":15,"enemies":"2 Fungi Beasts","floor":10,"turns":3},{"damage":9,"enemies":"Gremlin Gang","floor":12,"turns":2},{"damage":30,"enemies":"3 Sentries","floor":14,"turns":5},{"damage":38,"enemies":"Hexaghost","floor":16,"turns":10},{"damage":27,"enemies":"Spheric Guardian","floor":18,"turns":5},{"damage":19,"enemies":"3 Byrds","floor":19,"turns":4},{"damage":21,"enemies":"Snecko","floor":20,"turns":4},{"damage":27,"enemies":"Snake Plant","floor":21,"turns":2}],"seed_played":"-9124847460785977080","potions_obtained":[{"floor":1,"key":"EssenceOfSteel"},{"floor":12,"key":"Strength Potion"},{"floor":16,"key":"SmokeBomb"}],"is_trial":false,"path_per_floor":["M","M","?","?","M","R","E","R","T","M","R","M","$","E","R","B",null,"M","M","M","M"],"character_chosen":"IRONCLAD","items_purchased":["BloodPotion","Uppercut"],"campfire_rested":1,"item_purchase_floors":[13,13],"current_hp_per_floor":[70,72,72,72,72,72,31,31,31,25,49,49,49,58,58,29,67,49,39,27,0],"gold":113,"neow_bonus":"TRANSFORM_CARD","is_prod":false,"is_daily":false,"chose_seed":false,"campfire_upgraded":3,"win_rate":0,"timestamp":1562263158,"path_taken":["M","M","?","?","M","R","E","R","T","M","R","M","$","E","R","BOSS","M","?","M","M"],"build_version":"2019-07-01","purchased_purges":0,"victory":false,"max_hp_per_floor":[80,80,80,80,80,80,80,80,80,80,80,80,80,80,80,80,80,80,80,80,80],"card_choices":[{"not_picked":["Metallicize","Clash"],"picked":"Feel No Pain","floor":1},{"not_picked":["Warcry","Shrug It Off"],"picked":"Whirlwind","floor":2},{"not_picked":["Armaments","Anger"],"picked":"Pommel Strike","floor":5},{"not_picked":["Uppercut","Disarm"],"picked":"Spot Weakness","floor":7},{"not_picked":["True Grit","Body Slam"],"picked":"Iron Wave","floor":10},{"not_picked":["Perfected Strike","Whirlwind","Havoc"],"picked":"SKIP","floor":12},{"not_picked":["Twin Strike","Warcry"],"picked":"Blood for Blood","floor":14},{"not_picked":["Berserk","Impervious"],"picked":"Demon Form","floor":16},{"not_picked":["Pommel Strike+1","Shrug It Off"],"picked":"Metallicize","floor":18},{"not_picked":["Fire Breathing+1","Armaments"],"picked":"Heavy Blade","floor":19},{"not_picked":["Heavy Blade","Bloodletting"],"picked":"Sword Boomerang","floor":20}],"player_experience":934738,"relics_obtained":[{"floor":7,"key":"Magic Flower"},{"floor":9,"key":"Blue Candle"},{"floor":14,"key":"Art of War"}],"event_choices":[{"cards_removed":["Strike_R"],"damage_healed":0,"gold_gain":0,"player_choice":"Card Removal","damage_taken":0,"max_hp_gain":0,"max_hp_loss":0,"event_name":"The Cleric","floor":3,"gold_loss":50},{"damage_healed":0,"gold_gain":0,"player_choice":"1 cards matched","damage_taken":0,"max_hp_gain":0,"max_hp_loss":0,"event_name":"Match and Keep!","floor":4,"gold_loss":0,"cards_obtained":["Juggernaut"]}],"is_beta":false,"boss_relics":[{"not_picked":["Runic Dome","Velvet Choker"],"picked":"Ectoplasm"}],"items_purged_floors":[],"is_endless":false,"potions_floor_spawned":[1,12,16],"killed_by":"Snake Plant","ascension_level":13}