{"path_per_floor":["M","$","?","M","M","E","R","M","T","M","M","R","E","M","R","B",null,"M","M","$","?","M","E","R","?","T","M","E","M","R","M","R","B",null,"M","M","?","?","$","E"],"character_chosen":"IRONCLAD","items_purchased":["War Paint","Rampage","Shovel"],"gold_per_floor":[109,34,34,47,59,93,93,108,108,120,133,133,166,183,183,288,288,304,321,97,97,107,138,138,138,138,148,174,191,191,204,204,300,300,317,328,328,428,133,164,164],"floor_reached":41,"campfire_rested":4,"playtime":2337,"current_hp_per_floor":[65,65,58,54,59,12,33,25,25,23,26,47,50,55,55,25,72,65,58,58,58,40,23,47,47,47,54,24,28,52,45,45,29,82,71,69,69,69,69,53,0],"items_purged":["Strike_R"],"gold":164,"score":523,"play_id":"9de6f6c1-c36c-4806-b852-6a41d2663214","local_time":"20180328010501","is_prod":false,"is_daily":false,"is_ascension_mode":true,"campfire_upgraded":2,"timestamp":1522213501,"path_taken":["M","$","?","M","M","E","R","?","T","M","M","R","E","M","R","BOSS","M","?","$","?","M","E","R","?","T","M","E","M","R","?","R","BOSS","M","M","?","?","$","E","?"],"build_version":"2018-03-22v2","purchased_purges":1,"victory":false,"master_deck":["Bash","Anger","Anger","Metallicize+1","Pommel Strike+1","True Grit+1","Iron Wave","True Grit","Reaper","Body Slam","Cleave","Inflame+1","True Grit+1","Flex","Clothesline+1","Rampage+1","Heavy Blade+1","Cleave+1","Writhe","Twin Strike+1","Shockwave+1","Impervious+1","Clothesline+1","Barricade+1","Evolve+1","Shrug It Off+1","Dual Wield+1"],"max_hp_per_floor":[72,72,72,72,72,72,72,72,72,72,72,72,72,72,72,72,72,72,72,72,72,72,82,82,82,82,82,82,82,82,82,82,82,82,82,82,82,82,82,82,82],"relics":["Burning Blood","Frozen Egg 2","Pantograph","Pen Nib","Pandora\u0027s Box","War Paint","Pear","Matryoshka","Orichalcum","Mummified Hand","Bottled Lightning","Black Star","Shovel","Prayer Wheel","Happy Flower"],"card_choices":[{"not_picked":["Twin Strike","True Grit"],"picked":"Anger","floor":1},{"not_picked":["Flex","Pummel"],"picked":"Anger","floor":5},{"not_picked":["Anger","Rupture"],"picked":"Metallicize","floor":6},{"not_picked":["Combust","Bludgeon"],"picked":"Pommel Strike","floor":8},{"not_picked":["Havoc","Combust"],"picked":"True Grit","floor":10},{"not_picked":["Sever Soul","Warcry"],"picked":"Iron Wave","floor":13},{"not_picked":["Juggernaut","Disarm"],"picked":"True Grit","floor":14},{"not_picked":["Exhume","Limit Break"],"picked":"Reaper","floor":16},{"not_picked":["Searing Blow","Ghostly Armor"],"picked":"Clothesline","floor":19},{"not_picked":["Perfected Strike","Searing Blow"],"picked":"Heavy Blade","floor":22},{"not_picked":["Rupture","Metallicize"],"picked":"Cleave","floor":23},{"not_picked":["Corruption","Perfected Strike"],"picked":"Twin Strike","floor":27},{"not_picked":["Pummel","True Grit"],"picked":"Shockwave","floor":28},{"not_picked":["Clash","Iron Wave"],"picked":"Impervious","floor":29},{"not_picked":["Sever Soul","Perfected Strike"],"picked":"Clothesline","floor":31},{"not_picked":["Exhume","Limit Break"],"picked":"Barricade","floor":33},{"not_picked":["Body Slam","Perfected Strike"],"picked":"Evolve","floor":35},{"not_picked":["Entrench","Rupture"],"picked":"Shrug It Off","floor":36},{"not_picked":["Immolate","Perfected Strike"],"picked":"Dual Wield","floor":40}],"player_experience":141366,"potions_floor_usage":[13,16,16,16,23,28,31,40,41,41,41],"damage_taken":[{"damage":13,"enemies":"Jaw Worm","floor":1,"turns":5},{"damage":10,"enemies":"2 Louse","floor":4,"turns":4},{"damage":1,"enemies":"Cultist","floor":5,"turns":3},{"damage":53,"enemies":"Lagavulin","floor":6,"turns":8},{"damage":14,"enemies":"Lots of Slimes","floor":8,"turns":6},{"damage":8,"enemies":"Blue Slaver","floor":10,"turns":4},{"damage":3,"enemies":"Red Slaver","floor":11,"turns":3},{"damage":3,"enemies":"3 Sentries","floor":13,"turns":7},{"damage":1,"enemies":"2 Fungi Beasts","floor":14,"turns":3},{"damage":68,"enemies":"Hexaghost","floor":16,"turns":13},{"damage":13,"enemies":"Chosen","floor":18,"turns":5},{"damage":13,"enemies":"Spheric Guardian","floor":19,"turns":4},{"damage":24,"enemies":"Snake Plant","floor":22,"turns":4},{"damage":47,"enemies":"Slavers","floor":23,"turns":5},{"damage":6,"enemies":"Centurion and Healer","floor":27,"turns":4},{"damage":48,"enemies":"Gremlin Leader","floor":28,"turns":4},{"damage":6,"enemies":"Snecko","floor":29,"turns":4},{"damage":13,"enemies":"Snake Plant","floor":31,"turns":5},{"damage":47,"enemies":"Automaton","floor":33,"turns":10},{"damage":30,"enemies":"3 Darklings","floor":35,"turns":5},{"damage":15,"enemies":"Orb Walker","floor":36,"turns":6},{"damage":64,"enemies":"2 Orb Walkers","floor":40,"turns":5},{"damage":59,"enemies":"Sphere and 2 Shapes","floor":41,"turns":5}],"event_choices":[{"event_name":"Golden Wing","player_choice":"Card Removal","floor":3,"damage_taken":0},{"event_name":"Accursed Blacksmith","player_choice":"Forge","floor":21,"damage_taken":0},{"event_name":"The Mausoleum","player_choice":"Yes","floor":25,"damage_taken":0},{"event_name":"The Lab","player_choice":"Got Potions","floor":37,"damage_taken":0},{"event_name":"Golden Shrine","player_choice":"Pray","floor":38,"damage_taken":0}],"boss_relics":[{"not_picked":["Velvet Choker","Eternal Feather"],"picked":"Pandora\u0027s Box"},{"not_picked":["Tiny House","Runic Dome"],"picked":"Black Star"}],"potions_floor_spawned":[5,8,10,14,16,22,28,29,31,36,40],"seed_played":"8925312504414887212","killed_by":"Sphere and 2 Shapes","ascension_level":2,"is_trial":false}