{"gold_per_floor":[15,32,32,55,71,71,86,86,86,105,105,121,142,158,158,283,283,297,222,206,226,25,25,49,49,49,67,67,86,86,99,99,99],"floor_reached":33,"playtime":2233,"items_purged":["Writhe"],"score":321,"play_id":"f70533dd-88f0-4a05-9122-f0a3bdfe3c3b","local_time":"20180726123208","is_ascension_mode":true,"campfire_choices":[{"data":"Havoc","floor":6,"key":"SMITH"},{"floor":8,"key":"REST"},{"data":"Blood for Blood","floor":11,"key":"SMITH"},{"data":"Armaments","floor":15,"key":"SMITH"},{"data":"Thunderclap","floor":23,"key":"SMITH"},{"floor":25,"key":"REST"},{"data":"Blood for Blood","floor":28,"key":"SMITH"},{"data":"Iron Wave","floor":30,"key":"SMITH"},{"floor":32,"key":"REST"}],"neow_cost":"NO_GOLD","seed_source_timestamp":1270529837552199,"circlet_count":0,"master_deck":["Strike_R","Strike_R","Strike_R","Strike_R","Defend_R","Defend_R","Defend_R","Bash","Blood for Blood+1","Disarm","Pommel Strike","Shrug It Off","Havoc+1","Thunderclap+1","Bloodletting","Impervious","Armaments+1","Warcry","Double Tap","Injury","Disarm+1","True Grit+1","Cleave+1","Exhume","Blood for Blood+1","Iron Wave+1","Clash+1"],"relics":["Burning Blood","Golden Idol","Smiling Mask","Calling Bell","Orichalcum","Kunai","Unceasing Top","Turnip"],"potions_floor_usage":[7,20,24,24,31,33,33,33,33,33],"damage_taken":[{"damage":5,"enemies":"Small Slimes","floor":1,"turns":3},{"damage":14,"enemies":"Jaw Worm","floor":2,"turns":4},{"damage":4,"enemies":"2 Louse","floor":4,"turns":4},{"damage":8,"enemies":"Looter","floor":5,"turns":4},{"damage":7,"enemies":"Gremlin Gang","floor":7,"turns":4},{"damage":12,"enemies":"3 Louse","floor":10,"turns":3},{"damage":8,"enemies":"Blue Slaver","floor":12,"turns":3},{"damage":0,"enemies":"2 Fungi Beasts","floor":13,"turns":4},{"damage":15,"enemies":"Lots of Slimes","floor":14,"turns":4},{"damage":17,"enemies":"Hexaghost","floor":16,"turns":9},{"damage":23,"enemies":"3 Byrds","floor":18,"turns":9},{"damage":14,"enemies":"2 Thieves","floor":20,"turns":4},{"damage":12,"enemies":"Snake Plant","floor":21,"turns":7},{"damage":6,"enemies":"Snecko","floor":24,"turns":7},{"damage":21,"enemies":"Centurion and Healer","floor":27,"turns":10},{"damage":31,"enemies":"Snake Plant","floor":29,"turns":4},{"damage":22,"enemies":"Sentry and Sphere","floor":31,"turns":5},{"damage":60,"enemies":"Champ","floor":33,"turns":14}],"seed_played":"-3082650897111490821","potions_obtained":[{"floor":2,"key":"Fire Potion"},{"floor":4,"key":"Block Potion"},{"floor":10,"key":"BloodPotion"},{"floor":20,"key":"EssenceOfSteel"},{"floor":21,"key":"EntropicBrew"},{"floor":27,"key":"AttackPotion"},{"floor":31,"key":"SneckoOil"}],"is_trial":false,"path_per_floor":["M","M","?","M","M","R","M","R","T","M","R","M","M","M","R","B",null,"M","?","M","M","$","R","M","R","T","M","R","M","R","M","R"],"character_chosen":"IRONCLAD","items_purchased":["Exhume"],"campfire_rested":3,"item_purchase_floors":[22],"current_hp_per_floor":[73,65,45,47,45,45,44,68,68,62,62,60,66,57,57,46,72,55,55,47,41,41,41,49,73,73,58,58,33,33,17,41,0],"gold":99,"neow_bonus":"TRANSFORM_TWO_CARDS","is_prod":false,"is_daily":false,"chose_seed":false,"campfire_upgraded":6,"win_rate":0,"timestamp":1532622728,"path_taken":["M","M","?","M","M","R","M","R","T","M","R","M","M","M","R","BOSS","M","?","M","M","$","R","M","R","T","M","R","M","R","M","R","BOSS"],"build_version":"2018-07-19v2","purchased_purges":1,"victory":false,"max_hp_per_floor":[80,80,80,80,80,80,80,80,80,80,80,80,80,80,80,80,80,80,80,80,80,80,80,80,80,80,80,80,80,80,80,80,80],"card_choices":[{"not_picked":["Dropkick","Power Through"],"picked":"Pommel Strike","floor":1},{"not_picked":["Perfected Strike","Wild Strike"],"picked":"Shrug It Off","floor":2},{"not_picked":["Heavy Blade","Flex"],"picked":"Havoc","floor":4},{"not_picked":["Cleave","Combust"],"picked":"Thunderclap","floor":5},{"not_picked":["Twin Strike","Evolve"],"picked":"Bloodletting","floor":7},{"not_picked":["Disarm","Pommel Strike","Power Through"],"picked":"SKIP","floor":10},{"not_picked":["Flex","Shrug It Off"],"picked":"Impervious","floor":12},{"not_picked":["Shrug It Off","Seeing Red"],"picked":"Armaments","floor":13},{"not_picked":["Sword Boomerang","Pommel Strike"],"picked":"Warcry","floor":14},{"not_picked":["Demon Form","Exhume"],"picked":"Double Tap","floor":16},{"not_picked":["Perfected Strike+1","Wild Strike"],"picked":"Disarm+1","floor":18},{"not_picked":["Hemokinesis","Seeing Red+1"],"picked":"True Grit+1","floor":20},{"not_picked":["Disarm+1","Warcry"],"picked":"Cleave+1","floor":21},{"not_picked":["Shrug It Off","Rampage","Burning Pact"],"picked":"SKIP","floor":24},{"not_picked":["Disarm+1","Flex+1"],"picked":"Blood for Blood","floor":27},{"not_picked":["Thunderclap+1","Feed"],"picked":"Iron Wave","floor":29},{"not_picked":["Heavy Blade","True Grit"],"picked":"Clash+1","floor":31}],"player_experience":318555,"relics_obtained":[{"floor":9,"key":"Smiling Mask"},{"floor":17,"key":"Orichalcum"},{"floor":17,"key":"Kunai"},{"floor":17,"key":"Unceasing Top"},{"floor":26,"key":"Turnip"}],"event_choices":[{"event_name":"Golden Idol","player_choice":"Take Damage","floor":3,"damage_taken":0},{"event_name":"Beggar","player_choice":"Gave Gold","floor":19,"damage_taken":0}],"is_beta":false,"boss_relics":[{"not_picked":["Pandora\u0027s Box","Mark of Pain"],"picked":"Calling Bell"}],"items_purged_floors":[22],"is_endless":false,"potions_floor_spawned":[2,4,10,20,21,27,31],"killed_by":"Champ","ascension_level":6}