{"gold_per_floor":[212,224,238,253,253,25,25,58,85,85,102,102,130,130,130,207,207,224,2,2,2,22,50,78,123,135,62,74],"floor_reached":28,"playtime":2202,"items_purged":["Strike_G"],"score":532,"play_id":"bcc45079-c17f-4752-893e-f34dc0239f43","local_time":"20190506055024","is_ascension_mode":true,"campfire_choices":[{"data":"Neutralize","floor":7,"key":"SMITH"},{"data":"Noxious Fumes","floor":10,"key":"SMITH"},{"data":"Dash","floor":12,"key":"SMITH"},{"floor":15,"key":"REST"}],"neow_cost":"NONE","seed_source_timestamp":1019116654969499,"circlet_count":0,"master_deck":["AscendersBane","Defend_G","Defend_G","Defend_G","Defend_G","Defend_G","Strike_G","Strike_G","Survivor","Neutralize+1","Quick Slash","Noxious Fumes+1","Slice","Well Laid Plans","Storm of Steel","Dash+1","Predator","Adrenaline","Backflip","Crippling Poison","Dagger Spray+1","Dodge and Roll","Pain"],"relics":["Ring of the Snake","Sling","Oddly Smooth Stone","Smiling Mask","Bag of Preparation","Cursed Key","Blood Vial","MawBank","Potion Belt","Paper Crane","Orichalcum"],"potions_floor_usage":[4,4,13,23,24,25],"damage_taken":[{"damage":4,"enemies":"Cultist","floor":1,"turns":6},{"damage":0,"enemies":"Small Slimes","floor":2,"turns":4},{"damage":1,"enemies":"2 Louse","floor":3,"turns":3},{"damage":11,"enemies":"Exordium Thugs","floor":4,"turns":5},{"damage":12,"enemies":"Lagavulin","floor":8,"turns":6},{"damage":0,"enemies":"Large Slime","floor":11,"turns":6},{"damage":8,"enemies":"Gremlin Nob","floor":13,"turns":4},{"damage":12,"enemies":"The Guardian","floor":16,"turns":11},{"damage":3,"enemies":"Shell Parasite","floor":18,"turns":6},{"damage":0,"enemies":"2 Thieves","floor":22,"turns":4},{"damage":17,"enemies":"Gremlin Leader","floor":23,"turns":6},{"damage":4,"enemies":"Cultist and Chosen","floor":24,"turns":5},{"damage":28,"enemies":"Book of Stabbing","floor":25,"turns":5},{"damage":12,"enemies":"Snake Plant","floor":28,"turns":5}],"seed_played":"-4144456407575561577","potions_obtained":[{"floor":1,"key":"Poison Potion"},{"floor":3,"key":"FearPotion"},{"floor":11,"key":"Ancient Potion"},{"floor":16,"key":"FearPotion"},{"floor":23,"key":"Ancient Potion"},{"floor":24,"key":"Strength Potion"}],"is_trial":false,"path_per_floor":["M","M","M","M","?","$","R","E","T","R","M","R","E","?","R","B",null,"M","$","?","$","M","E","M","E","T","?","M"],"character_chosen":"THE_SILENT","items_purchased":["Sling","Blood Vial"],"campfire_rested":1,"item_purchase_floors":[6,19],"current_hp_per_floor":[55,55,54,43,36,36,36,24,24,24,24,24,16,5,24,12,53,50,50,50,50,52,37,35,9,9,9,0],"gold":74,"neow_bonus":"HUNDRED_GOLD","is_prod":false,"is_daily":false,"chose_seed":false,"campfire_upgraded":3,"win_rate":0,"timestamp":1557136224,"path_taken":["M","M","M","?","?","$","R","E","T","R","M","R","E","?","R","BOSS","M","$","?","?","M","E","M","E","T","?","M"],"build_version":"2019-01-23","purchased_purges":1,"victory":false,"max_hp_per_floor":[66,66,66,66,66,66,66,66,66,66,66,66,66,66,66,66,66,66,66,66,66,66,66,66,66,66,66,66],"card_choices":[{"not_picked":["Escape Plan","Prepared"],"picked":"Quick Slash","floor":1},{"not_picked":["Dodge and Roll","Backflip"],"picked":"Noxious Fumes","floor":2},{"not_picked":["Calculated Gamble","Backflip"],"picked":"Slice","floor":3},{"not_picked":["Terror","Eviscerate"],"picked":"Well Laid Plans","floor":4},{"not_picked":["Concentrate","Expertise"],"picked":"Storm of Steel","floor":8},{"not_picked":["Flying Knee","Poisoned Stab"],"picked":"Dash","floor":11},{"not_picked":["Accuracy","Acrobatics"],"picked":"Predator","floor":13},{"not_picked":["Night Terror","Glass Knife"],"picked":"Adrenaline","floor":16},{"not_picked":["Expertise","Deadly Poison"],"picked":"Backflip","floor":18},{"not_picked":["Quick Slash","Bane"],"picked":"Crippling Poison","floor":22},{"not_picked":["Sucker Punch","All Out Attack"],"picked":"Dagger Spray+1","floor":23},{"not_picked":["Underhanded Strike","Infinite Blades","Dash"],"picked":"SKIP","floor":24},{"not_picked":["Outmaneuver","Poisoned Stab"],"picked":"Dodge and Roll","floor":25}],"player_experience":1447308,"relics_obtained":[{"floor":8,"key":"Oddly Smooth Stone"},{"floor":9,"key":"Smiling Mask"},{"floor":13,"key":"Bag of Preparation"},{"floor":23,"key":"MawBank"},{"floor":25,"key":"Potion Belt"},{"floor":26,"key":"Paper Crane"}],"event_choices":[{"cards_removed":["Strike_G"],"damage_healed":0,"gold_gain":0,"player_choice":"Card Removal","damage_taken":7,"max_hp_gain":0,"max_hp_loss":0,"event_name":"Golden Wing","floor":5,"gold_loss":0},{"damage_healed":0,"gold_gain":0,"player_choice":"Fled","damage_taken":11,"max_hp_gain":0,"max_hp_loss":0,"event_name":"Scrap Ooze","floor":14,"gold_loss":0},{"cards_removed":["Strike_G"],"damage_healed":0,"gold_gain":0,"player_choice":"Offered Basic","damage_taken":0,"max_hp_gain":0,"max_hp_loss":0,"event_name":"Bonfire Elementals","floor":20,"gold_loss":0},{"damage_healed":0,"gold_gain":0,"player_choice":"Obtained Relic","damage_taken":0,"relics_obtained":["Orichalcum"],"max_hp_gain":0,"max_hp_loss":0,"event_name":"Addict","floor":27,"gold_loss":85}],"is_beta":false,"boss_relics":[{"not_picked":["Runic Dome","Astrolabe"],"picked":"Cursed Key"}],"items_purged_floors":[19],"is_endless":false,"potions_floor_spawned":[1,3,11,16,23,24],"killed_by":"Snake Plant","ascension_level":20}