{"gold_per_floor":[114,126,143,153,171,171,187,187,187,187,200,219,144,161,161,161],"floor_reached":16,"playtime":668,"items_purged":["Strike_R"],"score":173,"play_id":"0bc4e6f8-49ab-4b14-8598-05516f4638f3","local_time":"20181202161615","is_ascension_mode":true,"campfire_choices":[{"floor":6,"key":"REST"},{"floor":10,"key":"REST"},{"floor":15,"key":"REST"}],"neow_cost":"TEN_PERCENT_HP_LOSS","seed_source_timestamp":149298359073464,"circlet_count":0,"master_deck":["AscendersBane","Strike_R","Strike_R","Strike_R","Defend_R","Defend_R","Defend_R","Bash","Sword Boomerang","Searing Blow","Armaments","Seeing Red","Dual Wield","Rampage"],"relics":["Burning Blood","Boot"],"potions_floor_usage":[4,8,8,12,14],"damage_taken":[{"damage":1,"enemies":"Cultist","floor":1,"turns":3},{"damage":7,"enemies":"Jaw Worm","floor":2,"turns":3},{"damage":8,"enemies":"2 Louse","floor":3,"turns":4},{"damage":45,"enemies":"Gremlin Gang","floor":4,"turns":5},{"damage":6,"enemies":"Blue Slaver","floor":5,"turns":5},{"damage":11,"enemies":"Looter","floor":7,"turns":4},{"damage":34,"enemies":"3 Sentries","floor":8,"turns":6},{"damage":2,"enemies":"3 Louse","floor":11,"turns":3},{"damage":14,"enemies":"Exordium Thugs","floor":12,"turns":4},{"damage":17,"enemies":"Exordium Wildlife","floor":14,"turns":3},{"damage":46,"enemies":"Hexaghost","floor":16,"turns":9}],"seed_played":"2412709536258723607","potions_obtained":[{"floor":1,"key":"Strength Potion"},{"floor":4,"key":"SteroidPotion"},{"floor":5,"key":"SmokeBomb"},{"floor":11,"key":"Block Potion"},{"floor":12,"key":"Swift Potion"}],"is_trial":false,"path_per_floor":["M","M","M","M","M","R","M","E","T","R","M","M","$","M","R","B"],"character_chosen":"IRONCLAD","items_purchased":[],"campfire_rested":3,"item_purchase_floors":[],"current_hp_per_floor":[72,71,69,30,30,51,46,18,18,39,43,35,35,24,45,0],"gold":161,"neow_bonus":"REMOVE_TWO","is_prod":false,"is_daily":false,"chose_seed":false,"campfire_upgraded":0,"win_rate":0,"timestamp":1543785375,"path_taken":["M","M","M","M","M","R","M","E","T","R","M","M","$","M","R","BOSS"],"build_version":"2018-11-15","purchased_purges":1,"victory":false,"max_hp_per_floor":[72,72,72,72,72,72,72,72,72,72,72,72,72,72,72,72],"card_choices":[{"not_picked":["Hemokinesis","Sentinel"],"picked":"Sword Boomerang","floor":1},{"not_picked":["Clash","Iron Wave"],"picked":"Searing Blow","floor":2},{"not_picked":["Feel No Pain","Clothesline"],"picked":"Armaments","floor":3},{"not_picked":["Fiend Fire","Searing Blow","Pommel Strike"],"picked":"SKIP","floor":4},{"not_picked":["Iron Wave","Spot Weakness"],"picked":"Seeing Red","floor":5},{"not_picked":["Burning Pact","Shrug It Off"],"picked":"Dual Wield","floor":7},{"not_picked":["Inflame","Iron Wave","Clash"],"picked":"SKIP","floor":11},{"not_picked":["Sword Boomerang","Fire Breathing","Clothesline"],"picked":"SKIP","floor":12},{"not_picked":["Anger","Exhume"],"picked":"Rampage","floor":14}],"player_experience":757564,"relics_obtained":[{"floor":9,"key":"Boot"}],"event_choices":[],"is_beta":false,"boss_relics":[],"items_purged_floors":[13],"is_endless":false,"potions_floor_spawned":[1,4,5,11,12],"killed_by":"Hexaghost","ascension_level":12}