{"gold_per_floor":[111,186,336,336,5,40,40,10,64,64,75,89,6,6,6,99,99,112,32,32,32,32,32,32],"floor_reached":24,"playtime":1062,"items_purged":[],"score":382,"play_id":"3651eeef-88c9-4aa9-a1d6-b36feb536aca","local_time":"20190825113146","is_ascension_mode":true,"campfire_choices":[{"floor":7.0,"key":"REST"},{"data":"Demon Form","floor":10.0,"key":"SMITH"},{"data":"Evolve","floor":15.0,"key":"SMITH"},{"data":"Shockwave","floor":23,"key":"SMITH"}],"neow_cost":"NONE","seed_source_timestamp":0,"circlet_count":0,"master_deck":["AscendersBane","Defend_R","Defend_R","Defend_R","Defend_R","Bash","Headbutt","Heavy Blade","Demon Form+1","Clothesline","Carnage","Cleave","Evolve+1","Injury","Impervious","Pommel Strike","Shockwave+1","Shame","Bite","Bite","Bite","Bite","Bite"],"special_seed":0,"relics":["Black Blood","Centennial Puzzle","Question Card","Kunai","PreservedInsect","Golden Idol","Sundial"],"potions_floor_usage":[19],"damage_taken":[{"damage":14.0,"enemies":"Jaw Worm","floor":1.0,"turns":3.0},{"damage":8.0,"enemies":"Gremlin Nob","floor":6.0,"turns":3.0},{"damage":16.0,"enemies":"Small Slimes","floor":11.0,"turns":3.0},{"damage":0.0,"enemies":"Cultist","floor":12.0,"turns":3.0},{"damage":28.0,"enemies":"Slime Boss","floor":16.0,"turns":7.0},{"damage":52.0,"enemies":"Shell Parasite","floor":18.0,"turns":7.0},{"damage":17,"enemies":"2 Thieves","floor":19,"turns":4},{"damage":38,"enemies":"Snake Plant","floor":24,"turns":4}],"seed_played":"9128228577215975894","potions_obtained":[{"floor":1.0,"key":"Energy Potion"},{"floor":6.0,"key":"Explosive Potion"},{"floor":11.0,"key":"GamblersBrew"}],"is_trial":false,"path_per_floor":["M","?","?","?","$","E","R","$","T","R","M","M","$","?","R","B",null,"M","M","?","?","?","R","M"],"character_chosen":"IRONCLAD","items_purchased":["Question Card","Heavy Blade","Clothesline","Evolve"],"campfire_rested":1,"item_purchase_floors":[5,5,8,13],"current_hp_per_floor":[60,49,49,49,49,47,69,69,69,69,59,65,65,65,65,43,67,25,18,18,33,33,33,0],"gold":32,"neow_bonus":"RANDOM_COMMON_RELIC","is_prod":false,"is_daily":false,"chose_seed":false,"campfire_upgraded":3,"win_rate":0,"timestamp":1566696706,"path_taken":["M","?","?","?","$","E","R","$","T","R","M","?","$","?","R","BOSS","M","M","?","?","?","R","M"],"build_version":"2019-07-17","purchased_purges":0,"victory":false,"max_hp_per_floor":[75,75,75,75,75,75,75,75,75,75,75,75,75,75,75,75,75,75,75,75,75,52,52,52],"card_choices":[{"not_picked":["Bloodletting","Wild Strike"],"picked":"Headbutt","floor":1.0},{"not_picked":["Infernal Blade","Uppercut","Shrug It Off"],"picked":"Demon Form","floor":6.0},{"not_picked":["Headbutt","Wild Strike","Clash"],"picked":"Carnage","floor":11.0},{"not_picked":["True Grit","Rupture","Clothesline"],"picked":"Cleave","floor":12.0},{"not_picked":["Juggernaut","Exhume","Reaper"],"picked":"Impervious","floor":16.0},{"not_picked":["Havoc","Twin Strike","Perfected Strike"],"picked":"Pommel Strike","floor":18},{"not_picked":["True Grit","Warcry","Second Wind+1"],"picked":"Shockwave","floor":19}],"player_experience":1215069,"relics_obtained":[{"floor":6.0,"key":"Kunai"},{"floor":9.0,"key":"PreservedInsect"}],"event_choices":[{"damage_healed":0.0,"max_hp_gain":0.0,"max_hp_loss":0.0,"gold_gain":75.0,"event_name":"World of Goop","player_choice":"Gather Gold","floor":2.0,"gold_loss":0.0,"damage_taken":11.0},{"damage_healed":0.0,"max_hp_gain":0.0,"max_hp_loss":0.0,"gold_gain":150.0,"event_name":"Liars Game","player_choice":"AGREE","floor":3.0,"gold_loss":0.0,"damage_taken":0.0,"cards_obtained":["Doubt"]},{"cards_removed":["Doubt"],"damage_healed":0.0,"max_hp_gain":0.0,"max_hp_loss":0.0,"gold_gain":0.0,"event_name":"Purifier","player_choice":"Purged","floor":4.0,"gold_loss":0.0,"damage_taken":0.0},{"damage_healed":0.0,"max_hp_gain":0.0,"max_hp_loss":0.0,"gold_gain":0.0,"event_name":"Golden Idol","player_choice":"Take Wound","floor":14.0,"gold_loss":0.0,"damage_taken":0.0,"relics_obtained":["Golden Idol"],"cards_obtained":["Injury"]},{"damage_healed":0,"gold_gain":0,"player_choice":"Stole Relic","damage_taken":0,"relics_obtained":["Sundial"],"max_hp_gain":0,"max_hp_loss":0,"event_name":"Addict","floor":20,"gold_loss":0,"cards_obtained":["Shame"]},{"damage_healed":15,"gold_gain":0,"player_choice":"Heal","damage_taken":0,"max_hp_gain":0,"max_hp_loss":0,"event_name":"The Library","floor":21,"gold_loss":0},{"damage_healed":0,"gold_gain":0,"player_choice":"Became a vampire","damage_taken":0,"max_hp_gain":0,"max_hp_loss":23,"event_name":"Vampires","floor":22,"gold_loss":0,"cards_obtained":["Bite","Bite","Bite","Bite","Bite"]}],"is_beta":false,"boss_relics":[{"not_picked":["Coffee Dripper","Lizard Tail"],"picked":"Black Blood"}],"items_purged_floors":[],"is_endless":false,"potions_floor_spawned":[1,6,11],"killed_by":"Snake Plant","ascension_level":18}