{"gold_per_floor":[409,409,166,191,366,366,382,396,396,429,67,87,87,102,102,202,202,222,232,245,245,245,245,255,255,281,281,281,306,126,137,137,236,236,255,51,31,47,64,64,91,91,91,123,0,100,120,146,146,146],"floor_reached":51,"playtime":5788,"items_purged":["Writhe","Decay"],"score":891,"play_id":"36fe9ca0-de58-4a80-882a-dd81c81e06fe","local_time":"20190520040305","is_ascension_mode":true,"campfire_choices":[{"data":"Zap","floor":6,"key":"SMITH"},{"floor":15,"key":"REST"},{"data":"Coolheaded","floor":23,"key":"SMITH"},{"data":"Double Energy","floor":25,"key":"SMITH"},{"data":"Biased Cognition","floor":27,"key":"SMITH"},{"data":"Redo","floor":32,"key":"SMITH"},{"data":"Static Discharge","floor":40,"key":"SMITH"},{"data":"Loop","floor":42,"key":"SMITH"},{"data":"Dualcast","floor":49,"key":"SMITH"}],"neow_cost":"CURSE","seed_source_timestamp":52888934041335,"circlet_count":0,"master_deck":["Defend_B","Defend_B","Defend_B","Defend_B","Zap+1","Dualcast+1","Conserve Battery","BootSequence","Loop+1","FTL","Coolheaded+1","Doom and Gloom+1","Genetic Algorithm+1","Sweeping Beam","Core Surge","Compile Driver","Creative AI","Biased Cognition+1","Cold Snap+1","Static Discharge+1","Bite","Bite","Bite","Bite","Clumsy","Metamorphosis","Double Energy+1","Defragment+1","Redo+1","Turbo","Echo Form+1","Go for the Eyes","Self Repair+1","Conserve Battery","Defragment+1","Ball Lightning+1","Reinforced Body+1","Aggregate+1","Multi-Cast"],"relics":["FrozenCore","Old Coin","Dodecahedron","Mango","Runic Capacitor","Eternal Feather","Orichalcum","Frozen Egg 2","Centennial Puzzle","Tiny Chest","Mummified Hand","Emotion Chip","Bottled Lightning","Red Mask","StoneCalendar","Whetstone"],"potions_floor_usage":[12,16,18,20,24,31,33,38],"damage_taken":[{"damage":0,"enemies":"Small Slimes","floor":1,"turns":2},{"damage":0,"enemies":"Cultist","floor":7,"turns":3},{"damage":0,"enemies":"2 Louse","floor":8,"turns":3},{"damage":21,"enemies":"Lagavulin","floor":10,"turns":6},{"damage":0,"enemies":"Exordium Thugs","floor":12,"turns":4},{"damage":0,"enemies":"2 Fungi Beasts","floor":14,"turns":2},{"damage":60,"enemies":"Hexaghost","floor":16,"turns":11},{"damage":11,"enemies":"Chosen","floor":18,"turns":6},{"damage":16,"enemies":"Spheric Guardian","floor":19,"turns":5},{"damage":8,"enemies":"Centurion and Healer","floor":20,"turns":6},{"damage":11,"enemies":"Shelled Parasite and Fungi","floor":24,"turns":5},{"damage":16,"enemies":"Snake Plant","floor":31,"turns":4},{"damage":69,"enemies":"Automaton","floor":33,"turns":8},{"damage":17,"enemies":"3 Shapes","floor":35,"turns":6},{"damage":12,"enemies":"Orb Walker","floor":38,"turns":7},{"damage":0,"enemies":"Maw","floor":39,"turns":10},{"damage":23,"enemies":"Nemesis","floor":41,"turns":7},{"damage":13,"enemies":"Reptomancer","floor":44,"turns":5},{"damage":0,"enemies":"Mind Bloom Boss Battle","floor":46,"turns":8},{"damage":7,"enemies":"Spire Growth","floor":47,"turns":6},{"damage":1,"enemies":"Time Eater","floor":50,"turns":12}],"seed_played":"6142458655804226716","potions_obtained":[{"floor":1,"key":"FearPotion"},{"floor":2,"key":"AttackPotion"},{"floor":2,"key":"Dexterity Potion"},{"floor":10,"key":"PowerPotion"},{"floor":12,"key":"Explosive Potion"},{"floor":16,"key":"EssenceOfSteel"},{"floor":19,"key":"SteroidPotion"},{"floor":20,"key":"Weak Potion"},{"floor":24,"key":"Fire Potion"},{"floor":38,"key":"LiquidBronze"},{"floor":39,"key":"FearPotion"},{"floor":47,"key":"EssenceOfSteel"}],"is_trial":false,"path_per_floor":["M","?","$","T","?","R","M","M","T","E","$","M","?","M","R","B",null,"M","M","M","?","?","R","M","R","T","R","?","T","$","M","R","B",null,"M","$","?","M","M","R","E","R","T","E","?","?","M","T","R","B",null],"character_chosen":"DEFECT","items_purchased":["BootSequence","Loop","FTL","Coolheaded","Core Surge","Runic Capacitor","Defragment+1","Redo","Self Repair+1","Conserve Battery"],"campfire_rested":1,"item_purchase_floors":[3,3,3,3,11,11,30,30,36,36],"current_hp_per_floor":[75,75,75,75,75,75,75,75,75,68,68,70,70,72,89,29,74,65,51,45,45,45,60,57,72,72,87,87,87,87,75,89,20,72,61,61,61,71,89,89,88,89,89,89,89,89,89,89,89,89],"gold":146,"neow_bonus":"ONE_RARE_RELIC","is_prod":false,"is_daily":false,"chose_seed":false,"campfire_upgraded":8,"win_rate":0,"timestamp":1558288985,"path_taken":["M","?","$","?","?","R","M","M","T","E","$","M","?","?","R","BOSS","M","M","M","?","?","R","M","R","T","R","?","?","$","M","R","BOSS","M","$","?","?","M","R","E","R","T","E","?","?","M","?","R","BOSS"],"build_version":"2019-01-23","purchased_purges":2,"victory":true,"max_hp_per_floor":[75,75,75,75,75,75,75,75,75,89,89,89,89,89,89,89,89,89,89,89,89,89,89,89,89,89,89,89,89,89,89,89,89,89,89,89,89,89,89,89,89,89,89,89,89,89,89,89,89,89],"card_choices":[{"not_picked":["Beam Cell","Turbo"],"picked":"Conserve Battery","floor":1},{"not_picked":["Loop","Coolheaded"],"picked":"Doom and Gloom","floor":7},{"not_picked":["Steam","White Noise"],"picked":"Genetic Algorithm","floor":8},{"not_picked":["Chaos","Ball Lightning"],"picked":"Sweeping Beam","floor":10},{"not_picked":["Ball Lightning","Coolheaded"],"picked":"Compile Driver","floor":12},{"not_picked":["Rebound","Reprogram"],"picked":"Creative AI","floor":14},{"not_picked":["Multi-Cast","Hyperbeam"],"picked":"Biased Cognition","floor":16},{"not_picked":["Steam","Steam Power"],"picked":"Cold Snap","floor":18},{"not_picked":["Conserve Battery+1","Streamline"],"picked":"Static Discharge","floor":19},{"not_picked":["Barrage","Loop","Beam Cell"],"picked":"SKIP","floor":20},{"not_picked":["Storm","Hello World"],"picked":"Double Energy","floor":24},{"not_picked":["Barrage+1","BootSequence"],"picked":"Turbo","floor":31},{"not_picked":["Seek","Electrodynamics+1"],"picked":"Echo Form+1","floor":33},{"not_picked":["Turbo","Melter"],"picked":"Go for the Eyes","floor":35},{"not_picked":["Lockon","Coolheaded"],"picked":"Defragment+1","floor":38},{"not_picked":["Go for the Eyes","BootSequence"],"picked":"Ball Lightning+1","floor":39},{"not_picked":["Coolheaded+1","Go for the Eyes+1"],"picked":"Reinforced Body+1","floor":41},{"not_picked":["Ball Lightning","Barrage"],"picked":"Aggregate+1","floor":44},{"not_picked":["Barrage","Rip and Tear"],"picked":"Multi-Cast","floor":46},{"not_picked":["Doom and Gloom","Chill","Aggregate+1"],"picked":"SKIP","floor":47}],"player_experience":668623,"relics_obtained":[{"floor":4,"key":"Blood Vial"},{"floor":9,"key":"Dodecahedron"},{"floor":10,"key":"Mango"},{"floor":26,"key":"Orichalcum"},{"floor":29,"key":"Centennial Puzzle"},{"floor":41,"key":"Mummified Hand"},{"floor":43,"key":"Emotion Chip"},{"floor":44,"key":"Bottled Lightning"},{"floor":46,"key":"StoneCalendar"},{"floor":48,"key":"Whetstone"}],"event_choices":[{"damage_healed":0,"gold_gain":0,"player_choice":"Got Potions","damage_taken":0,"max_hp_gain":0,"max_hp_loss":0,"event_name":"Lab","floor":2,"gold_loss":0},{"damage_healed":0,"gold_gain":175,"player_choice":"AGREE","damage_taken":0,"max_hp_gain":0,"max_hp_loss":0,"event_name":"Liars Game","floor":5,"gold_loss":0,"cards_obtained":["Doubt"]},{"damage_healed":0,"gold_gain":0,"player_choice":"Forge","damage_taken":0,"max_hp_gain":0,"max_hp_loss":0,"event_name":"Accursed Blacksmith","floor":13,"gold_loss":0,"cards_upgraded":["Genetic Algorithm"]},{"damage_healed":0,"gold_gain":0,"player_choice":"Became a vampire (Vial)","damage_taken":0,"max_hp_gain":0,"max_hp_loss":0,"event_name":"Vampires","floor":21,"relics_lost":["Blood Vial"],"gold_loss":0,"cards_obtained":["Bite","Bite","Bite","Bite","Bite"]},{"damage_healed":0,"gold_gain":0,"cards_transformed":["Doubt","Bite"],"player_choice":"Became Test Subject","damage_taken":0,"max_hp_gain":0,"max_hp_loss":0,"event_name":"Drug Dealer","floor":22,"gold_loss":0,"cards_obtained":["Clumsy","Metamorphosis"]},{"damage_healed":0,"gold_gain":0,"player_choice":"Opened","damage_taken":0,"relics_obtained":["Frozen Egg 2"],"max_hp_gain":0,"max_hp_loss":0,"event_name":"The Mausoleum","floor":28,"gold_loss":0,"cards_obtained":["Writhe"]},{"damage_healed":0,"gold_gain":0,"player_choice":"Paid Gold","damage_taken":0,"relics_obtained":["Tiny Chest"],"max_hp_gain":0,"max_hp_loss":0,"event_name":"WeMeetAgain","floor":37,"gold_loss":50},{"damage_healed":0,"gold_gain":0,"player_choice":"Paid","damage_taken":0,"relics_obtained":["Red Mask"],"max_hp_gain":0,"max_hp_loss":0,"event_name":"Tomb of Lord Red Mask","floor":45,"gold_loss":123},{"damage_healed":0,"gold_gain":0,"player_choice":"Fight","damage_taken":0,"max_hp_gain":0,"max_hp_loss":0,"event_name":"MindBloom","floor":46,"gold_loss":0}],"is_beta":false,"boss_relics":[{"not_picked":["Lizard Tail","Ectoplasm"],"picked":"Eternal Feather"},{"not_picked":["Inserter","Coffee Dripper"],"picked":"FrozenCore"}],"items_purged_floors":[30,36],"is_endless":false,"potions_floor_spawned":[1,8,10,12,16,19,20,24,38,39,47],"ascension_level":5}