{"gold_per_floor":[114,64,64,84,95,124,136,159,171,214,226,238,250,276,288,425,437,473,485,532,544,580,592,635,249,296,312,312,312,350,40,40,40],"floor_reached":33,"playtime":1839,"items_purged":["Injury","Strike_R+1"],"score":306,"play_id":"9e183a9b-3b36-4188-8d64-6a14fc3a9197","local_time":"20190913013130","is_ascension_mode":true,"campfire_choices":[{"data":"Body Slam","floor":13,"key":"SMITH"},{"floor":15,"key":"REST"},{"data":"Evolve","floor":23,"key":"SMITH"},{"data":"Apotheosis","floor":29,"key":"SMITH"},{"floor":32,"key":"REST"}],"neow_cost":"NONE","seed_source_timestamp":83627590178900,"circlet_count":0,"master_deck":["Strike_R+1","Strike_R+1","Strike_R+1","Defend_R+1","Defend_R+1","Defend_R+1","Defend_R+1","Bash","Body Slam+1","Thunderclap","Shrug It Off+1","Spot Weakness+1","Intimidate","Evolve+1","Wild Strike","Demon Form","Disarm+1","Bloodletting","True Grit+1","Feel No Pain+1","Apotheosis+1","Fiend Fire","Twin Strike+1","J.A.X.","Power Through+1"],"relics":["Black Blood","Self Forming Clay","MawBank","Orichalcum","Bottled Lightning","Mummified Hand","Golden Idol","Matryoshka","Red Mask","Mercury Hourglass","Frozen Egg 2","Anchor","War Paint","ClockworkSouvenir"],"potions_floor_usage":[16,16,20,24],"damage_taken":[{"damage":5,"enemies":"Jaw Worm","floor":1,"turns":4},{"damage":7,"enemies":"Cultist","floor":4,"turns":4},{"damage":3,"enemies":"Small Slimes","floor":5,"turns":3},{"damage":24,"enemies":"Gremlin Nob","floor":6,"turns":5},{"damage":11,"enemies":"Looter","floor":8,"turns":4},{"damage":37,"enemies":"3 Sentries","floor":10,"turns":9},{"damage":2,"enemies":"Large Slime","floor":14,"turns":7},{"damage":47,"enemies":"Slime Boss","floor":16,"turns":14},{"damage":25,"enemies":"2 Thieves","floor":18,"turns":5},{"damage":22,"enemies":"Masked Bandits","floor":20,"turns":5},{"damage":6,"enemies":"Chosen","floor":22,"turns":6},{"damage":26,"enemies":"Book of Stabbing","floor":24,"turns":7},{"damage":13,"enemies":"Snecko","floor":27,"turns":5},{"damage":48,"enemies":"Gremlin Leader","floor":30,"turns":8},{"damage":63,"enemies":"Automaton","floor":33,"turns":6}],"seed_played":"5323641212769486771","potions_obtained":[{"floor":1,"key":"Energy Potion"},{"floor":4,"key":"Dexterity Potion"},{"floor":14,"key":"Explosive Potion"},{"floor":16,"key":"AttackPotion"},{"floor":22,"key":"BloodPotion"},{"floor":27,"key":"Ancient Potion"},{"floor":30,"key":"SpeedPotion"}],"is_trial":false,"path_per_floor":["M","?","T","M","M","E","?","M","T","E","?","T","R","M","R","B",null,"M","?","?","?","M","R","E","$","T","M","?","R","E","$","R","B"],"character_chosen":"IRONCLAD","items_purchased":["Apotheosis","Fiend Fire","ClockworkSouvenir"],"campfire_rested":2,"item_purchase_floors":[25,25,31],"current_hp_per_floor":[88,88,88,87,88,70,67,62,62,31,31,31,31,35,61,20,88,73,73,61,61,65,65,71,71,71,68,68,68,30,30,56,0],"gold":40,"neow_bonus":"TEN_PERCENT_HP_BONUS","is_prod":false,"is_daily":false,"chose_seed":false,"campfire_upgraded":3,"win_rate":0,"timestamp":1568305890,"path_taken":["M","?","?","?","M","E","?","M","T","E","?","?","R","M","R","BOSS","M","?","?","?","M","R","E","$","T","M","?","R","E","$","R","BOSS"],"build_version":"2019-07-17","purchased_purges":2,"victory":false,"max_hp_per_floor":[88,88,88,88,88,88,88,88,88,88,88,88,88,88,88,88,88,88,88,88,88,88,88,88,88,88,88,88,88,88,88,88,88],"card_choices":[{"not_picked":["Bloodletting","Pommel Strike"],"picked":"Body Slam","floor":1},{"not_picked":["Twin Strike","Heavy Blade"],"picked":"Thunderclap","floor":4},{"not_picked":["True Grit","Blood for Blood"],"picked":"Shrug It Off","floor":5},{"not_picked":["Evolve","Brutality"],"picked":"Spot Weakness","floor":6},{"not_picked":["Heavy Blade","Flex"],"picked":"Intimidate","floor":8},{"not_picked":["Berserk","Fiend Fire"],"picked":"Evolve","floor":10},{"not_picked":["Shrug It Off","Perfected Strike"],"picked":"Wild Strike","floor":14},{"not_picked":["Limit Break","Berserk"],"picked":"Demon Form","floor":16},{"not_picked":["Warcry","Headbutt"],"picked":"Disarm+1","floor":18},{"not_picked":["Thunderclap","Pummel"],"picked":"Bloodletting","floor":20},{"not_picked":["Pommel Strike","Seeing Red"],"picked":"True Grit+1","floor":22},{"not_picked":["Seeing Red","Double Tap"],"picked":"Feel No Pain+1","floor":24},{"not_picked":["Searing Blow","Perfected Strike"],"picked":"Twin Strike+1","floor":27},{"not_picked":["Shockwave","True Grit"],"picked":"Power Through+1","floor":30}],"player_experience":47972,"relics_obtained":[{"floor":3,"key":"Self Forming Clay"},{"floor":6,"key":"MawBank"},{"floor":9,"key":"Bottled Lightning"},{"floor":10,"key":"Mummified Hand"},{"floor":12,"key":"Matryoshka"},{"floor":20,"key":"Red Mask"},{"floor":24,"key":"Mercury Hourglass"},{"floor":26,"key":"Frozen Egg 2"},{"floor":26,"key":"Anchor"},{"floor":30,"key":"War Paint"}],"event_choices":[{"cards_removed":["Strike_R"],"damage_healed":0,"gold_gain":0,"player_choice":"Card Removal","damage_taken":0,"max_hp_gain":0,"max_hp_loss":0,"event_name":"The Cleric","floor":2,"gold_loss":50},{"damage_healed":0,"gold_gain":0,"player_choice":"Success","damage_taken":3,"relics_obtained":["Orichalcum"],"max_hp_gain":0,"max_hp_loss":0,"event_name":"Scrap Ooze","floor":7,"gold_loss":0},{"damage_healed":0,"gold_gain":0,"player_choice":"Take Wound","damage_taken":0,"relics_obtained":["Golden Idol"],"max_hp_gain":0,"max_hp_loss":0,"event_name":"Golden Idol","floor":11,"gold_loss":0,"cards_obtained":["Injury"]},{"damage_healed":0,"gold_gain":0,"player_choice":"Simplicity","damage_taken":0,"max_hp_gain":0,"max_hp_loss":0,"event_name":"Back to Basics","floor":19,"gold_loss":0,"cards_upgraded":["Strike_R","Strike_R","Strike_R","Strike_R","Defend_R","Defend_R","Defend_R","Defend_R"]},{"damage_healed":0,"gold_gain":0,"player_choice":"Fought Bandits","damage_taken":0,"max_hp_gain":0,"max_hp_loss":0,"event_name":"Masked Bandits","floor":20,"gold_loss":0},{"damage_healed":0,"gold_gain":0,"player_choice":"Ignored","damage_taken":0,"max_hp_gain":0,"max_hp_loss":0,"event_name":"Ghosts","floor":21,"gold_loss":0},{"damage_healed":0,"gold_gain":0,"player_choice":"Obtain J.A.X.","damage_taken":0,"max_hp_gain":0,"max_hp_loss":0,"event_name":"Drug Dealer","floor":28,"gold_loss":0,"cards_obtained":["J.A.X."]}],"is_beta":false,"boss_relics":[{"not_picked":["Tiny House","Calling Bell"],"picked":"Black Blood"}],"items_purged_floors":[25,31],"is_endless":false,"potions_floor_spawned":[1,4,14,16,22,27,30],"killed_by":"Automaton","ascension_level":1}