{"gold_per_floor":[111,111,111,124,136,136,152,178,229,229,229,28,46,58,58,154,154,168,180,193,2,15,15,28,28,103,103,122,156,168,181,181,279,279,290,61,161,161,175,200,200,230,255,267,295,318,349,393,405,417],"floor_reached":50,"playtime":2748,"items_purged":[],"score":667,"play_id":"268e1da1-1812-4b57-85c6-a41588b0f5eb","local_time":"20190430190325","is_ascension_mode":true,"campfire_choices":[{"data":"Redo","floor":6,"key":"SMITH"},{"floor":10,"key":"REST"},{"data":"Static Discharge","floor":15,"key":"SMITH"},{"floor":23,"key":"REST"},{"data":"Biased Cognition","floor":25,"key":"SMITH"},{"data":"Stack","floor":27,"key":"SMITH"},{"floor":32,"key":"REST"},{"floor":41,"key":"REST"},{"floor":44,"key":"REST"},{"floor":49,"key":"REST"}],"neow_cost":"NONE","seed_source_timestamp":38051285283625,"circlet_count":0,"master_deck":["Strike_B","Strike_B","Strike_B","Defend_B","Defend_B","Defend_B","Defend_B","Zap+1","Dualcast+1","Static Discharge+1","Redo+1","Sunder","Hologram","Stack+1","Thunder Strike","Cold Snap","Capacitor","Biased Cognition+1","Leap","Steam Power+1","Conserve Battery+1","Heatsinks","Biased Cognition","BootSequence","Barrage","Stack","Amplify","Genetic Algorithm+1","Doom and Gloom","Hologram+1","Finesse","Darkness","Turbo+1","White Noise+1","BootSequence+1","Storm+1"],"relics":["FrozenCore","Blue Candle","Blood Vial","DataDisk","Busted Crown","Runic Capacitor","Mercury Hourglass","Art of War","Pen Nib","Incense Burner","Darkstone Periapt","Letter Opener","MawBank","Orichalcum"],"potions_floor_usage":[8,16,19,28,29,40,45,50],"damage_taken":[{"damage":1,"enemies":"Cultist","floor":1,"turns":3},{"damage":4,"enemies":"2 Louse","floor":4,"turns":3},{"damage":0,"enemies":"Small Slimes","floor":5,"turns":2},{"damage":12,"enemies":"Gremlin Gang","floor":7,"turns":4},{"damage":25,"enemies":"Lagavulin","floor":8,"turns":4},{"damage":4,"enemies":"Red Slaver","floor":13,"turns":3},{"damage":7,"enemies":"Exordium Wildlife","floor":14,"turns":3},{"damage":15,"enemies":"The Guardian","floor":16,"turns":8},{"damage":22,"enemies":"Spheric Guardian","floor":18,"turns":4},{"damage":20,"enemies":"2 Thieves","floor":19,"turns":3},{"damage":8,"enemies":"Snecko","floor":20,"turns":5},{"damage":9,"enemies":"Centurion and Healer","floor":22,"turns":6},{"damage":14,"enemies":"Shelled Parasite and Fungi","floor":24,"turns":6},{"damage":5,"enemies":"Snecko","floor":28,"turns":3},{"damage":14,"enemies":"Slavers","floor":29,"turns":3},{"damage":2,"enemies":"Centurion and Healer","floor":30,"turns":5},{"damage":7,"enemies":"Snake Plant","floor":31,"turns":4},{"damage":41,"enemies":"Collector","floor":33,"turns":9},{"damage":14,"enemies":"3 Shapes","floor":35,"turns":6},{"damage":15,"enemies":"Mind Bloom Boss Battle","floor":37,"turns":9},{"damage":0,"enemies":"Orb Walker","floor":39,"turns":4},{"damage":25,"enemies":"Reptomancer","floor":40,"turns":5},{"damage":24,"enemies":"Nemesis","floor":42,"turns":10},{"damage":10,"enemies":"Writhing Mass","floor":45,"turns":9},{"damage":0,"enemies":"Transient","floor":46,"turns":5},{"damage":0,"enemies":"Maw","floor":47,"turns":9},{"damage":13,"enemies":"Giant Head","floor":48,"turns":9},{"damage":64,"enemies":"Donu and Deca","floor":50,"turns":8}],"seed_played":"8088183052022441808","potions_obtained":[{"floor":1,"key":"Fire Potion"},{"floor":4,"key":"PowerPotion"},{"floor":13,"key":"AttackPotion"},{"floor":14,"key":"SmokeBomb"},{"floor":18,"key":"Regen Potion"},{"floor":28,"key":"EssenceOfSteel"},{"floor":33,"key":"Dexterity Potion"},{"floor":35,"key":"SmokeBomb"},{"floor":40,"key":"Swift Potion"},{"floor":47,"key":"EssenceOfSteel"}],"is_trial":false,"path_per_floor":["M","?","?","M","M","R","M","E","T","R","?","$","M","M","R","B",null,"M","M","M","$","M","R","M","R","T","R","M","E","M","M","R","B",null,"M","$","?","?","M","E","R","E","T","R","M","M","M","E","R","B"],"character_chosen":"DEFECT","items_purchased":["DataDisk","Cold Snap","Runic Capacitor","Doom and Gloom","Pen Nib"],"campfire_rested":6,"item_purchase_floors":[12,12,21,36,36],"current_hp_per_floor":[74,74,67,63,63,63,51,26,26,48,48,48,46,41,41,28,75,53,44,38,38,31,53,41,41,41,41,38,26,26,21,43,4,75,61,61,48,43,45,22,44,22,22,44,36,38,40,29,51,0],"gold":417,"neow_bonus":"THREE_CARDS","is_prod":false,"is_daily":false,"chose_seed":false,"campfire_upgraded":4,"win_rate":0,"timestamp":1556615005,"path_taken":["M","?","?","M","M","R","M","E","T","R","?","$","M","M","R","BOSS","M","M","?","?","M","R","M","R","T","R","?","E","M","M","R","BOSS","M","$","?","?","?","E","R","E","T","R","M","M","M","E","R","BOSS"],"build_version":"2019-01-23","purchased_purges":0,"victory":false,"max_hp_per_floor":[75,75,75,75,75,75,75,75,75,75,75,75,75,75,75,75,75,75,75,75,75,75,75,75,75,75,75,75,75,75,75,75,75,75,75,75,75,75,75,75,75,75,75,75,75,75,75,75,75,75],"card_choices":[{"not_picked":["Ball Lightning","Compile Driver"],"picked":"Static Discharge","floor":0},{"not_picked":["Glacier","Capacitor"],"picked":"Redo","floor":1},{"not_picked":["Barrage","Leap"],"picked":"Sunder","floor":4},{"not_picked":["Rip and Tear","Streamline"],"picked":"Hologram","floor":5},{"not_picked":["Streamline","Rip and Tear"],"picked":"Stack","floor":7},{"not_picked":["Reprogram","Compile Driver"],"picked":"Thunder Strike","floor":8},{"not_picked":["Lockon","Barrage"],"picked":"Capacitor","floor":13},{"not_picked":["Sweeping Beam","Beam Cell","Gash"],"picked":"SKIP","floor":14},{"not_picked":["Hyperbeam","All For One"],"picked":"Biased Cognition","floor":16},{"not_picked":[],"picked":"Leap","floor":18},{"not_picked":[],"picked":"Steam Power+1","floor":19},{"not_picked":[],"picked":"Conserve Battery+1","floor":20},{"not_picked":[],"picked":"Heatsinks","floor":22},{"not_picked":["Gash+1"],"picked":"SKIP","floor":24},{"not_picked":[],"picked":"Biased Cognition","floor":28},{"not_picked":[],"picked":"BootSequence","floor":29},{"not_picked":[],"picked":"Barrage","floor":30},{"not_picked":[],"picked":"Stack","floor":31},{"not_picked":[],"picked":"Amplify","floor":33},{"not_picked":[],"picked":"Genetic Algorithm+1","floor":35},{"not_picked":[],"picked":"Hologram+1","floor":37},{"not_picked":[],"picked":"Finesse","floor":38},{"not_picked":["Gash+1"],"picked":"SKIP","floor":39},{"not_picked":[],"picked":"Darkness","floor":40},{"not_picked":["Beam Cell"],"picked":"SKIP","floor":42},{"not_picked":[],"picked":"Turbo+1","floor":45},{"not_picked":[],"picked":"White Noise+1","floor":46},{"not_picked":[],"picked":"BootSequence+1","floor":47},{"not_picked":[],"picked":"Storm+1","floor":48}],"player_experience":540512,"relics_obtained":[{"floor":8,"key":"Blue Candle"},{"floor":9,"key":"Blood Vial"},{"floor":26,"key":"Mercury Hourglass"},{"floor":29,"key":"Art of War"},{"floor":37,"key":"Incense Burner"},{"floor":40,"key":"Darkstone Periapt"},{"floor":42,"key":"Letter Opener"},{"floor":43,"key":"MawBank"},{"floor":48,"key":"Orichalcum"}],"event_choices":[{"damage_healed":0,"gold_gain":0,"player_choice":"Grow","damage_taken":0,"max_hp_gain":0,"max_hp_loss":0,"event_name":"Living Wall","floor":2,"gold_loss":0,"cards_upgraded":["Zap"]},{"cards_removed":["Strike_B"],"damage_healed":0,"gold_gain":0,"player_choice":"Card Removal","damage_taken":7,"max_hp_gain":0,"max_hp_loss":0,"event_name":"Golden Wing","floor":3,"gold_loss":0},{"damage_healed":0,"gold_gain":0,"player_choice":"Upgraded","damage_taken":0,"max_hp_gain":0,"max_hp_loss":0,"event_name":"Upgrade Shrine","floor":11,"gold_loss":0,"cards_upgraded":["Dualcast"]},{"damage_healed":0,"gold_gain":0,"player_choice":"Fight","damage_taken":0,"max_hp_gain":0,"max_hp_loss":0,"event_name":"MindBloom","floor":37,"gold_loss":0},{"damage_healed":0,"gold_gain":0,"player_choice":"Memory 2","damage_taken":5,"max_hp_gain":0,"max_hp_loss":0,"event_name":"SensoryStone","floor":38,"gold_loss":0}],"is_beta":false,"boss_relics":[{"not_picked":["Astrolabe","Coffee Dripper"],"picked":"Busted Crown"},{"not_picked":["Velvet Choker","Snecko Eye"],"picked":"FrozenCore"}],"items_purged_floors":[],"is_endless":false,"potions_floor_spawned":[1,4,13,14,18,28,33,35,40,47],"killed_by":"Donu and Deca","ascension_level":3}