{"gold_per_floor":[112,127,138,152,117,117,178,178,178,202,214,261,9,9,9,86,86,103,378,6,18,37,37,37],"floor_reached":24,"playtime":914,"items_purged":["Regret"],"score":363,"play_id":"ce66d911-f4b1-4e22-9dc2-f3957c5328da","local_time":"20190806011344","is_ascension_mode":true,"campfire_choices":[{"data":"Bash","floor":6,"key":"SMITH"},{"data":"Infernal Blade","floor":8,"key":"SMITH"},{"floor":15,"key":"REST"},{"floor":23,"key":"REST"}],"neow_cost":"NONE","seed_source_timestamp":25665602957940,"circlet_count":0,"master_deck":["AscendersBane","Strike_R","Strike_R","Strike_R","Strike_R","Strike_R","Defend_R","Defend_R","Defend_R","Defend_R","Bash+1","Heavy Blade","Flame Barrier","Twin Strike","Cleave","Infernal Blade+1","Metallicize+1","Battle Trance","Double Tap","Metallicize+1","Spot Weakness","Sadistic Nature+1","Second Wind","Burning Pact"],"relics":["Burning Blood","Frozen Egg 2","MawBank","Paper Frog","Kunai","Snecko Eye"],"potions_floor_usage":[7,10,12,16,22],"damage_taken":[{"damage":11,"enemies":"Cultist","floor":1,"turns":4},{"damage":22,"enemies":"Small Slimes","floor":2,"turns":4},{"damage":0,"enemies":"2 Louse","floor":3,"turns":2},{"damage":11,"enemies":"Looter","floor":4,"turns":3},{"damage":36,"enemies":"Lagavulin Event","floor":7,"turns":6},{"damage":23,"enemies":"Gremlin Gang","floor":10,"turns":4},{"damage":27,"enemies":"3 Sentries","floor":12,"turns":9},{"damage":26,"enemies":"Hexaghost","floor":16,"turns":11},{"damage":32,"enemies":"Chosen","floor":18,"turns":6},{"damage":19,"enemies":"Shell Parasite","floor":21,"turns":6},{"damage":17,"enemies":"Sentry and Sphere","floor":22,"turns":5},{"damage":36,"enemies":"Shelled Parasite and Fungi","floor":24,"turns":5}],"seed_played":"3133554106706215542","potions_obtained":[{"floor":0,"key":"Dexterity Potion"},{"floor":0,"key":"Poison Potion"},{"floor":0,"key":"SneckoOil"},{"floor":1,"key":"Strength Potion"},{"floor":3,"key":"BloodPotion"},{"floor":7,"key":"Energy Potion"},{"floor":10,"key":"SpeedPotion"},{"floor":21,"key":"Explosive Potion"}],"is_trial":false,"path_per_floor":["M","M","M","M","?","R","?","R","T","M","$","E","$","?","R","B",null,"M","?","$","M","M","R","M"],"character_chosen":"IRONCLAD","items_purchased":["Kunai","Spot Weakness","Sadistic Nature+1"],"campfire_rested":2,"item_purchase_floors":[13,20,20],"current_hp_per_floor":[63,47,53,48,66,66,36,36,36,37,37,16,16,16,38,18,61,35,35,35,22,11,33,0],"gold":37,"neow_bonus":"THREE_SMALL_POTIONS","is_prod":false,"is_daily":false,"chose_seed":false,"campfire_upgraded":2,"win_rate":0,"timestamp":1565018024,"path_taken":["M","M","M","M","?","R","?","R","T","M","$","E","$","?","R","BOSS","M","?","$","M","M","R","M"],"build_version":"2019-07-17","purchased_purges":1,"victory":false,"max_hp_per_floor":[75,75,75,75,75,75,75,75,75,75,75,75,75,75,75,75,75,75,75,75,75,75,75,75],"card_choices":[{"not_picked":["Iron Wave","Clash"],"picked":"Heavy Blade","floor":1},{"not_picked":["Hemokinesis","Body Slam"],"picked":"Flame Barrier","floor":2},{"not_picked":["Carnage","Clash"],"picked":"Twin Strike","floor":3},{"not_picked":["Anger","Dual Wield"],"picked":"Cleave","floor":4},{"not_picked":["Searing Blow","Flex"],"picked":"Infernal Blade","floor":7},{"not_picked":["Rupture+1","Anger"],"picked":"Metallicize+1","floor":10},{"not_picked":["Evolve+1","Wild Strike"],"picked":"Battle Trance","floor":12},{"not_picked":["Brutality+1","Exhume"],"picked":"Double Tap","floor":16},{"not_picked":["Thunderclap","Pommel Strike"],"picked":"Metallicize+1","floor":18},{"not_picked":["Sword Boomerang","Perfected Strike"],"picked":"Second Wind","floor":21},{"not_picked":["Carnage","Sword Boomerang"],"picked":"Burning Pact","floor":22}],"player_experience":1147500,"relics_obtained":[{"floor":7,"key":"Frozen Egg 2"},{"floor":9,"key":"MawBank"},{"floor":12,"key":"Paper Frog"}],"event_choices":[{"damage_healed":18,"gold_gain":0,"player_choice":"Healed","damage_taken":0,"max_hp_gain":0,"max_hp_loss":0,"event_name":"The Cleric","floor":5,"gold_loss":35},{"damage_healed":0,"gold_gain":0,"player_choice":"Searched \u00272\u0027 times","damage_taken":0,"max_hp_gain":0,"max_hp_loss":0,"event_name":"Dead Adventurer","floor":7,"gold_loss":0},{"damage_healed":0,"gold_gain":0,"player_choice":"Ignored","damage_taken":0,"max_hp_gain":0,"max_hp_loss":0,"event_name":"Liars Game","floor":14,"gold_loss":0},{"damage_healed":0,"gold_gain":275,"player_choice":"Desecrate","damage_taken":0,"max_hp_gain":0,"max_hp_loss":0,"event_name":"Golden Shrine","floor":19,"gold_loss":0,"cards_obtained":["Regret"]}],"is_beta":false,"boss_relics":[{"not_picked":["Runic Dome","White Beast Statue"],"picked":"Snecko Eye"}],"items_purged_floors":[20],"is_endless":false,"potions_floor_spawned":[1,3,7,10,21],"killed_by":"Shelled Parasite and Fungi","ascension_level":17}