{"gold_per_floor":[116,126,126,143,160,160,170,181,181,181,181,212,212,225,225,322,322,340,373,288,308,308,308,340,340],"floor_reached":25,"playtime":1600,"items_purged":[],"score":223,"play_id":"aa7c5f15-c310-4ec7-a024-d937f2a92779","local_time":"20190802223402","is_ascension_mode":false,"campfire_choices":[{"floor":6,"key":"REST"},{"floor":11,"key":"REST"},{"floor":13,"key":"REST"},{"data":"Envenom","floor":15,"key":"SMITH"},{"floor":23,"key":"REST"}],"neow_cost":"NONE","seed_source_timestamp":273814610015515,"circlet_count":0,"master_deck":["Strike_G","Strike_G","Strike_G","Strike_G","Strike_G","Defend_G","Defend_G","Defend_G","Defend_G","Defend_G","Survivor","Neutralize","Envenom+1","Deadly Poison","Poisoned Stab","Dagger Spray","Crippling Poison+1","Corpse Explosion+1","Blade Dance+1","Bane","Poisoned Stab+1"],"relics":["Ring of the Snake","Bottled Lightning","Toxic Egg 2","Lizard Tail","Red Mask","Kunai","CultistMask","Juzu Bracelet"],"potions_floor_usage":[],"damage_taken":[{"damage":3,"enemies":"Jaw Worm","floor":1,"turns":6},{"damage":2,"enemies":"Small Slimes","floor":2,"turns":4},{"damage":0,"enemies":"2 Louse","floor":4,"turns":4},{"damage":24,"enemies":"Lots of Slimes","floor":5,"turns":6},{"damage":9,"enemies":"Looter","floor":7,"turns":3},{"damage":10,"enemies":"Large Slime","floor":8,"turns":8},{"damage":23,"enemies":"Lagavulin","floor":12,"turns":8},{"damage":0,"enemies":"3 Louse","floor":14,"turns":2},{"damage":54,"enemies":"Hexaghost","floor":16,"turns":10},{"damage":19,"enemies":"3 Byrds","floor":18,"turns":4},{"damage":19,"enemies":"Masked Bandits","floor":19,"turns":3},{"damage":19,"enemies":"Spheric Guardian","floor":21,"turns":6},{"damage":64,"enemies":"Slavers","floor":24,"turns":5},{"damage":16,"enemies":"Centurion and Healer","floor":25,"turns":2}],"seed_played":"-5365959225515443640","potions_obtained":[{"floor":5,"key":"Poison Potion"},{"floor":7,"key":"Block Potion"},{"floor":8,"key":"Regen Potion"}],"is_trial":false,"path_per_floor":["M","M","?","M","M","R","M","M","T","$","R","E","R","M","R","B",null,"M","?","?","M","?","R","E","M"],"character_chosen":"THE_SILENT","items_purchased":[],"campfire_rested":4,"item_purchase_floors":[],"current_hp_per_floor":[67,65,65,65,41,62,53,43,43,43,64,41,62,62,62,8,70,51,32,32,13,13,34,12,0],"gold":340,"neow_bonus":"ONE_RANDOM_RARE_CARD","is_prod":false,"is_daily":false,"chose_seed":false,"campfire_upgraded":1,"win_rate":0.0,"timestamp":1564803242,"path_taken":["M","M","?","M","M","R","M","M","T","$","R","E","R","M","R","BOSS","M","?","?","M","?","R","E","M"],"build_version":"2019-07-17","purchased_purges":0,"victory":false,"max_hp_per_floor":[70,70,70,70,70,70,70,70,70,70,70,70,70,70,70,70,70,70,70,70,70,70,70,70,70],"card_choices":[{"not_picked":["Prepared","Expertise"],"picked":"Deadly Poison","floor":1},{"not_picked":["Backflip","Acrobatics","Blur"],"picked":"SKIP","floor":2},{"not_picked":["Prepared","Dagger Throw","Sucker Punch"],"picked":"SKIP","floor":4},{"not_picked":["PiercingWail","Blur"],"picked":"Poisoned Stab","floor":5},{"not_picked":["Caltrops","Quick Slash"],"picked":"Dagger Spray","floor":7},{"not_picked":["Doppelganger","Infinite Blades","Flying Knee"],"picked":"SKIP","floor":8},{"not_picked":["Tactician","PiercingWail"],"picked":"Crippling Poison","floor":12},{"not_picked":["Slice","Wraith Form v2","Underhanded Strike"],"picked":"SKIP","floor":14},{"not_picked":["Doppelganger+1","Adrenaline+1"],"picked":"Corpse Explosion+1","floor":16},{"not_picked":["Outmaneuver+1","Acrobatics+1"],"picked":"Blade Dance+1","floor":18},{"not_picked":["Choke","Quick Slash+1"],"picked":"Bane","floor":19},{"not_picked":["Blade Dance+1","Dagger Spray"],"picked":"Poisoned Stab+1","floor":21},{"not_picked":["Burst+1","Dagger Throw","Escape Plan+1"],"picked":"SKIP","floor":24}],"player_experience":43442,"relics_obtained":[{"floor":9,"key":"Bottled Lightning"},{"floor":12,"key":"Toxic Egg 2"},{"floor":19,"key":"Red Mask"},{"floor":24,"key":"Juzu Bracelet"}],"event_choices":[{"damage_healed":0,"gold_gain":0,"player_choice":"Ignored","damage_taken":0,"max_hp_gain":0,"max_hp_loss":0,"event_name":"Liars Game","floor":3,"gold_loss":0},{"damage_healed":0,"gold_gain":0,"player_choice":"Fought Bandits","damage_taken":0,"max_hp_gain":0,"max_hp_loss":0,"event_name":"Masked Bandits","floor":19,"gold_loss":0},{"damage_healed":0,"gold_gain":0,"player_choice":"Obtained Relic","damage_taken":0,"relics_obtained":["Kunai"],"max_hp_gain":0,"max_hp_loss":0,"event_name":"Addict","floor":20,"gold_loss":85},{"damage_healed":0,"gold_gain":0,"player_choice":"Trade","damage_taken":0,"relics_obtained":["CultistMask"],"max_hp_gain":0,"max_hp_loss":0,"event_name":"FaceTrader","floor":22,"gold_loss":0}],"is_beta":false,"boss_relics":[{"not_picked":["Tiny House","White Beast Statue"],"picked":"Lizard Tail"}],"items_purged_floors":[],"is_endless":false,"potions_floor_spawned":[5,7,8,12,18,19],"killed_by":"Centurion and Healer","ascension_level":0}