{"gold_per_floor":[113,128,128,146,159,159,193,193,193,208,223,253,253,253,253,329,329,349,349,359,29,29,63,112,112,112,144,144,179,179,195,195,195],"floor_reached":33,"playtime":1491,"items_purged":[],"score":626,"play_id":"dd196d4b-9ae9-44fa-87e5-95bb8af3a41f","local_time":"20190802160801","is_ascension_mode":true,"campfire_choices":[{"data":"Armaments","floor":6,"key":"SMITH"},{"data":"Bash","floor":8,"key":"SMITH"},{"data":"Combust","floor":13,"key":"SMITH"},{"data":"Anger","floor":15,"key":"SMITH"},{"floor":25,"key":"REST"},{"floor":28,"key":"REST"},{"floor":30,"key":"REST"},{"floor":32,"key":"REST"}],"neow_cost":"NONE","seed_source_timestamp":519998129963536,"circlet_count":0,"master_deck":["AscendersBane","Strike_R","Strike_R","Strike_R","Strike_R","Strike_R","Defend_R","Defend_R","Defend_R","Defend_R","Bash+1","Whirlwind+1","Power Through","Anger+1","Armaments+1","Thunderclap","Combust+1","Pummel","Demon Form","Sword Boomerang","True Grit","Second Wind","Heavy Blade+1"],"relics":["Burning Blood","Pantograph","Bird Faced Urn","WingedGreaves","Orichalcum","Sozu","Blue Candle","Membership Card","Regal Pillow","Sundial","Vajra","Ornamental Fan","Juzu Bracelet","Blood Vial"],"potions_floor_usage":[7,7],"damage_taken":[{"damage":4,"enemies":"Small Slimes","floor":1,"turns":4},{"damage":2,"enemies":"Cultist","floor":2,"turns":4},{"damage":0,"enemies":"2 Louse","floor":4,"turns":1},{"damage":8,"enemies":"Lots of Slimes","floor":5,"turns":2},{"damage":15,"enemies":"Gremlin Nob","floor":7,"turns":4},{"damage":0,"enemies":"Exordium Wildlife","floor":10,"turns":2},{"damage":8,"enemies":"Blue Slaver","floor":11,"turns":4},{"damage":27,"enemies":"3 Sentries","floor":12,"turns":6},{"damage":14,"enemies":"Slime Boss","floor":16,"turns":8},{"damage":1,"enemies":"3 Byrds","floor":18,"turns":5},{"damage":4,"enemies":"Chosen","floor":20,"turns":4},{"damage":79,"enemies":"Slavers","floor":23,"turns":5},{"damage":52,"enemies":"Book of Stabbing","floor":27,"turns":5},{"damage":42,"enemies":"Slavers","floor":29,"turns":4},{"damage":20,"enemies":"3 Cultists","floor":31,"turns":5},{"damage":106,"enemies":"Collector","floor":33,"turns":7}],"seed_played":"6359442277300669679","potions_obtained":[{"floor":1,"key":"EssenceOfSteel"},{"floor":4,"key":"EssenceOfSteel"},{"floor":7,"key":"SmokeBomb"}],"is_trial":false,"path_per_floor":["M","M","?","M","M","R","E","R","T","M","M","E","R","?","R","B",null,"M","?","M","$","?","E","T","R","T","E","R","E","R","M","R","B"],"character_chosen":"IRONCLAD","items_purchased":["Membership Card","Regal Pillow","True Grit"],"campfire_rested":4,"item_purchase_floors":[21,21,21],"current_hp_per_floor":[77,81,81,82,80,80,71,71,71,77,75,56,56,30,30,49,74,82,82,82,82,82,13,13,52,52,8,47,15,54,44,82,0],"gold":195,"neow_bonus":"TEN_PERCENT_HP_BONUS","is_prod":false,"is_daily":false,"chose_seed":false,"campfire_upgraded":4,"win_rate":0,"timestamp":1564776481,"path_taken":["M","M","?","M","M","R","E","R","T","?","M","E","R","?","R","BOSS","M","?","?","$","?","E","?","R","T","E","R","E","R","M","R","BOSS"],"build_version":"2019-07-17","purchased_purges":0,"victory":false,"max_hp_per_floor":[82,82,82,82,82,82,82,82,82,82,82,82,82,82,82,82,82,82,82,82,82,82,82,82,82,82,82,82,82,82,82,82,82],"card_choices":[{"not_picked":["Clothesline","Rupture"],"picked":"Whirlwind","floor":1},{"not_picked":["Body Slam","Havoc"],"picked":"Power Through","floor":2},{"not_picked":["Iron Wave","Havoc"],"picked":"Anger","floor":4},{"not_picked":["Iron Wave","Cleave"],"picked":"Armaments","floor":5},{"not_picked":["Warcry","Wild Strike","Dark Embrace"],"picked":"SKIP","floor":7},{"not_picked":["True Grit","Wild Strike"],"picked":"Thunderclap","floor":10},{"not_picked":["Dual Wield","Heavy Blade"],"picked":"Combust","floor":11},{"not_picked":["Warcry","Cleave"],"picked":"Pummel","floor":12},{"not_picked":["Barricade","Limit Break"],"picked":"Demon Form","floor":16},{"not_picked":["Perfected Strike","Anger"],"picked":"Sword Boomerang","floor":18},{"not_picked":["Sever Soul","Anger","Uppercut"],"picked":"SKIP","floor":20},{"not_picked":["Carnage","Sword Boomerang","Armaments+1"],"picked":"SKIP","floor":23},{"not_picked":["Twin Strike","Clash"],"picked":"Second Wind","floor":27},{"not_picked":["Headbutt+1","Body Slam"],"picked":"Heavy Blade+1","floor":29},{"not_picked":["Heavy Blade","Iron Wave","Warcry"],"picked":"SKIP","floor":31}],"player_experience":1673859,"relics_obtained":[{"floor":7,"key":"Pantograph"},{"floor":9,"key":"Bird Faced Urn"},{"floor":12,"key":"WingedGreaves"},{"floor":23,"key":"Sundial"},{"floor":24,"key":"Vajra"},{"floor":26,"key":"Ornamental Fan"},{"floor":27,"key":"Juzu Bracelet"},{"floor":29,"key":"Blood Vial"}],"event_choices":[{"damage_healed":0,"gold_gain":0,"player_choice":"Upgraded","damage_taken":0,"max_hp_gain":0,"max_hp_loss":0,"event_name":"Upgrade Shrine","floor":3,"gold_loss":0,"cards_upgraded":["Whirlwind"]},{"damage_healed":0,"gold_gain":0,"player_choice":"Success","damage_taken":26,"relics_obtained":["Orichalcum"],"max_hp_gain":0,"max_hp_loss":0,"event_name":"Scrap Ooze","floor":14,"gold_loss":0},{"damage_healed":0,"gold_gain":0,"player_choice":"Gave Potion","damage_taken":0,"relics_obtained":["Blue Candle"],"max_hp_gain":0,"max_hp_loss":0,"event_name":"WeMeetAgain","floor":19,"gold_loss":0},{"damage_healed":0,"gold_gain":0,"player_choice":"Ignored","damage_taken":0,"max_hp_gain":0,"max_hp_loss":0,"event_name":"Ghosts","floor":22,"gold_loss":0}],"is_beta":false,"boss_relics":[{"not_picked":["Black Blood","Runic Cube"],"picked":"Sozu"}],"items_purged_floors":[],"is_endless":false,"potions_floor_spawned":[1,4,7,20,29],"killed_by":"Collector","ascension_level":20}