{"gold_per_floor":[113,133,133,150,115,115,145,145,172,172,7,18,38,63,63,168,168,179,192,107,17,17,17,45,57,137,163,189,214,237,249,261,273],"floor_reached":33,"playtime":1049,"items_purged":[],"score":388,"play_id":"64ed754b-c0b3-4abd-802b-7d8be776fbcb","local_time":"20190601235034","is_ascension_mode":true,"campfire_choices":[{"data":"Go for the Eyes","floor":6.0,"key":"SMITH"},{"data":"Streamline","floor":8.0,"key":"SMITH"},{"floor":15.0,"key":"REST"},{"floor":23.0,"key":"REST"},{"floor":25.0,"key":"REST"},{"floor":32,"key":"REST"}],"neow_cost":"NONE","seed_source_timestamp":0,"circlet_count":0,"master_deck":["Strike_B+1","Strike_B+1","Strike_B+1","Defend_B+1","Defend_B+1","Defend_B+1","Defend_B+1","Zap","Dualcast","Ball Lightning","Streamline+1","Go for the Eyes+1","Hello World","Blizzard","Leap","Redo","Turbo","Cold Snap","Double Energy","Creative AI","Storm","Self Repair","Genetic Algorithm","Rebound","Hologram+1","Stack","Ball Lightning","Steam Power+1","Reprogram"],"special_seed":0,"relics":["Cracked Core","War Paint","Centennial Puzzle","Potion Belt","Velvet Choker","Vajra","MawBank","Darkstone Periapt"],"potions_floor_usage":[28,30],"damage_taken":[{"damage":1.0,"enemies":"Cultist","floor":1.0,"turns":3.0},{"damage":8.0,"enemies":"2 Louse","floor":2.0,"turns":2.0},{"damage":4.0,"enemies":"Jaw Worm","floor":4.0,"turns":3.0},{"damage":26.0,"enemies":"Gremlin Nob","floor":7.0,"turns":4.0},{"damage":0.0,"enemies":"3 Louse","floor":12.0,"turns":3.0},{"damage":9.0,"enemies":"Large Slime","floor":13.0,"turns":4.0},{"damage":10.0,"enemies":"Lagavulin","floor":14.0,"turns":5.0},{"damage":36.0,"enemies":"Slime Boss","floor":16.0,"turns":7.0},{"damage":16.0,"enemies":"Spheric Guardian","floor":18.0,"turns":4.0},{"damage":10.0,"enemies":"Chosen","floor":19.0,"turns":5.0},{"damage":34.0,"enemies":"Gremlin Leader","floor":24.0,"turns":7.0},{"damage":37.0,"enemies":"Snake Plant","floor":27.0,"turns":5.0},{"damage":0,"enemies":"Sentry and Sphere","floor":28,"turns":3},{"damage":0,"enemies":"Centurion and Healer","floor":29,"turns":5},{"damage":14,"enemies":"3 Cultists","floor":30,"turns":5},{"damage":51,"enemies":"Collector","floor":33,"turns":5}],"seed_played":"-5929518051148823635","potions_obtained":[{"floor":0.0,"key":"AttackPotion"},{"floor":0.0,"key":"SkillPotion"},{"floor":0.0,"key":"LiquidBronze"},{"floor":2.0,"key":"Poison Potion"},{"floor":12.0,"key":"Energy Potion"},{"floor":24.0,"key":"Strength Potion"},{"floor":27.0,"key":"AttackPotion"},{"floor":29,"key":"Energy Potion"}],"is_trial":false,"path_per_floor":["M","M","?","M","?","R","E","R","T","?","$","M","M","E","R","B",null,"M","M","?","$","?","R","E","R","T","M","M","M","M","?","R","B"],"character_chosen":"DEFECT","items_purchased":["Leap","Redo","FocusPotion","Genetic Algorithm","Rebound"],"campfire_rested":4,"item_purchase_floors":[11,11,11,21,21],"current_hp_per_floor":[67,59,59,55,73,73,47,47,47,47,47,47,38,28,50,14,60,44,34,34,34,34,56,29,51,51,21,28,28,14,14,36,0],"gold":273,"neow_bonus":"THREE_SMALL_POTIONS","is_prod":false,"is_daily":false,"chose_seed":false,"campfire_upgraded":2,"win_rate":0,"timestamp":1559397034,"path_taken":["M","?","?","?","?","R","E","R","T","?","$","M","M","E","R","BOSS","M","M","?","$","?","R","E","R","T","M","M","M","M","?","R","BOSS"],"build_version":"2019-01-23","purchased_purges":0,"victory":false,"max_hp_per_floor":[75,75,75,75,75,75,75,75,75,75,75,75,75,75,75,75,75,75,75,75,75,75,75,75,75,75,75,75,75,75,75,75,75],"card_choices":[{"not_picked":["Chill","Streamline"],"picked":"Ball Lightning","floor":1.0},{"not_picked":["Compile Driver","Force Field"],"picked":"Streamline","floor":2.0},{"not_picked":["Beam Cell","Lockon"],"picked":"Go for the Eyes","floor":4.0},{"not_picked":["Go for the Eyes","Buffer"],"picked":"Hello World","floor":7.0},{"not_picked":["Rip and Tear","Steam Power"],"picked":"Turbo","floor":12.0},{"not_picked":["Go for the Eyes","Redo"],"picked":"Cold Snap","floor":13.0},{"not_picked":["Leap","Sweeping Beam"],"picked":"Double Energy","floor":14.0},{"not_picked":["Buffer","Core Surge"],"picked":"Creative AI","floor":16.0},{"not_picked":["Turbo","Barrage"],"picked":"Storm","floor":18.0},{"not_picked":["Barrage","Heatsinks"],"picked":"Self Repair","floor":19.0},{"not_picked":["Barrage+1","Buffer"],"picked":"Hologram+1","floor":24.0},{"not_picked":["Chill","Storm"],"picked":"Stack","floor":27.0},{"not_picked":["Steam","Reinforced Body"],"picked":"Ball Lightning","floor":28},{"not_picked":["Gash","Redo"],"picked":"Steam Power+1","floor":29},{"not_picked":["Go for the Eyes","Hello World"],"picked":"Reprogram","floor":30}],"player_experience":785806,"relics_obtained":[{"floor":7.0,"key":"War Paint"},{"floor":9.0,"key":"Centennial Puzzle"},{"floor":14.0,"key":"Potion Belt"},{"floor":24.0,"key":"MawBank"},{"floor":26.0,"key":"Darkstone Periapt"}],"event_choices":[{"damage_healed":0.0,"max_hp_gain":0.0,"max_hp_loss":0.0,"gold_gain":0.0,"event_name":"The Woman in Blue","player_choice":"Bought 0 Potions","floor":3.0,"gold_loss":0.0,"damage_taken":0.0},{"damage_healed":18.0,"max_hp_gain":0.0,"max_hp_loss":0.0,"gold_gain":0.0,"event_name":"The Cleric","player_choice":"Healed","floor":5.0,"gold_loss":35.0,"damage_taken":0.0},{"damage_healed":0.0,"max_hp_gain":0.0,"max_hp_loss":0.0,"gold_gain":0.0,"cards_transformed":["Strike_B"],"event_name":"Living Wall","player_choice":"Change","floor":10.0,"gold_loss":0.0,"damage_taken":0.0,"cards_obtained":["Blizzard"]},{"damage_healed":0.0,"max_hp_gain":0.0,"max_hp_loss":0.0,"gold_gain":0.0,"event_name":"Addict","player_choice":"Obtained Relic","floor":20.0,"gold_loss":85.0,"damage_taken":0.0,"relics_obtained":["Vajra"]},{"damage_healed":0.0,"max_hp_gain":0.0,"max_hp_loss":0.0,"gold_gain":0.0,"event_name":"Vampires","player_choice":"Ignored","floor":22.0,"gold_loss":0.0,"damage_taken":0.0},{"damage_healed":0,"gold_gain":0,"player_choice":"Simplicity","damage_taken":0,"max_hp_gain":0,"max_hp_loss":0,"event_name":"Back to Basics","floor":31,"gold_loss":0,"cards_upgraded":["Strike_B","Strike_B","Strike_B","Defend_B","Defend_B"]}],"is_beta":false,"boss_relics":[{"not_picked":["Astrolabe","Busted Crown"],"picked":"Velvet Choker"}],"items_purged_floors":[],"is_endless":false,"potions_floor_spawned":[2,4,12,24,27,29],"killed_by":"Collector","ascension_level":8}