{"gold_per_floor":[209,509,521,796,806,806,838,838,838,838,298,298,314,324,324,426,426,441,28,46,66,46,64,84,104,156,168,168,187,187,212,212,311,311,329,329,343,40,52,52,77,77,123,123,138,166,166,186,186,186],"floor_reached":51,"playtime":2412,"items_purged":["Regret"],"score":806,"play_id":"4a551b25-b8b2-45f5-97ac-f4abf61c1224","local_time":"20190612150511","is_ascension_mode":false,"campfire_choices":[{"floor":6,"key":"REST"},{"floor":8,"key":"REST"},{"data":"Neutralize","floor":10,"key":"SMITH"},{"data":"Dagger Spray","floor":12,"key":"SMITH"},{"data":"Predator","floor":15,"key":"SMITH"},{"floor":28,"key":"REST"},{"data":"Crippling Poison","floor":30,"key":"SMITH"},{"data":"Cloak And Dagger","floor":32,"key":"SMITH"},{"data":"Well Laid Plans","floor":40,"key":"SMITH"},{"floor":42,"key":"REST"},{"data":"Tools of the Trade","floor":44,"key":"SMITH"},{"data":"Enlightenment","floor":49,"key":"SMITH"}],"neow_cost":"NONE","seed_source_timestamp":45278639353381,"circlet_count":0,"master_deck":["Survivor","Neutralize+1","Dagger Spray+1","Predator+1","Well Laid Plans+1","Dodge and Roll","Flying Knee+1","Master of Strategy","Deflect","Dagger Throw+1","Die Die Die+1","Crippling Poison+1","Corpse Explosion","Blade Dance","PiercingWail","Predator+1","Dagger Throw+1","Dagger Throw+1","Heel Hook+1","Escape Plan","Malaise","Calculated Gamble","Finisher+1","Bandage Up","Sucker Punch+1","Underhanded Strike+1","A Thousand Cuts","Prepared+1","Masterful Stab+1","Terror","Escape Plan","Cloak And Dagger+1","After Image","Dash+1","Dagger Spray+1","Endless Agony+1","Tools of the Trade+1","Dodge and Roll","Dodge and Roll+1","Enlightenment+1","Sadistic Nature"],"relics":["Ring of the Snake","Old Coin","Molten Egg 2","Paper Crane","Bag of Marbles","Pandora\u0027s Box","Bottled Flame","Potion Belt","Lantern","Busted Crown","Bottled Tornado","Art of War","Regal Pillow","Bag of Preparation"],"potions_floor_usage":[7,16,18,31,33,33,33,33,41,48,50,50],"damage_taken":[{"damage":1,"enemies":"2 Louse","floor":1,"turns":3},{"damage":3,"enemies":"Jaw Worm","floor":3,"turns":4},{"damage":2,"enemies":"Cultist","floor":5,"turns":3},{"damage":30,"enemies":"Gremlin Nob","floor":7,"turns":5},{"damage":0,"enemies":"Large Slime","floor":13,"turns":3},{"damage":0,"enemies":"Red Slaver","floor":14,"turns":3},{"damage":15,"enemies":"Slime Boss","floor":16,"turns":8},{"damage":0,"enemies":"Shell Parasite","floor":18,"turns":2},{"damage":12,"enemies":"3 Byrds","floor":20,"turns":4},{"damage":11,"enemies":"Shelled Parasite and Fungi","floor":21,"turns":3},{"damage":7,"enemies":"Cultist and Chosen","floor":23,"turns":6},{"damage":12,"enemies":"Snake Plant","floor":24,"turns":2},{"damage":6,"enemies":"Centurion and Healer","floor":25,"turns":4},{"damage":3,"enemies":"Shelled Parasite and Fungi","floor":27,"turns":5},{"damage":12,"enemies":"Snake Plant","floor":29,"turns":3},{"damage":3,"enemies":"Gremlin Leader","floor":31,"turns":5},{"damage":50,"enemies":"Automaton","floor":33,"turns":14},{"damage":7,"enemies":"3 Darklings","floor":35,"turns":3},{"damage":0,"enemies":"3 Shapes","floor":37,"turns":3},{"damage":0,"enemies":"3 Darklings","floor":39,"turns":3},{"damage":27,"enemies":"Nemesis","floor":41,"turns":7},{"damage":0,"enemies":"Spire Growth","floor":45,"turns":3},{"damage":18,"enemies":"Reptomancer","floor":46,"turns":6},{"damage":0,"enemies":"Sphere and 2 Shapes","floor":48,"turns":3},{"damage":5,"enemies":"Donu and Deca","floor":50,"turns":6}],"seed_played":"-1808993236840748212","potions_obtained":[{"floor":3,"key":"SteroidPotion"},{"floor":5,"key":"Fruit Juice"},{"floor":7,"key":"Energy Potion"},{"floor":18,"key":"SpeedPotion"},{"floor":22,"key":"Poison Potion"},{"floor":29,"key":"SkillPotion"},{"floor":31,"key":"GamblersBrew"},{"floor":35,"key":"GhostInAJar"},{"floor":39,"key":"PowerPotion"},{"floor":45,"key":"SkillPotion"},{"floor":46,"key":"SpeedPotion"}],"is_trial":false,"path_per_floor":["M","?","M","?","M","R","E","R","T","R","$","R","M","M","R","B",null,"M","$","M","M","?","M","M","M","T","M","R","M","R","E","R","B",null,"M","?","M","$","M","R","E","R","T","R","M","E","?","M","R","B",null],"character_chosen":"THE_SILENT","items_purchased":["Bag of Marbles","Flying Knee+1","Master of Strategy","GhostInAJar","Bottled Flame","Finisher+1","Bandage Up","Bottled Tornado","PowerPotion"],"campfire_rested":4,"item_purchase_floors":[11,11,11,11,19,19,19,38,38],"current_hp_per_floor":[69,44,41,41,39,60,35,57,57,57,57,57,57,57,57,42,75,75,75,63,56,56,53,41,39,39,40,62,54,54,55,55,9,75,72,71,71,71,71,71,44,65,65,65,65,51,46,50,50,49],"gold":186,"neow_bonus":"HUNDRED_GOLD","is_prod":false,"is_daily":false,"chose_seed":false,"campfire_upgraded":8,"win_rate":0,"timestamp":1560315911,"path_taken":["M","?","M","?","?","R","E","R","T","R","$","R","M","M","R","BOSS","M","$","M","M","?","M","?","M","T","M","R","M","R","E","R","BOSS","M","?","M","$","M","R","E","R","T","R","M","E","?","M","R","BOSS"],"build_version":"2019-01-23","purchased_purges":1,"victory":true,"max_hp_per_floor":[70,70,70,70,70,70,75,75,75,75,75,75,75,75,75,75,75,75,75,75,75,75,75,75,75,75,75,75,75,75,75,75,75,75,75,71,71,71,71,71,71,71,71,71,71,71,71,71,71,71],"card_choices":[{"not_picked":["Quick Slash","Bouncing Flask"],"picked":"Dagger Spray","floor":1},{"not_picked":["Riddle With Holes","PiercingWail"],"picked":"Predator","floor":3},{"not_picked":["Quick Slash","Prepared"],"picked":"Well Laid Plans","floor":5},{"not_picked":["Predator","Caltrops"],"picked":"Dodge and Roll","floor":7},{"not_picked":["Riddle With Holes+1","Calculated Gamble"],"picked":"Deflect","floor":13},{"not_picked":["Phantasmal Killer","Choke+1"],"picked":"Dagger Throw+1","floor":14},{"not_picked":["Glass Knife+1","Malaise"],"picked":"Die Die Die+1","floor":16},{"not_picked":["Dagger Throw+1","Quick Slash+1"],"picked":"Calculated Gamble","floor":18},{"not_picked":["Blur+1","Bane+1"],"picked":"Sucker Punch+1","floor":20},{"not_picked":["Setup","Sucker Punch+1"],"picked":"Underhanded Strike+1","floor":21},{"not_picked":["Heel Hook+1","PiercingWail"],"picked":"A Thousand Cuts","floor":23},{"not_picked":["Finisher+1","Quick Slash+1"],"picked":"Prepared+1","floor":24},{"not_picked":["Quick Slash+1","Blur"],"picked":"Masterful Stab+1","floor":25},{"not_picked":["Bane+1","Prepared"],"picked":"Terror","floor":27},{"not_picked":["Blur","Skewer+1"],"picked":"Escape Plan","floor":29},{"not_picked":["Heel Hook+1","Storm of Steel"],"picked":"Cloak And Dagger","floor":31},{"not_picked":["Glass Knife+1","A Thousand Cuts"],"picked":"After Image","floor":33},{"not_picked":[],"picked":"Dash+1","floor":35},{"not_picked":[],"picked":"Dagger Spray+1","floor":37},{"not_picked":[],"picked":"Endless Agony+1","floor":39},{"not_picked":[],"picked":"Tools of the Trade","floor":41},{"not_picked":[],"picked":"Dodge and Roll","floor":45},{"not_picked":[],"picked":"Dodge and Roll+1","floor":46},{"not_picked":[],"picked":"Enlightenment","floor":47},{"not_picked":[],"picked":"Sadistic Nature","floor":47},{"not_picked":["Predator+1"],"picked":"SKIP","floor":48}],"player_experience":855083,"relics_obtained":[{"floor":7,"key":"Molten Egg 2"},{"floor":9,"key":"Paper Crane"},{"floor":26,"key":"Potion Belt"},{"floor":31,"key":"Lantern"},{"floor":41,"key":"Art of War"},{"floor":43,"key":"Regal Pillow"},{"floor":46,"key":"Bag of Preparation"}],"event_choices":[{"damage_healed":0,"gold_gain":0,"player_choice":"Success","damage_taken":25,"relics_obtained":["Old Coin"],"max_hp_gain":0,"max_hp_loss":0,"event_name":"Scrap Ooze","floor":2,"gold_loss":0},{"damage_healed":0,"gold_gain":275,"player_choice":"Desecrate","damage_taken":0,"max_hp_gain":0,"max_hp_loss":0,"event_name":"Golden Shrine","floor":4,"gold_loss":0,"cards_obtained":["Regret"]},{"damage_healed":0,"gold_gain":0,"player_choice":"Bought 1 Potion","damage_taken":0,"max_hp_gain":0,"max_hp_loss":0,"event_name":"The Woman in Blue","floor":22,"gold_loss":0},{"damage_healed":0,"gold_gain":0,"player_choice":"Max HP","damage_taken":0,"max_hp_gain":0,"max_hp_loss":4,"event_name":"Winding Halls","floor":36,"gold_loss":0},{"damage_healed":0,"gold_gain":0,"player_choice":"Memory 2","damage_taken":5,"max_hp_gain":0,"max_hp_loss":0,"event_name":"SensoryStone","floor":47,"gold_loss":0}],"is_beta":false,"boss_relics":[{"not_picked":["Orrery","Empty Cage"],"picked":"Pandora\u0027s Box"},{"not_picked":["Sozu","White Beast Statue"],"picked":"Busted Crown"}],"items_purged_floors":[11],"is_endless":false,"potions_floor_spawned":[3,5,7,13,18,23,29,31,35,39,45,46],"ascension_level":0}