{"gold_per_floor":[119,132,132,152,27,52,52,327,327,338,338,353,353,380,380,380],"floor_reached":16,"playtime":578,"items_purged":[],"score":209,"play_id":"e2b847bf-3ddd-467d-8c22-fd840a518ac7","local_time":"20190826201843","is_ascension_mode":true,"campfire_choices":[{"floor":7.0,"key":"REST"},{"floor":13.0,"key":"REST"},{"data":"Neutralize","floor":15.0,"key":"SMITH"}],"neow_cost":"TEN_PERCENT_HP_LOSS","seed_source_timestamp":41625129891011,"circlet_count":0,"master_deck":["AscendersBane","Strike_G","Strike_G","Strike_G+1","Strike_G","Strike_G","Defend_G","Defend_G","Defend_G","Defend_G","Defend_G","Survivor","Neutralize+1","Underhanded Strike+1","Dagger Spray","Heel Hook","Prepared","Bandage Up","Wraith Form v2","Regret","Choke","Prepared","PiercingWail"],"special_seed":0,"relics":["Ring of the Snake","Tingsha","Pantograph","Pear","Dodecahedron","Whetstone"],"potions_floor_usage":[16],"damage_taken":[{"damage":3.0,"enemies":"2 Louse","floor":1.0,"turns":4.0},{"damage":10.0,"enemies":"Small Slimes","floor":2.0,"turns":4.0},{"damage":0.0,"enemies":"Cultist","floor":4.0,"turns":3.0},{"damage":52.0,"enemies":"3 Sentries","floor":6.0,"turns":11.0},{"damage":1.0,"enemies":"2 Fungi Beasts","floor":10.0,"turns":3.0},{"damage":2.0,"enemies":"Looter","floor":12.0,"turns":4.0},{"damage":15.0,"enemies":"Lagavulin","floor":14.0,"turns":8.0},{"damage":77,"enemies":"Slime Boss","floor":16,"turns":10}],"seed_played":"446893062780506781","potions_obtained":[{"floor":2.0,"key":"Regen Potion"},{"floor":6.0,"key":"Swift Potion"},{"floor":10.0,"key":"EssenceOfSteel"},{"floor":14.0,"key":"GhostInAJar"}],"is_trial":false,"path_per_floor":["M","M","?","M","$","E","R","?","T","M","?","M","R","E","R","B"],"character_chosen":"THE_SILENT","items_purchased":["Prepared","Bandage Up"],"campfire_rested":2,"item_purchase_floors":[5,5],"current_hp_per_floor":[56,46,51,51,51,18,37,37,47,50,45,47,69,58,58,0],"gold":380,"neow_bonus":"ONE_RARE_RELIC","is_prod":false,"is_daily":false,"chose_seed":false,"campfire_upgraded":1,"win_rate":0,"timestamp":1566814723,"path_taken":["M","M","?","M","$","E","R","?","T","?","?","M","R","E","R","BOSS"],"build_version":"2019-07-17","purchased_purges":0,"victory":false,"max_hp_per_floor":[60,60,65,65,65,65,65,65,75,75,75,75,75,75,75,75],"card_choices":[{"not_picked":["Prepared","Dagger Spray"],"picked":"Underhanded Strike","floor":1.0},{"not_picked":["Bane","Blade Dance"],"picked":"Dagger Spray","floor":2.0},{"not_picked":["Riddle With Holes","Caltrops"],"picked":"Heel Hook","floor":4.0},{"not_picked":["Slice","Setup"],"picked":"Wraith Form v2","floor":6.0},{"not_picked":["Blade Dance","Catalyst"],"picked":"Choke","floor":10.0},{"not_picked":["Slice","Deadly Poison"],"picked":"Prepared","floor":12.0},{"not_picked":["Blur","Riddle With Holes"],"picked":"PiercingWail","floor":14.0}],"player_experience":1223171,"relics_obtained":[{"floor":6.0,"key":"Pantograph"},{"floor":9.0,"key":"Pear"},{"floor":14.0,"key":"Whetstone"}],"event_choices":[{"damage_healed":0.0,"max_hp_gain":5.0,"max_hp_loss":0.0,"gold_gain":0.0,"event_name":"Big Fish","player_choice":"Donut","floor":3.0,"gold_loss":0.0,"damage_taken":0.0},{"damage_healed":0.0,"max_hp_gain":0.0,"max_hp_loss":0.0,"gold_gain":275.0,"event_name":"Golden Shrine","player_choice":"Desecrate","floor":8.0,"gold_loss":0.0,"damage_taken":0.0,"cards_obtained":["Regret"]},{"damage_healed":0.0,"max_hp_gain":0.0,"max_hp_loss":0.0,"gold_gain":0.0,"event_name":"Scrap Ooze","player_choice":"Success","floor":11.0,"gold_loss":0.0,"damage_taken":5.0,"relics_obtained":["Dodecahedron"]}],"is_beta":false,"boss_relics":[],"items_purged_floors":[],"is_endless":false,"potions_floor_spawned":[2,6,10,14],"killed_by":"Slime Boss","ascension_level":18}