{"path_per_floor":["M","$","?","M","?","E","R","M","T","M","E","M","R","M","R","B",null,"M","M","$","M","?","R","M","M","T","E","?","M","?"],"character_chosen":"THE_SILENT","items_purchased":["Noxious Fumes","Matryoshka"],"gold_per_floor":[112,35,35,48,48,81,81,101,125,150,185,200,200,221,221,349,349,363,386,63,88,88,88,102,122,122,153,78,99,99,99],"floor_reached":31,"campfire_rested":2,"playtime":1417,"current_hp_per_floor":[67,67,67,64,64,37,56,56,56,55,43,41,41,18,37,22,65,43,32,32,27,48,48,48,35,35,23,23,11,2,0],"items_purged":["Strike_G"],"gold":99,"score":323,"play_id":"d5e9ea74-5011-4e14-931e-6d687af58b61","local_time":"20180326220952","is_prod":false,"is_daily":false,"is_ascension_mode":true,"campfire_upgraded":2,"timestamp":1522116592,"path_taken":["M","$","?","M","?","E","R","M","T","M","E","?","R","M","R","BOSS","M","M","$","M","?","R","?","?","T","E","?","M","?","M"],"build_version":"2018-03-22v2","purchased_purges":2,"victory":false,"master_deck":["Defend_G","Defend_G","Defend_G","Defend_G","Defend_G","Strike_G","Strike_G","Survivor","Neutralize","Deadly Poison","Noxious Fumes+1","Concentrate","Poisoned Stab","Catalyst+1","Crippling Poison+1","Deadly Poison+1","Corpse Explosion+1","Poisoned Stab","Deflect+1","PiercingWail+1","Acrobatics+1","Backflip+1","Setup+1","Prepared+1"],"max_hp_per_floor":[70,70,70,70,65,65,65,65,65,65,65,65,65,65,65,65,65,65,65,65,65,65,65,65,65,65,65,65,65,65,65],"relics":["The Specimen","Golden Idol","Toxic Egg 2","Prayer Wheel","Vajra","Sozu","Matryoshka","Ancient Tea Set","Ginger","Paper Crane"],"card_choices":[{"not_picked":["Underhanded Strike","Quick Slash"],"picked":"Deadly Poison","floor":1},{"not_picked":["Eviscerate","All Out Attack"],"picked":"Poisoned Stab","floor":4},{"not_picked":["Acrobatics","Riddle With Holes"],"picked":"Catalyst","floor":6},{"not_picked":["Unload","Underhanded Strike"],"picked":"Crippling Poison","floor":8},{"not_picked":["Sucker Punch","Dagger Spray"],"picked":"Deadly Poison","floor":10},{"not_picked":["Endless Agony","Concentrate"],"picked":"Corpse Explosion","floor":11},{"not_picked":["Sucker Punch","Acrobatics"],"picked":"Poisoned Stab","floor":12},{"not_picked":["Slice","Dash"],"picked":"Deflect","floor":14},{"not_picked":["Deflect","Sucker Punch"],"picked":"PiercingWail","floor":18},{"not_picked":["Malaise","Outmaneuver"],"picked":"Acrobatics","floor":19},{"not_picked":["Malaise","Sucker Punch"],"picked":"Backflip","floor":21},{"not_picked":["Dagger Throw","Flying Knee"],"picked":"Setup","floor":25},{"not_picked":["Envenom","Acrobatics"],"picked":"Prepared","floor":27}],"player_experience":103692,"potions_floor_usage":[14,16,16,16],"damage_taken":[{"damage":3,"enemies":"Small Slimes","floor":1,"turns":5},{"damage":3,"enemies":"2 Louse","floor":4,"turns":3},{"damage":27,"enemies":"Lagavulin","floor":6,"turns":8},{"damage":0,"enemies":"Cultist","floor":8,"turns":3},{"damage":1,"enemies":"Large Slime","floor":10,"turns":7},{"damage":12,"enemies":"Gremlin Nob","floor":11,"turns":3},{"damage":2,"enemies":"Blue Slaver","floor":12,"turns":4},{"damage":23,"enemies":"Gremlin Gang","floor":14,"turns":4},{"damage":15,"enemies":"The Guardian","floor":16,"turns":7},{"damage":22,"enemies":"Spheric Guardian","floor":18,"turns":4},{"damage":11,"enemies":"3 Byrds","floor":19,"turns":5},{"damage":5,"enemies":"Snake Plant","floor":21,"turns":4},{"damage":0,"enemies":"Snecko","floor":24,"turns":4},{"damage":13,"enemies":"3 Cultists","floor":25,"turns":4},{"damage":12,"enemies":"Gremlin Leader","floor":27,"turns":4},{"damage":12,"enemies":"Snake Plant","floor":29,"turns":3},{"damage":6,"enemies":"Cultist and Chosen","floor":31,"turns":2}],"event_choices":[{"event_name":"Living Wall","player_choice":"Change","floor":3,"damage_taken":0},{"event_name":"Golden Idol","player_choice":"Lose Max HP","floor":5,"damage_taken":0},{"event_name":"The Library","player_choice":"Heal","floor":22,"damage_taken":0},{"event_name":"Beggar","player_choice":"Gave Gold","floor":28,"damage_taken":0},{"event_name":"Cursed Tome","player_choice":"Stopped","floor":30,"damage_taken":0}],"boss_relics":[{"not_picked":["Orrery","Snecko Eye"],"picked":"Sozu"}],"potions_floor_spawned":[8,10,12,14,21,24,27],"seed_played":"-4245108184175620950","killed_by":"Cultist and Chosen","ascension_level":2,"is_trial":false}