{"gold_per_floor":[117,127,137,87,87,114,39,39,39,39,58,58,58,78,78,181,181,198,198,211,211,228,258,272,272,272,272,288,305,322,174,174,273,273,285,160,175,186,186,186,186,186,259,259,259,290,290,307,307,307],"floor_reached":51,"playtime":6734,"items_purged":["Strike_B","Creative AI","Force Field"],"score":731,"play_id":"4d0ad332-830d-4ca3-a809-356dda1ab3a6","local_time":"20190913111946","is_ascension_mode":true,"campfire_choices":[{"data":"Gash","floor":8,"key":"SMITH"},{"data":"Gash","floor":10,"key":"SMITH"},{"floor":13,"key":"REST"},{"data":"Coolheaded","floor":15,"key":"SMITH"},{"data":"Scrape","floor":25,"key":"SMITH"},{"data":"Zap","floor":27,"key":"SMITH"},{"floor":32,"key":"REST"},{"floor":40,"key":"REST"},{"floor":42,"key":"REST"},{"data":"Glacier","floor":45,"key":"SMITH"},{"floor":49,"key":"REST"}],"neow_cost":"NONE","seed_source_timestamp":401163270591300,"circlet_count":0,"master_deck":["Strike_B","Defend_B","Defend_B","Defend_B","Defend_B","Zap+1","Dualcast","Go for the Eyes+1","Coolheaded+1","Gash+1","Gash+1","Glacier+1","Gash","Auto Shields","All For One","Gash+1","Scrape+1","Go for the Eyes","Steam","Machine Learning","Steam+1","Madness","Madness","Defragment+1","FTL"],"relics":["Cracked Core","Bottled Flame","White Beast Statue","NlothsMask","Whetstone","Runic Pyramid","Dodecahedron","Blood Vial"],"potions_floor_usage":[24,28,30,33,33,35,37,38,48,50,50],"damage_taken":[{"damage":1,"enemies":"Jaw Worm","floor":1,"turns":3},{"damage":5,"enemies":"Small Slimes","floor":2,"turns":4},{"damage":0,"enemies":"Cultist","floor":3,"turns":3},{"damage":35,"enemies":"3 Sentries","floor":6,"turns":10},{"damage":3,"enemies":"Gremlin Gang","floor":11,"turns":5},{"damage":0,"enemies":"2 Fungi Beasts","floor":14,"turns":3},{"damage":13,"enemies":"Slime Boss","floor":16,"turns":14},{"damage":0,"enemies":"Spheric Guardian","floor":18,"turns":3},{"damage":4,"enemies":"2 Thieves","floor":20,"turns":2},{"damage":21,"enemies":"3 Cultists","floor":22,"turns":7},{"damage":0,"enemies":"Gremlin Leader","floor":23,"turns":5},{"damage":12,"enemies":"Centurion and Healer","floor":24,"turns":5},{"damage":10,"enemies":"Snecko","floor":28,"turns":4},{"damage":1,"enemies":"Cultist and Chosen","floor":29,"turns":4},{"damage":0,"enemies":"Centurion and Healer","floor":30,"turns":5},{"damage":31,"enemies":"Champ","floor":33,"turns":9},{"damage":33,"enemies":"3 Shapes","floor":35,"turns":4},{"damage":10,"enemies":"3 Darklings","floor":37,"turns":4},{"damage":12,"enemies":"Jaw Worm Horde","floor":38,"turns":4},{"damage":2,"enemies":"Giant Head","floor":46,"turns":8},{"damage":8,"enemies":"4 Shapes","floor":48,"turns":4},{"damage":34,"enemies":"Awakened One","floor":50,"turns":12}],"seed_played":"1198664418049384724","potions_obtained":[{"floor":6,"key":"Regen Potion"},{"floor":11,"key":"Block Potion"},{"floor":18,"key":"Explosive Potion"},{"floor":20,"key":"FearPotion"},{"floor":22,"key":"SmokeBomb"},{"floor":23,"key":"Swift Potion"},{"floor":24,"key":"GamblersBrew"},{"floor":28,"key":"GamblersBrew"},{"floor":29,"key":"Regen Potion"},{"floor":30,"key":"Ancient Potion"},{"floor":33,"key":"FocusPotion"},{"floor":35,"key":"Fire Potion"},{"floor":37,"key":"FocusPotion"},{"floor":38,"key":"AttackPotion"},{"floor":46,"key":"Energy Potion"},{"floor":48,"key":"Energy Potion"}],"is_trial":false,"path_per_floor":["M","M","M","?","?","E","$","R","T","R","M","$","R","M","R","B",null,"M","?","M","?","M","E","M","R","T","R","M","M","M","$","R","B",null,"M","$","M","M","?","R","?","R","T","?","R","E","?","M","R","B",null],"character_chosen":"DEFECT","items_purchased":["Steam"],"campfire_rested":5,"item_purchase_floors":[31],"current_hp_per_floor":[74,69,69,69,69,34,34,34,34,34,31,31,53,53,53,40,75,75,75,71,71,50,50,38,38,38,38,28,27,27,27,49,33,75,42,42,32,20,20,42,33,55,55,55,55,53,53,47,69,37],"gold":307,"neow_bonus":"THREE_CARDS","is_prod":false,"is_daily":false,"chose_seed":false,"campfire_upgraded":6,"win_rate":0,"timestamp":1568369986,"path_taken":["M","M","M","?","?","E","?","R","T","R","M","$","R","M","R","BOSS","M","?","M","?","M","E","M","R","T","R","M","M","?","$","R","BOSS","M","$","M","?","?","R","?","R","T","?","R","E","?","?","R","BOSS"],"build_version":"2019-07-17","purchased_purges":3,"victory":true,"max_hp_per_floor":[75,75,75,75,75,75,75,75,75,75,75,75,75,75,75,75,75,75,75,75,75,75,75,75,75,75,75,75,75,75,75,75,75,75,75,75,75,75,75,75,75,75,75,75,75,75,75,75,75,75],"card_choices":[{"not_picked":["Chaos","Barrage"],"picked":"Go for the Eyes","floor":0},{"not_picked":["Sweeping Beam","Turbo"],"picked":"Coolheaded","floor":1},{"not_picked":["Go for the Eyes","Steam"],"picked":"Gash","floor":2},{"not_picked":["Amplify","Barrage"],"picked":"Gash","floor":3},{"not_picked":["Reprogram","Compile Driver"],"picked":"Glacier","floor":6},{"not_picked":["Stack","Coolheaded"],"picked":"Gash","floor":11},{"not_picked":["Hologram","Beam Cell"],"picked":"Auto Shields","floor":14},{"not_picked":["Echo Form","Hyperbeam"],"picked":"All For One","floor":16},{"not_picked":["Coolheaded","Steam+1"],"picked":"Gash","floor":18},{"not_picked":["Steam+1","Ball Lightning+1","Compile Driver"],"picked":"SKIP","floor":20},{"not_picked":["Barrage","Stack"],"picked":"Creative AI","floor":22},{"not_picked":["Reprogram","Chaos"],"picked":"Force Field","floor":23},{"not_picked":["Consume","Beam Cell"],"picked":"Scrape","floor":24},{"not_picked":["Auto Shields","Hologram","Reinforced Body"],"picked":"SKIP","floor":28},{"not_picked":["Sweeping Beam","Streamline"],"picked":"Go for the Eyes","floor":29},{"not_picked":["Force Field","Streamline","Electrodynamics"],"picked":"SKIP","floor":30},{"not_picked":["Seek","Creative AI"],"picked":"Machine Learning","floor":33},{"not_picked":["Turbo+1","Go for the Eyes"],"picked":"Steam+1","floor":35},{"not_picked":["Redo","Cold Snap+1","Seek"],"picked":"SKIP","floor":37},{"not_picked":["Steam Power","Stack","Double Energy+1"],"picked":"SKIP","floor":38},{"not_picked":["Hologram","Streamline+1"],"picked":"Defragment+1","floor":46},{"not_picked":["Barrage","Compile Driver"],"picked":"FTL","floor":48}],"player_experience":177654,"relics_obtained":[{"floor":6,"key":"Bottled Flame"},{"floor":23,"key":"Whetstone"},{"floor":43,"key":"Dodecahedron"},{"floor":46,"key":"Blood Vial"}],"event_choices":[{"cards_removed":["Strike_B"],"damage_healed":0,"gold_gain":0,"player_choice":"Card Removal","damage_taken":0,"max_hp_gain":0,"max_hp_loss":0,"event_name":"The Cleric","floor":4,"gold_loss":50},{"cards_removed":["Strike_B"],"damage_healed":0,"gold_gain":0,"player_choice":"Forget","damage_taken":0,"max_hp_gain":0,"max_hp_loss":0,"event_name":"Living Wall","floor":5,"gold_loss":0},{"damage_healed":0,"gold_gain":0,"player_choice":"Ignored","damage_taken":0,"max_hp_gain":0,"max_hp_loss":0,"event_name":"Vampires","floor":19,"gold_loss":0},{"damage_healed":0,"gold_gain":0,"player_choice":"Trade","damage_taken":0,"relics_obtained":["NlothsMask"],"max_hp_gain":0,"max_hp_loss":0,"event_name":"FaceTrader","floor":21,"gold_loss":0},{"damage_healed":0,"gold_gain":0,"player_choice":"Ignored","damage_taken":0,"max_hp_gain":0,"max_hp_loss":0,"event_name":"The Moai Head","floor":39,"gold_loss":0},{"damage_healed":0,"gold_gain":0,"player_choice":"Embrace Madness","damage_taken":9,"max_hp_gain":0,"max_hp_loss":0,"event_name":"Winding Halls","floor":41,"gold_loss":0,"cards_obtained":["Madness","Madness"]},{"damage_healed":0,"gold_gain":0,"player_choice":"Ignored","damage_taken":0,"max_hp_gain":0,"max_hp_loss":0,"event_name":"Tomb of Lord Red Mask","floor":44,"gold_loss":0},{"damage_healed":0,"gold_gain":0,"player_choice":"Ignored","damage_taken":0,"max_hp_gain":0,"max_hp_loss":0,"event_name":"Mysterious Sphere","floor":47,"gold_loss":0}],"is_beta":false,"boss_relics":[{"not_picked":["Cursed Key","Velvet Choker"],"picked":"White Beast Statue"},{"not_picked":["Astrolabe","Pandora\u0027s Box"],"picked":"Runic Pyramid"}],"items_purged_floors":[7,31,36],"is_endless":false,"potions_floor_spawned":[6,11,18,20,22,23,24,28,29,30,33,35,37,38,46,48],"ascension_level":1}