{"gold_per_floor":[209,221,235,254,123,123,148,148,148,148,173,193,221,241,241,315,315,325,338,338,338,46,78,78,21,99,99,99,131,131,145,145,222,222,234,0,10,30,45,73,91,91,118,35,49,59,79,97,97,97,97,97,97,43,43],"floor_reached":55,"playtime":5804,"items_purged":["Shame"],"score":1922,"play_id":"8bb48cf3-7cf5-49e2-a72d-a546030747ac","local_time":"20190901172326","is_ascension_mode":true,"campfire_choices":[{"floor":6,"key":"REST"},{"data":"Defragment","floor":8,"key":"SMITH"},{"floor":10,"key":"REST"},{"data":"Genetic Algorithm","floor":15,"key":"SMITH"},{"floor":24,"key":"REST"},{"data":"Biased Cognition","floor":28,"key":"SMITH"},{"floor":30,"key":"REST"},{"floor":32,"key":"REST"},{"floor":49,"key":"RECALL"},{"floor":53,"key":"REST"}],"neow_cost":"NONE","seed_source_timestamp":257589948926649,"circlet_count":0,"master_deck":["AscendersBane","Strike_B","Strike_B","Strike_B","Strike_B","Defend_B+1","Defend_B","Defend_B","Defend_B","Zap","Dualcast","Barrage","Defragment+1","Static Discharge","Conserve Battery+1","Cold Snap","Sunder","Biased Cognition+1","Genetic Algorithm+1","Undo","Core Surge","Beam Cell+1","Cold Snap+1","Genetic Algorithm","Reinforced Body+1","Core Surge+1","Reboot","Heatsinks","Glacier","Parasite","Compile Driver+1","Coolheaded+1"],"relics":["Cracked Core","War Paint","Mango","Mercury Hourglass","Potion Belt","Bronze Scales","Inserter","Happy Flower","Blood Vial","Centennial Puzzle","Cables","Mummified Hand","Busted Crown","Red Mask","Whetstone"],"potions_floor_usage":[4,7,12,16,23,29,29,31,33,38,45,48,51,55],"damage_taken":[{"damage":12,"enemies":"Small Slimes","floor":1,"turns":4},{"damage":0,"enemies":"Cultist","floor":2,"turns":4},{"damage":7,"enemies":"Jaw Worm","floor":3,"turns":3},{"damage":28,"enemies":"Exordium Wildlife","floor":4,"turns":4},{"damage":12,"enemies":"Lagavulin","floor":7,"turns":7},{"damage":23,"enemies":"Gremlin Nob","floor":11,"turns":4},{"damage":7,"enemies":"Large Slime","floor":12,"turns":5},{"damage":5,"enemies":"3 Sentries","floor":13,"turns":6},{"damage":2,"enemies":"Looter","floor":14,"turns":3},{"damage":7,"enemies":"The Guardian","floor":16,"turns":10},{"damage":23,"enemies":"Chosen","floor":18,"turns":4},{"damage":15,"enemies":"Shell Parasite","floor":19,"turns":5},{"damage":28,"enemies":"Gremlin Leader","floor":23,"turns":7},{"damage":28,"enemies":"Slavers","floor":29,"turns":4},{"damage":28,"enemies":"Shelled Parasite and Fungi","floor":31,"turns":4},{"damage":11,"enemies":"Automaton","floor":33,"turns":9},{"damage":1,"enemies":"3 Shapes","floor":35,"turns":3},{"damage":0,"enemies":"Orb Walker","floor":37,"turns":2},{"damage":8,"enemies":"Maw","floor":38,"turns":9},{"damage":0,"enemies":"4 Shapes","floor":39,"turns":7},{"damage":43,"enemies":"Reptomancer","floor":40,"turns":7},{"damage":0,"enemies":"Writhing Mass","floor":41,"turns":9},{"damage":0,"enemies":"Maw","floor":45,"turns":7},{"damage":0,"enemies":"Transient","floor":46,"turns":6},{"damage":3,"enemies":"Sphere and 2 Shapes","floor":47,"turns":4},{"damage":3,"enemies":"Jaw Worm Horde","floor":48,"turns":5},{"damage":45,"enemies":"Time Eater","floor":50,"turns":14},{"damage":0,"enemies":"Donu and Deca","floor":51,"turns":25},{"damage":86,"enemies":"Shield and Spear","floor":55,"turns":3}],"seed_played":"8288506135302943507","potions_obtained":[{"floor":1,"key":"Energy Potion"},{"floor":3,"key":"GamblersBrew"},{"floor":4,"key":"Fire Potion"},{"floor":13,"key":"SkillPotion"},{"floor":18,"key":"Poison Potion"},{"floor":29,"key":"Energy Potion"},{"floor":31,"key":"EssenceOfSteel"},{"floor":37,"key":"SkillPotion"},{"floor":45,"key":"Fire Potion"},{"floor":47,"key":"SpeedPotion"}],"is_trial":false,"path_per_floor":["M","M","M","M","?","R","E","R","T","R","E","M","E","M","R","B",null,"M","M","?","?","$","E","R","$","T","?","R","E","R","M","R","B",null,"M","?","M","M","M","E","M","?","T","$","M","M","M","M","R","B","B",null,"R","$","E"],"character_chosen":"DEFECT","items_purchased":["Blood Vial","AttackPotion","Block Potion","Regen Potion","SpeedPotion"],"campfire_rested":6,"item_purchase_floors":[22,22,25,44,54],"current_hp_per_floor":[52,52,45,17,17,38,40,40,40,65,42,35,30,28,28,21,69,46,31,31,31,31,5,30,30,30,30,30,4,29,3,28,19,69,70,70,72,66,68,27,29,29,29,29,46,48,47,46,46,3,5,62,81,81,0],"gold":43,"neow_bonus":"HUNDRED_GOLD","is_prod":false,"is_daily":false,"chose_seed":false,"campfire_upgraded":3,"win_rate":0,"timestamp":1567373006,"path_taken":["M","M","M","M","?","R","E","R","T","R","E","?","E","M","R","BOSS","M","M","?","?","$","E","R","?","T","?","R","E","R","M","R","BOSS","M","?","M","M","M","E","M","?","T","?","M","M","?","M","R","BOSS","BOSS","R","$","E"],"build_version":"2019-07-17","purchased_purges":1,"victory":false,"max_hp_per_floor":[71,71,71,71,71,71,85,85,85,85,85,85,85,85,85,85,85,85,85,85,85,85,85,85,85,85,85,85,85,85,85,85,85,85,85,85,85,85,85,85,85,81,81,81,81,81,81,81,81,81,81,81,81,81,81],"card_choices":[{"not_picked":["Fusion","Coolheaded"],"picked":"Barrage","floor":1},{"not_picked":["Turbo","Blizzard"],"picked":"Defragment","floor":2},{"not_picked":["Sweeping Beam","Reprogram"],"picked":"Static Discharge","floor":3},{"not_picked":["Steam","Rip and Tear"],"picked":"Conserve Battery","floor":4},{"not_picked":["Chaos","Redo"],"picked":"Cold Snap","floor":7},{"not_picked":["Rip and Tear","Go for the Eyes"],"picked":"Sunder","floor":11},{"not_picked":["Tempest","Gash"],"picked":"Biased Cognition","floor":12},{"not_picked":["Hello World","Sweeping Beam"],"picked":"Genetic Algorithm","floor":13},{"not_picked":["Ball Lightning","Turbo"],"picked":"Undo","floor":14},{"not_picked":["Creative AI","Reboot"],"picked":"Core Surge","floor":16},{"not_picked":["Sweeping Beam","Streamline+1"],"picked":"Beam Cell+1","floor":18},{"not_picked":["Turbo","Stack"],"picked":"Cold Snap","floor":19},{"not_picked":["Auto Shields","Darkness"],"picked":"Genetic Algorithm","floor":23},{"not_picked":["Streamline","Redo"],"picked":"Reinforced Body+1","floor":29},{"not_picked":["FTL","Blizzard"],"picked":"Core Surge","floor":31},{"not_picked":["Core Surge","All For One"],"picked":"Reboot","floor":33},{"not_picked":["Go for the Eyes"],"picked":"SKIP","floor":35},{"not_picked":[],"picked":"Heatsinks","floor":37},{"not_picked":["Steam"],"picked":"SKIP","floor":38},{"not_picked":[],"picked":"Glacier","floor":39},{"not_picked":["Melter"],"picked":"SKIP","floor":40},{"not_picked":["Conserve Battery+1"],"picked":"SKIP","floor":41},{"not_picked":[],"picked":"Compile Driver+1","floor":45},{"not_picked":["Reinforced Body"],"picked":"SKIP","floor":46},{"not_picked":["All For One"],"picked":"SKIP","floor":47},{"not_picked":[],"picked":"Coolheaded+1","floor":48}],"player_experience":1930567,"relics_obtained":[{"floor":7,"key":"Mango"},{"floor":9,"key":"Mercury Hourglass"},{"floor":11,"key":"Potion Belt"},{"floor":13,"key":"Bronze Scales"},{"floor":23,"key":"Centennial Puzzle"},{"floor":26,"key":"Cables"},{"floor":29,"key":"Mummified Hand"},{"floor":40,"key":"Whetstone"}],"event_choices":[{"damage_healed":0,"gold_gain":0,"player_choice":"Paid Gold","damage_taken":0,"relics_obtained":["War Paint"],"max_hp_gain":0,"max_hp_loss":0,"event_name":"WeMeetAgain","floor":5,"gold_loss":131},{"damage_healed":0,"gold_gain":0,"player_choice":"Stole Relic","damage_taken":0,"relics_obtained":["Happy Flower"],"max_hp_gain":0,"max_hp_loss":0,"event_name":"Addict","floor":20,"gold_loss":0,"cards_obtained":["Shame"]},{"damage_healed":0,"gold_gain":0,"player_choice":"Smashed Altar","damage_taken":0,"max_hp_gain":0,"max_hp_loss":0,"event_name":"Forgotten Altar","floor":21,"gold_loss":0,"cards_obtained":["Decay"]},{"cards_removed":["Decay"],"damage_healed":0,"gold_gain":0,"player_choice":"Elegance","damage_taken":0,"max_hp_gain":0,"max_hp_loss":0,"event_name":"Back to Basics","floor":27,"gold_loss":0},{"damage_healed":0,"gold_gain":0,"player_choice":"Paid","damage_taken":0,"relics_obtained":["Red Mask"],"max_hp_gain":0,"max_hp_loss":0,"event_name":"Tomb of Lord Red Mask","floor":36,"gold_loss":234},{"damage_healed":0,"gold_gain":0,"player_choice":"Max HP","damage_taken":0,"max_hp_gain":0,"max_hp_loss":4,"event_name":"Winding Halls","floor":42,"gold_loss":0}],"is_beta":false,"boss_relics":[{"not_picked":["Orrery","White Beast Statue"],"picked":"Inserter"},{"not_picked":["Runic Dome","Coffee Dripper"],"picked":"Busted Crown"}],"items_purged_floors":[22],"is_endless":false,"potions_floor_spawned":[1,3,4,13,18,29,31,37,45,47],"killed_by":"Shield and Spear","ascension_level":20}