{"gold_per_floor":[116,128,141,156,24,24,49,49,49,49],"floor_reached":10,"playtime":461,"items_purged":[],"score":71,"play_id":"70291644-c9b2-4cc1-943b-61341a687c12","local_time":"20190420201922","is_ascension_mode":true,"campfire_choices":[{"data":"Noxious Fumes","floor":6,"key":"SMITH"}],"neow_cost":"TEN_PERCENT_HP_LOSS","seed_source_timestamp":23038942721545,"circlet_count":0,"master_deck":["Defend_G","Defend_G","Defend_G","Defend_G","Defend_G","Strike_G","Strike_G","Survivor","Neutralize","Backflip","Cloak And Dagger","Poisoned Stab","Outmaneuver","Noxious Fumes+1","Deflect","Flying Knee","Leg Sweep"],"relics":["Ring of the Snake","Pantograph"],"potions_floor_usage":[7,10,10],"damage_taken":[{"damage":0,"enemies":"2 Louse","floor":1,"turns":4},{"damage":2,"enemies":"Cultist","floor":2,"turns":6},{"damage":1,"enemies":"Small Slimes","floor":3,"turns":4},{"damage":2,"enemies":"Blue Slaver","floor":4,"turns":4},{"damage":22,"enemies":"Lagavulin","floor":7,"turns":7},{"damage":47,"enemies":"Gremlin Nob","floor":10,"turns":4}],"seed_played":"1380905612816113719","potions_obtained":[{"floor":2,"key":"Explosive Potion"},{"floor":3,"key":"FearPotion"},{"floor":7,"key":"AttackPotion"}],"is_trial":false,"path_per_floor":["M","M","M","M","$","R","E","?","T","E"],"character_chosen":"THE_SILENT","items_purchased":["Noxious Fumes","Deflect","Flying Knee"],"campfire_rested":0,"item_purchase_floors":[5,5,5],"current_hp_per_floor":[63,61,60,58,58,58,36,36,36,0],"gold":49,"neow_bonus":"REMOVE_TWO","is_prod":false,"is_daily":false,"chose_seed":false,"campfire_upgraded":1,"win_rate":0,"timestamp":1555755562,"path_taken":["M","M","M","M","$","R","E","?","T","E"],"build_version":"2019-01-23","purchased_purges":0,"victory":false,"max_hp_per_floor":[63,63,63,63,63,63,63,63,63,63],"card_choices":[{"not_picked":["Blade Dance","Terror"],"picked":"Backflip","floor":1},{"not_picked":["Riddle With Holes","Acrobatics"],"picked":"Cloak And Dagger","floor":2},{"not_picked":["Dagger Throw","Expertise"],"picked":"Poisoned Stab","floor":3},{"not_picked":["Dagger Throw","Setup"],"picked":"Outmaneuver","floor":4},{"not_picked":["Expertise","Terror"],"picked":"Leg Sweep","floor":7}],"player_experience":354078,"relics_obtained":[{"floor":7,"key":"Pantograph"}],"event_choices":[{"cards_removed":["Strike_G"],"damage_healed":0,"gold_gain":0,"player_choice":"Purged","damage_taken":0,"max_hp_gain":0,"max_hp_loss":0,"event_name":"Purifier","floor":8,"gold_loss":0}],"is_beta":false,"boss_relics":[],"items_purged_floors":[],"is_endless":false,"potions_floor_spawned":[2,3,7],"killed_by":"Gremlin Nob","ascension_level":1}