{"gold_per_floor":[114,126,126,143,143,172,172,203,227,227],"floor_reached":10,"playtime":410,"items_purged":[],"score":152,"play_id":"b09f5bed-098f-45c8-abc1-0ca1e54172da","local_time":"20190506090129","is_ascension_mode":true,"campfire_choices":[{"data":"Poisoned Stab","floor":7,"key":"SMITH"}],"neow_cost":"NONE","seed_source_timestamp":1032374294892881,"circlet_count":0,"master_deck":["AscendersBane","Defend_G","Defend_G","Defend_G","Defend_G","Defend_G","Strike_G","Strike_G","Strike_G","Strike_G","Strike_G","Survivor","Neutralize+1","Poisoned Stab+1","Leg Sweep","Noxious Fumes","Underhanded Strike","Corpse Explosion"],"relics":["Ring of the Snake","Lantern","Snake Skull","Oddly Smooth Stone"],"potions_floor_usage":[6,6],"damage_taken":[{"damage":0,"enemies":"Jaw Worm","floor":1,"turns":5},{"damage":0,"enemies":"Small Slimes","floor":2,"turns":2},{"damage":1,"enemies":"Cultist","floor":4,"turns":4},{"damage":12,"enemies":"3 Sentries","floor":6,"turns":9},{"damage":24,"enemies":"Gremlin Nob","floor":8,"turns":4},{"damage":13,"enemies":"Blue Slaver","floor":10,"turns":2}],"seed_played":"3903455524425287546","potions_obtained":[{"floor":2,"key":"PowerPotion"},{"floor":4,"key":"Swift Potion"}],"is_trial":false,"path_per_floor":["M","M","?","M","?","E","R","E","T","M"],"character_chosen":"THE_SILENT","items_purchased":[],"campfire_rested":0,"item_purchase_floors":[],"current_hp_per_floor":[59,59,59,58,49,37,37,13,13,0],"gold":227,"neow_bonus":"UPGRADE_CARD","is_prod":false,"is_daily":false,"chose_seed":false,"campfire_upgraded":1,"win_rate":0,"timestamp":1557147689,"path_taken":["M","M","?","M","?","E","R","E","T","M"],"build_version":"2019-01-23","purchased_purges":0,"victory":false,"max_hp_per_floor":[66,66,66,66,66,66,66,66,66,66],"card_choices":[{"not_picked":["PiercingWail","Quick Slash"],"picked":"Poisoned Stab","floor":1},{"not_picked":["PiercingWail","Backflip"],"picked":"Leg Sweep","floor":2},{"not_picked":["Dodge and Roll","Prepared"],"picked":"Noxious Fumes","floor":4},{"not_picked":["Reflex","Dagger Spray"],"picked":"Underhanded Strike","floor":6},{"not_picked":["Grand Finale","Accuracy"],"picked":"Corpse Explosion","floor":8}],"player_experience":1459796,"relics_obtained":[{"floor":6,"key":"Lantern"},{"floor":8,"key":"Snake Skull"},{"floor":9,"key":"Oddly Smooth Stone"}],"event_choices":[{"damage_healed":0,"gold_gain":0,"player_choice":"Ignored","damage_taken":0,"max_hp_gain":0,"max_hp_loss":0,"event_name":"Liars Game","floor":3,"gold_loss":0},{"damage_healed":0,"gold_gain":0,"player_choice":"Damaged","damage_taken":9,"max_hp_gain":0,"max_hp_loss":0,"event_name":"Wheel of Change","floor":5,"gold_loss":0}],"is_beta":false,"boss_relics":[],"items_purged_floors":[],"is_endless":false,"potions_floor_spawned":[2,4],"killed_by":"Blue Slaver","ascension_level":20}