{"gold_per_floor":[119,138,155,175,189,189,189,364,364,364,382,382,401,194,194,194],"floor_reached":16,"playtime":1400,"items_purged":[],"score":94,"play_id":"c84e5fe4-f7dd-465d-8214-cf3841be348b","local_time":"20190911115623","is_ascension_mode":false,"campfire_choices":[{"data":"White Noise","floor":6.0,"key":"SMITH"},{"data":"Hologram","floor":12.0,"key":"SMITH"},{"data":"Go for the Eyes","floor":15.0,"key":"SMITH"}],"neow_cost":"NONE","seed_source_timestamp":79281122820115,"circlet_count":0,"master_deck":["Strike_B","Strike_B","Strike_B","Strike_B","Defend_B","Defend_B","Defend_B","Defend_B","Zap","Dualcast","Go for the Eyes+1","Chill+1","Gash","White Noise+1","Stack","Doubt","Parasite","Hologram+1","Cold Snap","Leap"],"special_seed":0,"relics":["Cracked Core","Nunchaku","Lantern"],"potions_floor_usage":[],"damage_taken":[{"damage":0.0,"enemies":"Small Slimes","floor":1.0,"turns":3.0},{"damage":4.0,"enemies":"Jaw Worm","floor":2.0,"turns":4.0},{"damage":3.0,"enemies":"2 Louse","floor":3.0,"turns":3.0},{"damage":5.0,"enemies":"Blue Slaver","floor":4.0,"turns":4.0},{"damage":1.0,"enemies":"2 Fungi Beasts","floor":5.0,"turns":2.0},{"damage":6.0,"enemies":"Lots of Slimes","floor":11.0,"turns":7.0},{"damage":10.0,"enemies":"Large Slime","floor":13.0,"turns":8.0},{"damage":68,"enemies":"Hexaghost","floor":16,"turns":16}],"seed_played":"4805930375855079112","potions_obtained":[{"floor":2.0,"key":"Dexterity Potion"},{"floor":3.0,"key":"FocusPotion"},{"floor":11.0,"key":"SteroidPotion"}],"is_trial":false,"path_per_floor":["M","M","M","M","M","R","?","?","T","?","M","R","M","$","R","B"],"character_chosen":"DEFECT","items_purchased":["Leap","Lantern"],"campfire_rested":0,"item_purchase_floors":[14,14],"current_hp_per_floor":[82,78,75,70,69,69,69,69,69,82,76,76,66,66,66,0],"gold":194,"neow_bonus":"TEN_PERCENT_HP_BONUS","is_prod":false,"is_daily":false,"chose_seed":false,"campfire_upgraded":3,"win_rate":0,"timestamp":1568213783,"path_taken":["M","M","M","M","M","R","?","?","T","?","M","R","M","$","R","BOSS"],"build_version":"2019-07-17","purchased_purges":0,"victory":false,"max_hp_per_floor":[82,82,82,82,82,82,82,82,82,82,82,82,82,82,82,82],"card_choices":[{"not_picked":["Cold Snap","Melter"],"picked":"Go for the Eyes","floor":1.0},{"not_picked":["Coolheaded","Redo"],"picked":"Chill","floor":2.0},{"not_picked":["Go for the Eyes","Force Field"],"picked":"Gash","floor":3.0},{"not_picked":["Compile Driver","Aggregate"],"picked":"White Noise","floor":4.0},{"not_picked":["Steam Power","Force Field"],"picked":"Stack","floor":5.0},{"not_picked":["Lockon","Go for the Eyes"],"picked":"Hologram","floor":11.0},{"not_picked":["Blizzard","Streamline"],"picked":"Cold Snap","floor":13.0}],"player_experience":144945,"relics_obtained":[{"floor":9.0,"key":"Nunchaku"}],"event_choices":[{"damage_healed":0.0,"max_hp_gain":0.0,"max_hp_loss":0.0,"gold_gain":0.0,"event_name":"Living Wall","player_choice":"Grow","floor":7.0,"gold_loss":0.0,"damage_taken":0.0,"cards_upgraded":["Chill"]},{"damage_healed":0.0,"max_hp_gain":0.0,"max_hp_loss":0.0,"gold_gain":175.0,"event_name":"Liars Game","player_choice":"AGREE","floor":8.0,"gold_loss":0.0,"damage_taken":0.0,"cards_obtained":["Doubt"]},{"damage_healed":20.0,"max_hp_gain":0.0,"max_hp_loss":0.0,"gold_gain":0.0,"event_name":"Mushrooms","player_choice":"Healed and dodged fight","floor":10.0,"gold_loss":0.0,"damage_taken":0.0,"cards_obtained":["Parasite"]}],"is_beta":false,"boss_relics":[],"items_purged_floors":[],"is_endless":false,"potions_floor_spawned":[2,3,11,13],"killed_by":"Hexaghost","ascension_level":0}