{"gold_per_floor":[113,113,129,141,141,159,170,170,193,222,222,222,222,222],"floor_reached":14,"playtime":762,"items_purged":[],"score":167,"play_id":"ced455e0-34b0-4188-8111-48c47dd2b7ca","local_time":"20190805031908","is_ascension_mode":true,"campfire_choices":[{"data":"True Grit","floor":8,"key":"SMITH"},{"data":"Bash","floor":11,"key":"SMITH"},{"floor":13,"key":"REST"}],"neow_cost":"NONE","seed_source_timestamp":43047101979293,"circlet_count":0,"master_deck":["AscendersBane","Strike_R","Strike_R","Strike_R","Strike_R","Defend_R","Defend_R","Defend_R","Defend_R","Bash+1","Infernal Blade","Flame Barrier","Wild Strike","Headbutt","True Grit+1","Power Through","Injury"],"relics":["Burning Blood","Potion Belt","Red Skull","Golden Idol"],"potions_floor_usage":[7,10,10],"damage_taken":[{"damage":6,"enemies":"2 Louse","floor":1,"turns":4},{"damage":12,"enemies":"Small Slimes","floor":3,"turns":4},{"damage":1,"enemies":"Cultist","floor":4,"turns":3},{"damage":11,"enemies":"Red Slaver","floor":6,"turns":3},{"damage":46,"enemies":"Exordium Thugs","floor":7,"turns":8},{"damage":30,"enemies":"Lagavulin","floor":10,"turns":6},{"damage":92,"enemies":"Gremlin Nob","floor":14,"turns":6}],"seed_played":"148271931757518194","potions_obtained":[{"floor":1,"key":"BloodPotion"},{"floor":3,"key":"Block Potion"},{"floor":4,"key":"BloodPotion"},{"floor":7,"key":"SteroidPotion"}],"is_trial":false,"path_per_floor":["M","?","M","M","?","M","M","R","T","E","R","?","R","E"],"character_chosen":"IRONCLAD","items_purchased":[],"campfire_rested":1,"item_purchase_floors":[],"current_hp_per_floor":[75,68,62,67,72,67,48,48,48,45,45,45,71,0],"gold":222,"neow_bonus":"TEN_PERCENT_HP_BONUS","is_prod":false,"is_daily":false,"chose_seed":false,"campfire_upgraded":2,"win_rate":0,"timestamp":1564939148,"path_taken":["M","?","M","M","?","M","M","R","T","E","R","?","R","E"],"build_version":"2019-07-17","purchased_purges":0,"victory":false,"max_hp_per_floor":[82,82,82,82,87,87,87,87,87,87,87,87,87,87],"card_choices":[{"not_picked":["Burning Pact","True Grit"],"picked":"Infernal Blade","floor":1},{"not_picked":["Twin Strike","Disarm"],"picked":"Flame Barrier","floor":3},{"not_picked":["Sword Boomerang","Havoc"],"picked":"Wild Strike","floor":4},{"not_picked":["Iron Wave","Armaments"],"picked":"Headbutt","floor":6},{"not_picked":["Anger","Warcry"],"picked":"True Grit","floor":7},{"not_picked":["Twin Strike","Rage"],"picked":"Power Through","floor":10}],"player_experience":1140277,"relics_obtained":[{"floor":9,"key":"Potion Belt"},{"floor":10,"key":"Red Skull"}],"event_choices":[{"cards_removed":["Strike_R"],"damage_healed":0,"gold_gain":0,"player_choice":"Card Removal","damage_taken":7,"max_hp_gain":0,"max_hp_loss":0,"event_name":"Golden Wing","floor":2,"gold_loss":0},{"damage_healed":0,"gold_gain":0,"player_choice":"Donut","damage_taken":0,"max_hp_gain":5,"max_hp_loss":0,"event_name":"Big Fish","floor":5,"gold_loss":0},{"damage_healed":0,"gold_gain":0,"player_choice":"Take Wound","damage_taken":0,"relics_obtained":["Golden Idol"],"max_hp_gain":0,"max_hp_loss":0,"event_name":"Golden Idol","floor":12,"gold_loss":0,"cards_obtained":["Injury"]}],"is_beta":false,"boss_relics":[],"items_purged_floors":[],"is_endless":false,"potions_floor_spawned":[1,3,4,7],"killed_by":"Gremlin Nob","ascension_level":17}