{"gold_per_floor":[212,228,129,204,220,220,248,248,272,287,305,163,177,77,77,174,174,145,145,145,165,177,177,502,502,502,227,227,241,276,79,79,79],"floor_reached":33,"playtime":1807,"items_purged":["Strike_G","Strike_G","Strike_G"],"score":371,"play_id":"1510a02d-4adc-4ea4-8e97-315fb10d60e8","local_time":"20180802160039","is_ascension_mode":true,"campfire_choices":[{"data":"Riddle With Holes","floor":6,"key":"SMITH"},{"data":"Backflip","floor":8,"key":"SMITH"},{"floor":15,"key":"REST"},{"data":"Flechettes","floor":23,"key":"SMITH"},{"data":"Blur","floor":25,"key":"SMITH"},{"data":"Neutralize","floor":28,"key":"SMITH"},{"data":"Survivor","floor":32,"key":"SMITH"}],"neow_cost":"NONE","seed_source_timestamp":1888279668572893,"circlet_count":0,"master_deck":["Defend_G","Defend_G","Defend_G","Defend_G","Defend_G","Strike_G","Strike_G","Survivor+1","Neutralize+1","Blur+1","Riddle With Holes+1","Dodge and Roll","Flechettes+1","Backflip+1","Adrenaline","PiercingWail","Adrenaline","Caltrops+1","Outmaneuver+1","Quick Slash"],"relics":["Ring of the Snake","Oddly Smooth Stone","Omamori","Lantern","Black Star","Old Coin","Ginger","Pear","Pen Nib","Bottled Flame","Matryoshka","TheAbacus"],"potions_floor_usage":[7,16,16,22,24,24,24,33],"damage_taken":[{"damage":0,"enemies":"Small Slimes","floor":1,"turns":4},{"damage":0,"enemies":"2 Louse","floor":2,"turns":3},{"damage":0,"enemies":"Jaw Worm","floor":5,"turns":6},{"damage":14,"enemies":"3 Sentries","floor":7,"turns":11},{"damage":16,"enemies":"Exordium Thugs","floor":10,"turns":6},{"damage":1,"enemies":"Blue Slaver","floor":11,"turns":3},{"damage":0,"enemies":"Exordium Wildlife","floor":13,"turns":6},{"damage":19,"enemies":"The Guardian","floor":16,"turns":13},{"damage":0,"enemies":"2 Thieves","floor":18,"turns":5},{"damage":0,"enemies":"Shell Parasite","floor":21,"turns":6},{"damage":0,"enemies":"Snecko","floor":22,"turns":6},{"damage":6,"enemies":"Book of Stabbing","floor":24,"turns":6},{"damage":1,"enemies":"Centurion and Healer","floor":29,"turns":6},{"damage":5,"enemies":"Slavers","floor":30,"turns":8},{"damage":57,"enemies":"Automaton","floor":33,"turns":8}],"seed_played":"5520661461099848031","potions_obtained":[{"floor":5,"key":"GamblersBrew"},{"floor":11,"key":"SkillPotion"},{"floor":13,"key":"LiquidBronze"},{"floor":18,"key":"AttackPotion"},{"floor":19,"key":"Energy Potion"},{"floor":19,"key":"Energy Potion"},{"floor":22,"key":"Weak Potion"},{"floor":24,"key":"Block Potion"}],"is_trial":false,"path_per_floor":["M","M","$","?","M","R","E","R","T","M","M","?","M","$","R","B",null,"M","?","?","M","M","R","E","R","T","$","R","M","E","$","R"],"character_chosen":"THE_SILENT","items_purchased":["Dodge and Roll","Pen Nib","TheAbacus"],"campfire_rested":1,"item_purchase_floors":[3,27,31],"current_hp_per_floor":[63,63,63,52,52,52,38,38,38,22,21,21,21,21,42,23,58,58,58,58,58,58,58,52,52,62,62,62,61,56,56,56,0],"gold":79,"neow_bonus":"HUNDRED_GOLD","is_prod":false,"is_daily":false,"chose_seed":false,"campfire_upgraded":6,"win_rate":0,"timestamp":1533240039,"path_taken":["M","M","$","?","M","R","E","R","T","M","M","?","M","?","R","BOSS","M","?","?","M","?","R","E","R","T","$","R","M","E","$","R","BOSS"],"build_version":"2018-07-26","purchased_purges":3,"victory":false,"max_hp_per_floor":[70,70,70,70,70,70,70,70,70,70,70,70,70,70,70,70,70,70,70,70,70,70,70,70,70,80,80,80,80,80,80,80,80],"card_choices":[{"not_picked":["Dodge and Roll","Dagger Spray"],"picked":"Blur","floor":1},{"not_picked":["Backflip","Noxious Fumes"],"picked":"Riddle With Holes","floor":2},{"not_picked":["Underhanded Strike","Acrobatics"],"picked":"Flechettes","floor":5},{"not_picked":["Underhanded Strike","Sucker Punch"],"picked":"Backflip","floor":7},{"not_picked":["Backflip","Eviscerate","Acrobatics"],"picked":"SKIP","floor":10},{"not_picked":["Reflex","Tactician"],"picked":"Adrenaline","floor":11},{"not_picked":["Prepared","Tactician"],"picked":"PiercingWail","floor":13},{"not_picked":["Wraith Form v2","Venomology"],"picked":"Adrenaline","floor":16},{"not_picked":["Prepared","Outmaneuver+1","Quick Slash"],"picked":"SKIP","floor":18},{"not_picked":["Dagger Spray+1","Calculated Gamble","Prepared"],"picked":"SKIP","floor":21},{"not_picked":["Grand Finale","Quick Slash"],"picked":"Caltrops+1","floor":22},{"not_picked":["Backflip","Deadly Poison"],"picked":"Outmaneuver+1","floor":24},{"not_picked":["Bane","Prepared"],"picked":"Quick Slash","floor":29},{"not_picked":["Outmaneuver+1","Dagger Throw+1","Dagger Spray"],"picked":"SKIP","floor":30}],"player_experience":360392,"relics_obtained":[{"floor":7,"key":"Oddly Smooth Stone"},{"floor":9,"key":"Omamori"},{"floor":24,"key":"Old Coin"},{"floor":24,"key":"Ginger"},{"floor":26,"key":"Pear"},{"floor":30,"key":"Bottled Flame"},{"floor":30,"key":"Matryoshka"}],"event_choices":[{"event_name":"World of Goop","player_choice":"Gather Gold","floor":4,"damage_taken":0},{"event_name":"WeMeetAgain","player_choice":"Gold","floor":12,"damage_taken":0},{"event_name":"The Lab","player_choice":"Got Potions","floor":19,"damage_taken":0},{"event_name":"Vampires","player_choice":"Ignored","floor":20,"damage_taken":0}],"is_beta":false,"boss_relics":[{"not_picked":["Pandora\u0027s Box","Tiny House"],"picked":"Black Star"}],"items_purged_floors":[3,14,27],"is_endless":false,"potions_floor_spawned":[5,11,13,18,21,22,24],"killed_by":"Automaton","ascension_level":6}