{"gold_per_floor":[119,132,151,0,0,0,35,49,49,59,59,77,93,121,121,217,217,229,229,246,67,67,67,95,95,95,112,112,112,142,142,142,237,237,257,268,28,45,63,63,63,96,96,125,139,139,14,14,14,14],"floor_reached":51,"playtime":3737,"items_purged":["Strike_R","Strike_R","Writhe"],"score":922,"play_id":"0a07d181-072a-4db3-b810-d928695a1f32","local_time":"20190712183219","is_ascension_mode":true,"campfire_choices":[{"data":"Deep Breath","floor":6.0,"key":"SMITH"},{"data":"Battle Trance","floor":11.0,"key":"SMITH"},{"floor":15.0,"key":"REST"},{"floor":23.0,"key":"REST"},{"data":"Rampage","floor":25.0,"key":"SMITH"},{"floor":28.0,"key":"REST"},{"floor":32.0,"key":"REST"},{"floor":40.0,"key":"REST"},{"data":"Demon Form","floor":46,"key":"SMITH"},{"floor":49,"key":"DIG"}],"neow_cost":"NONE","seed_source_timestamp":0,"circlet_count":0,"master_deck":["Defend_R","Defend_R","Defend_R","Bash","Deep Breath+1","Battle Trance+1","Thunderclap","Twin Strike","Headbutt","Shrug It Off","Sword Boomerang","Shrug It Off","Offering+1","Rampage+1","Reaper","Offering","Flex+1","Dual Wield","Headbutt","Fiend Fire","Demon Form+1","Shrug It Off","Heavy Blade+1","Reaper","Carnage"],"special_seed":0,"relics":["Burning Blood","Centennial Puzzle","Bronze Scales","Darkstone Periapt","Snecko Eye","Nilry\u0027s Codex","Kunai","Nunchaku","Bag of Marbles","Empty Cage","Bottled Tornado","Oddly Smooth Stone","Ornamental Fan","Shovel","Lantern"],"potions_floor_usage":[50,50],"damage_taken":[{"damage":7.0,"enemies":"Jaw Worm","floor":1.0,"turns":5.0},{"damage":2.0,"enemies":"2 Louse","floor":2.0,"turns":3.0},{"damage":7.0,"enemies":"Small Slimes","floor":3.0,"turns":3.0},{"damage":30.0,"enemies":"Gremlin Nob","floor":7.0,"turns":4.0},{"damage":7.0,"enemies":"2 Fungi Beasts","floor":8.0,"turns":3.0},{"damage":8.0,"enemies":"Large Slime","floor":10.0,"turns":5.0},{"damage":8.0,"enemies":"Blue Slaver","floor":12.0,"turns":4.0},{"damage":5.0,"enemies":"Red Slaver","floor":13.0,"turns":3.0},{"damage":30.0,"enemies":"Lagavulin","floor":14.0,"turns":4.0},{"damage":6.0,"enemies":"Slime Boss","floor":16.0,"turns":6.0},{"damage":40.0,"enemies":"Shell Parasite","floor":18.0,"turns":5.0},{"damage":12.0,"enemies":"3 Byrds","floor":20.0,"turns":4.0},{"damage":39.0,"enemies":"Book of Stabbing","floor":24.0,"turns":4.0},{"damage":22.0,"enemies":"Shelled Parasite and Fungi","floor":27.0,"turns":3.0},{"damage":11.0,"enemies":"Gremlin Leader","floor":30.0,"turns":3.0},{"damage":47.0,"enemies":"Automaton","floor":33.0,"turns":6.0},{"damage":47.0,"enemies":"3 Shapes","floor":35.0,"turns":3.0},{"damage":45.0,"enemies":"3 Darklings","floor":36.0,"turns":3.0},{"damage":27.0,"enemies":"Maw","floor":38.0,"turns":5.0},{"damage":6.0,"enemies":"Sphere and 2 Shapes","floor":39.0,"turns":5.0},{"damage":43.0,"enemies":"Giant Head","floor":42.0,"turns":7.0},{"damage":11,"enemies":"Reptomancer","floor":44,"turns":3},{"damage":23,"enemies":"4 Shapes","floor":45,"turns":3},{"damage":63,"enemies":"Time Eater","floor":50,"turns":7}],"seed_played":"-510098091603512329","potions_obtained":[{"floor":1.0,"key":"Regen Potion"},{"floor":3.0,"key":"PowerPotion"},{"floor":13.0,"key":"Strength Potion"},{"floor":14.0,"key":"AttackPotion"},{"floor":16.0,"key":"AttackPotion"},{"floor":24.0,"key":"LiquidBronze"},{"floor":27.0,"key":"AttackPotion"},{"floor":33.0,"key":"Dexterity Potion"},{"floor":35.0,"key":"Dexterity Potion"},{"floor":44,"key":"AttackPotion"},{"floor":45,"key":"SpeedPotion"}],"is_trial":false,"path_per_floor":["M","M","M","$","?","R","E","M","T","M","R","M","M","E","R","B",null,"M","?","M","$","?","R","E","R","T","M","R","?","E","?","R","B",null,"M","M","$","M","M","R","?","E","T","E","M","R","$","?","R","B",null],"character_chosen":"IRONCLAD","items_purchased":["Headbutt","Shrug It Off","Offering","Bottled Tornado"],"campfire_rested":5,"item_purchase_floors":[4,4,21,37],"current_hp_per_floor":[79,80,79,79,84,84,60,59,59,57,57,55,56,32,57,57,85,51,35,33,33,33,58,47,47,47,31,56,56,51,35,62,21,90,53,32,32,11,23,50,79,60,60,96,79,79,79,79,79,22],"gold":14,"neow_bonus":"RANDOM_COLORLESS","is_prod":false,"is_daily":false,"chose_seed":false,"campfire_upgraded":4,"win_rate":0,"timestamp":1562949139,"path_taken":["M","M","M","$","?","R","E","M","T","M","R","M","M","E","R","BOSS","M","?","M","$","?","R","E","R","T","M","R","?","E","?","R","BOSS","M","M","$","M","M","R","?","E","T","E","M","R","$","?","R","BOSS"],"build_version":"2019-07-05","purchased_purges":3,"victory":true,"max_hp_per_floor":[80,80,80,80,85,85,85,85,85,85,85,85,85,85,85,85,85,85,85,85,85,85,85,85,85,85,85,85,85,85,90,90,90,90,90,90,90,90,90,90,96,96,96,96,96,96,96,96,96,96],"card_choices":[{"not_picked":["Clash","Anger"],"picked":"Battle Trance","floor":1.0},{"not_picked":["Iron Wave","Cleave"],"picked":"Thunderclap","floor":2.0},{"not_picked":["Perfected Strike","True Grit"],"picked":"Twin Strike","floor":3.0},{"not_picked":["Armaments","Fiend Fire"],"picked":"Sword Boomerang","floor":7.0},{"not_picked":["Clothesline","Anger","Iron Wave"],"picked":"SKIP","floor":8.0},{"not_picked":["Sword Boomerang","Rupture"],"picked":"Shrug It Off","floor":10.0},{"not_picked":["Anger","Warcry"],"picked":"Offering","floor":12.0},{"not_picked":["Sentinel","Clothesline","Carnage"],"picked":"SKIP","floor":13.0},{"not_picked":["Clash","Demon Form"],"picked":"Rampage","floor":14.0},{"not_picked":["Impervious","Bludgeon"],"picked":"Reaper","floor":16.0},{"not_picked":["Body Slam","Combust+1","Heavy Blade"],"picked":"SKIP","floor":18.0},{"not_picked":["Rupture+1","Warcry+1","Clash+1"],"picked":"SKIP","floor":20.0},{"not_picked":["Twin Strike","Iron Wave"],"picked":"Flex+1","floor":24.0},{"not_picked":["Seeing Red","Searing Blow","Power Through"],"picked":"SKIP","floor":27.0},{"not_picked":["Sword Boomerang+1","Metallicize"],"picked":"Fiend Fire","floor":30.0},{"not_picked":["Double Tap","Berserk"],"picked":"Demon Form","floor":33.0},{"not_picked":["Flex+1","Sword Boomerang+1"],"picked":"Shrug It Off","floor":35.0},{"not_picked":["Searing Blow","Twin Strike+1"],"picked":"Heavy Blade+1","floor":36.0},{"not_picked":["Burning Pact+1","Flex+1","Sword Boomerang+1"],"picked":"SKIP","floor":38.0},{"not_picked":["Battle Trance","Clothesline"],"picked":"Reaper","floor":39.0},{"not_picked":["Second Wind","Bloodletting","Sentinel+1"],"picked":"SKIP","floor":42.0},{"not_picked":["Iron Wave","Clothesline+1"],"picked":"Carnage","floor":44},{"not_picked":["Rupture+1","Dropkick","Flex+1"],"picked":"SKIP","floor":45}],"player_experience":34629,"relics_obtained":[{"floor":7.0,"key":"Centennial Puzzle"},{"floor":9.0,"key":"Bronze Scales"},{"floor":14.0,"key":"Darkstone Periapt"},{"floor":19.0,"key":"Nilry\u0027s Codex"},{"floor":24.0,"key":"Kunai"},{"floor":26.0,"key":"Nunchaku"},{"floor":30.0,"key":"Bag of Marbles"},{"floor":42.0,"key":"Oddly Smooth Stone"},{"floor":43.0,"key":"Ornamental Fan"},{"floor":44,"key":"Shovel"},{"floor":49,"key":"Lantern"}],"event_choices":[{"damage_healed":0.0,"max_hp_gain":5.0,"max_hp_loss":0.0,"gold_gain":0.0,"event_name":"Big Fish","player_choice":"Donut","floor":5.0,"gold_loss":0.0,"damage_taken":0.0},{"damage_healed":0.0,"max_hp_gain":0.0,"max_hp_loss":0.0,"gold_gain":0.0,"event_name":"Cursed Tome","player_choice":"Obtained Book","floor":19.0,"gold_loss":0.0,"damage_taken":16.0},{"damage_healed":0.0,"max_hp_gain":0.0,"max_hp_loss":0.0,"gold_gain":0.0,"cards_transformed":["Strike_R","Defend_R"],"event_name":"Drug Dealer","player_choice":"Became Test Subject","floor":29.0,"gold_loss":0.0,"damage_taken":0.0,"cards_obtained":["Dual Wield","Headbutt"]},{"damage_healed":0.0,"max_hp_gain":5.0,"max_hp_loss":0.0,"gold_gain":0.0,"event_name":"Forgotten Altar","player_choice":"Shed Blood","floor":31.0,"gold_loss":0.0,"damage_taken":21.0},{"damage_healed":23.0,"max_hp_gain":0.0,"max_hp_loss":0.0,"gold_gain":0.0,"event_name":"Winding Halls","player_choice":"Writhe","floor":41.0,"gold_loss":0.0,"damage_taken":0.0,"cards_obtained":["Writhe"]},{"damage_healed":0,"gold_gain":0,"player_choice":"Upgraded","damage_taken":0,"max_hp_gain":0,"max_hp_loss":0,"event_name":"Upgrade Shrine","floor":48,"gold_loss":0,"cards_upgraded":["Offering"]}],"is_beta":false,"boss_relics":[{"not_picked":["Tiny House","Mark of Pain"],"picked":"Snecko Eye"},{"not_picked":["Philosopher\u0027s Stone","Runic Dome"],"picked":"Empty Cage"}],"items_purged_floors":[4,21,47],"is_endless":false,"potions_floor_spawned":[1,3,13,14,16,24,27,33,35,44,45],"ascension_level":3}