{"gold_per_floor":[110,38,38,57,69,96,96,129,155,155,170,345,61,120,120,223,223,241,261,261,284,295,305,305,10,37,37,55,87,105,119,119,119],"floor_reached":33,"playtime":1115,"items_purged":["Pain"],"score":277,"play_id":"e9e785c5-539c-4cf0-afbd-a3514239a76e","local_time":"20190329025621","is_ascension_mode":false,"campfire_choices":[{"floor":7,"key":"REST"},{"data":"Bash","floor":10,"key":"SMITH"},{"data":"Spot Weakness","floor":15,"key":"SMITH"},{"floor":24,"key":"REST"},{"data":"Double Tap","floor":27,"key":"SMITH"},{"floor":32,"key":"RECALL"}],"neow_cost":"NONE","seed_source_timestamp":46129123866062,"circlet_count":0,"master_deck":["Strike_R","Strike_R","Strike_R","Strike_R","Strike_R","Defend_R","Defend_R","Defend_R","Defend_R+1","Bash+1","Spot Weakness+1","Infernal Blade+1","Shrug It Off","Rage","Anger","Iron Wave","Doubt","Panacea","Double Tap+1","Wild Strike+1","Twin Strike","Pommel Strike","Blood for Blood","Shrug It Off","Berserk","Cleave+1","Armaments+1","Heavy Blade"],"relics":["Black Blood","PreservedInsect","WarpedTongs","Centennial Puzzle","Vajra","War Paint","Tiny Chest","Nunchaku","Pen Nib","OrangePellets","Gambling Chip"],"potions_floor_usage":[5,16,16,18,22,33,33,33],"damage_taken":[{"damage":1,"enemies":"Cultist","floor":1,"turns":4},{"damage":11,"enemies":"Jaw Worm","floor":4,"turns":3},{"damage":3,"enemies":"2 Louse","floor":5,"turns":3},{"damage":21,"enemies":"3 Sentries","floor":6,"turns":7},{"damage":17,"enemies":"Lagavulin","floor":8,"turns":4},{"damage":2,"enemies":"Exordium Thugs","floor":11,"turns":3},{"damage":0,"enemies":"Lagavulin Event","floor":14,"turns":2},{"damage":19,"enemies":"Slime Boss","floor":16,"turns":6},{"damage":12,"enemies":"3 Byrds","floor":18,"turns":5},{"damage":14,"enemies":"Shell Parasite","floor":19,"turns":5},{"damage":21,"enemies":"Snake Plant","floor":22,"turns":2},{"damage":10,"enemies":"Cultist and Chosen","floor":23,"turns":4},{"damage":2,"enemies":"Sentry and Sphere","floor":28,"turns":4},{"damage":21,"enemies":"Slavers","floor":29,"turns":4},{"damage":3,"enemies":"Shelled Parasite and Fungi","floor":30,"turns":2},{"damage":10,"enemies":"3 Cultists","floor":31,"turns":5},{"damage":80,"enemies":"Collector","floor":33,"turns":7}],"seed_played":"-4654386499477765977","potions_obtained":[{"floor":1,"key":"Energy Potion"},{"floor":11,"key":"BloodPotion"},{"floor":14,"key":"PowerPotion"},{"floor":16,"key":"Weak Potion"},{"floor":19,"key":"LiquidBronze"},{"floor":22,"key":"Weak Potion"},{"floor":29,"key":"Poison Potion"},{"floor":30,"key":"LiquidBronze"}],"is_trial":false,"path_per_floor":["M","$","?","M","M","E","R","E","T","R","M","?","$","?","R","B",null,"M","M","?","T","M","M","R","$","T","R","M","E","M","M","R","B"],"character_chosen":"IRONCLAD","items_purchased":["Infernal Blade","Tiny Chest","Panacea","OrangePellets","Blood for Blood","Shrug It Off"],"campfire_rested":2,"item_purchase_floors":[2,13,13,25,25,25],"current_hp_per_floor":[80,80,80,75,78,63,80,69,69,69,73,73,73,79,79,74,80,78,74,59,59,48,48,73,73,73,73,81,70,77,77,77,0],"gold":119,"neow_bonus":"RANDOM_COMMON_RELIC","is_prod":false,"is_daily":false,"chose_seed":false,"campfire_upgraded":3,"win_rate":0,"timestamp":1553792181,"path_taken":["M","?","?","M","M","E","R","E","T","R","?","?","$","?","R","BOSS","M","M","?","?","M","M","R","$","T","R","M","E","M","M","R","BOSS"],"build_version":"2019-01-23","purchased_purges":1,"victory":false,"max_hp_per_floor":[80,80,80,80,80,80,80,80,80,80,80,80,80,80,80,80,80,80,80,85,85,85,85,85,85,85,85,85,85,85,85,85,85],"card_choices":[{"not_picked":["Perfected Strike","Armaments"],"picked":"Spot Weakness","floor":1},{"not_picked":["True Grit","Clash"],"picked":"Shrug It Off","floor":4},{"not_picked":["Offering","Sword Boomerang"],"picked":"Rage","floor":5},{"not_picked":["Twin Strike","Bloodletting"],"picked":"Anger","floor":6},{"not_picked":["Thunderclap","Anger"],"picked":"Iron Wave","floor":8},{"not_picked":["True Grit","Perfected Strike","Armaments"],"picked":"SKIP","floor":11},{"not_picked":["Impervious","Reaper"],"picked":"Double Tap","floor":16},{"not_picked":["Havoc","Twin Strike"],"picked":"Wild Strike+1","floor":18},{"not_picked":["Dual Wield","Shockwave"],"picked":"Twin Strike","floor":19},{"not_picked":["Pummel+1","Anger"],"picked":"Pommel Strike","floor":22},{"not_picked":["True Grit","Body Slam","Carnage"],"picked":"SKIP","floor":23},{"not_picked":["Intimidate+1","Twin Strike"],"picked":"Berserk","floor":28},{"not_picked":["Bloodletting","Double Tap"],"picked":"Cleave+1","floor":29},{"not_picked":["True Grit","Sever Soul+1"],"picked":"Armaments+1","floor":30},{"not_picked":["Iron Wave","Wild Strike"],"picked":"Heavy Blade","floor":31}],"player_experience":270399,"relics_obtained":[{"floor":6,"key":"Centennial Puzzle"},{"floor":8,"key":"Vajra"},{"floor":9,"key":"War Paint"},{"floor":14,"key":"Nunchaku"},{"floor":21,"key":"Pen Nib"},{"floor":29,"key":"Gambling Chip"}],"event_choices":[{"damage_healed":0,"gold_gain":0,"player_choice":"Rummage","damage_taken":0,"relics_obtained":["WarpedTongs"],"max_hp_gain":0,"max_hp_loss":0,"event_name":"Accursed Blacksmith","floor":3,"gold_loss":0,"cards_obtained":["Pain"]},{"damage_healed":0,"gold_gain":175,"player_choice":"AGREE","damage_taken":0,"max_hp_gain":0,"max_hp_loss":0,"event_name":"Liars Game","floor":12,"gold_loss":0,"cards_obtained":["Doubt"]},{"damage_healed":0,"gold_gain":0,"player_choice":"Searched \u00271\u0027 times","damage_taken":0,"max_hp_gain":0,"max_hp_loss":0,"event_name":"Dead Adventurer","floor":14,"gold_loss":0},{"damage_healed":0,"gold_gain":0,"player_choice":"Shed Blood","damage_taken":20,"max_hp_gain":5,"max_hp_loss":0,"event_name":"Forgotten Altar","floor":20,"gold_loss":0}],"is_beta":false,"boss_relics":[{"not_picked":["Philosopher\u0027s Stone","Eternal Feather"],"picked":"Black Blood"}],"items_purged_floors":[13],"is_endless":false,"potions_floor_spawned":[1,11,14,16,19,22,29,30],"killed_by":"Collector","ascension_level":0}