{"gold_per_floor":[109,126,144,100,113,113,133,133,133,133,44,74,91,119,119,219,219,230,230,247,263,188,245,259,259,259,288,303,99,198,209,209,209],"floor_reached":33,"playtime":2717,"items_purged":[],"score":299,"play_id":"90c8cef3-19dc-42f2-a244-8483c4b53084","local_time":"20190802123818","is_ascension_mode":false,"campfire_choices":[{"data":"Chaos","floor":6,"key":"SMITH"},{"data":"Glacier","floor":8,"key":"SMITH"},{"data":"Compile Driver","floor":10,"key":"SMITH"},{"floor":15,"key":"REST"},{"floor":25,"key":"REST"},{"data":"Glacier","floor":32,"key":"SMITH"}],"neow_cost":"NONE","seed_source_timestamp":236954301185454,"circlet_count":0,"master_deck":["Strike_B","Strike_B","Strike_B","Defend_B","Defend_B","Defend_B","Defend_B","Zap","Dualcast","Chaos+1","Glacier+1","Redo","Compile Driver+1","Static Discharge","Ball Lightning","Self Repair","Glacier+1","Barrage","Fusion","Biased Cognition+1","Loop","Tempest","Doom and Gloom","Fusion","Redo","Chill","Coolheaded","Cold Snap+1"],"relics":["Cracked Core","Meat on the Bone","Dream Catcher","Calipers","Snecko Eye","Tiny Chest","Pantograph","Bottled Tornado","Bag of Marbles"],"potions_floor_usage":[],"damage_taken":[{"damage":1,"enemies":"Jaw Worm","floor":1,"turns":3},{"damage":7,"enemies":"2 Louse","floor":2,"turns":2},{"damage":2,"enemies":"Cultist","floor":3,"turns":4},{"damage":8,"enemies":"Gremlin Gang","floor":5,"turns":7},{"damage":1,"enemies":"Looter","floor":7,"turns":4},{"damage":8,"enemies":"3 Sentries","floor":12,"turns":9},{"damage":7,"enemies":"2 Fungi Beasts","floor":13,"turns":3},{"damage":18,"enemies":"Gremlin Nob","floor":14,"turns":4},{"damage":30,"enemies":"Hexaghost","floor":16,"turns":10},{"damage":0,"enemies":"2 Thieves","floor":18,"turns":4},{"damage":0,"enemies":"Chosen","floor":20,"turns":7},{"damage":25,"enemies":"Shelled Parasite and Fungi","floor":21,"turns":4},{"damage":7,"enemies":"Book of Stabbing","floor":23,"turns":5},{"damage":21,"enemies":"Snake Plant","floor":24,"turns":2},{"damage":27,"enemies":"Gremlin Leader","floor":27,"turns":6},{"damage":8,"enemies":"Snecko","floor":28,"turns":6},{"damage":32,"enemies":"3 Cultists","floor":31,"turns":6},{"damage":66,"enemies":"Champ","floor":33,"turns":15}],"seed_played":"-2853948436126298999","potions_obtained":[{"floor":1,"key":"EssenceOfSteel"},{"floor":3,"key":"Explosive Potion"},{"floor":18,"key":"PowerPotion"}],"is_trial":false,"path_per_floor":["M","M","M","?","M","R","M","R","T","R","$","E","M","E","R","B",null,"M","?","M","M","?","E","M","R","T","E","M","$","?","M","R","B"],"character_chosen":"DEFECT","items_purchased":["Static Discharge","Ball Lightning","Coolheaded","Bag of Marbles"],"campfire_rested":2,"item_purchase_floors":[11,11,29,29],"current_hp_per_floor":[81,74,72,72,64,64,63,63,63,63,63,55,48,49,73,50,82,82,82,82,64,64,64,50,74,74,54,53,53,53,40,40,0],"gold":209,"neow_bonus":"TEN_PERCENT_HP_BONUS","is_prod":false,"is_daily":false,"chose_seed":false,"campfire_upgraded":4,"win_rate":0.0,"timestamp":1564767498,"path_taken":["M","M","M","?","M","R","M","R","T","R","$","E","M","E","R","BOSS","M","?","?","?","?","E","M","R","T","E","M","$","?","M","R","BOSS"],"build_version":"2019-07-17","purchased_purges":0,"victory":false,"max_hp_per_floor":[82,82,82,82,82,82,82,82,82,82,82,82,82,82,82,82,82,82,82,82,82,82,82,82,82,82,82,82,82,82,82,82,82],"card_choices":[{"not_picked":["Skim","Sweeping Beam"],"picked":"Chaos","floor":1},{"not_picked":["Rip and Tear","Leap","Genetic Algorithm"],"picked":"SKIP","floor":2},{"not_picked":["Coolheaded","Cold Snap"],"picked":"Glacier","floor":3},{"not_picked":["Cold Snap","Ball Lightning"],"picked":"Redo","floor":5},{"not_picked":["Steam","Gash"],"picked":"Compile Driver","floor":7},{"not_picked":["Sweeping Beam","Machine Learning"],"picked":"Self Repair","floor":12},{"not_picked":["Rebound","Hologram"],"picked":"Glacier","floor":13},{"not_picked":["Cold Snap","Steam"],"picked":"Barrage","floor":14},{"not_picked":["Hello World","Lockon"],"picked":"Fusion","floor":15},{"not_picked":["Electrodynamics","Amplify"],"picked":"Biased Cognition","floor":16},{"not_picked":["Conserve Battery","Stack"],"picked":"Loop","floor":18},{"not_picked":["Aggregate","Compile Driver"],"picked":"Tempest","floor":20},{"not_picked":["Go for the Eyes","Conserve Battery","Undo"],"picked":"SKIP","floor":21},{"not_picked":["Cold Snap","Leap+1"],"picked":"Doom and Gloom","floor":23},{"not_picked":["Scrape+1","Auto Shields"],"picked":"Fusion","floor":24},{"not_picked":["Double Energy","Hologram"],"picked":"Redo","floor":27},{"not_picked":["Conserve Battery","Ball Lightning"],"picked":"Chill","floor":28},{"not_picked":["Redo","Seek"],"picked":"Cold Snap+1","floor":31}],"player_experience":20437,"relics_obtained":[{"floor":9,"key":"Meat on the Bone"},{"floor":12,"key":"Dream Catcher"},{"floor":14,"key":"Calipers"},{"floor":23,"key":"Tiny Chest"},{"floor":26,"key":"Pantograph"},{"floor":27,"key":"Bottled Tornado"}],"event_choices":[{"damage_healed":0,"gold_gain":0,"player_choice":"Left Gold","damage_taken":0,"max_hp_gain":0,"max_hp_loss":0,"event_name":"World of Goop","floor":4,"gold_loss":44},{"damage_healed":0,"gold_gain":0,"player_choice":"Upgraded","damage_taken":0,"max_hp_gain":0,"max_hp_loss":0,"event_name":"Upgrade Shrine","floor":19,"gold_loss":0,"cards_upgraded":["Biased Cognition"]},{"cards_removed":["Strike_B"],"damage_healed":0,"gold_gain":0,"player_choice":"Gave Gold","damage_taken":0,"max_hp_gain":0,"max_hp_loss":0,"event_name":"Beggar","floor":22,"gold_loss":75},{"damage_healed":0,"gold_gain":99,"player_choice":"Stole From Cult","damage_taken":0,"max_hp_gain":0,"max_hp_loss":0,"event_name":"Nest","floor":30,"gold_loss":0}],"is_beta":false,"boss_relics":[{"not_picked":["Coffee Dripper","White Beast Statue"],"picked":"Snecko Eye"}],"items_purged_floors":[],"is_endless":false,"potions_floor_spawned":[1,3,5,18,21,27],"killed_by":"Champ","ascension_level":0}