{"path_per_floor":["M","M","?","M","?","E","M","M","T","$","?","M","$","E","R","B",null,"M","?","M","M","M","R","E","?","T","M","M","M","M","$","R"],"character_chosen":"THE_SILENT","items_purchased":["Heel Hook","Toxic Egg 2"],"gold_per_floor":[117,136,136,153,228,254,266,286,286,136,136,150,50,83,83,183,183,197,197,213,227,247,247,274,274,274,291,308,326,340,32,32,32],"floor_reached":33,"campfire_rested":1,"playtime":2439,"current_hp_per_floor":[70,70,56,55,44,41,34,34,34,34,34,32,32,24,45,18,70,60,60,50,48,40,40,7,7,7,23,27,31,34,34,34,0],"items_purged":["Defend_G","Defend_G","Defend_G"],"gold":32,"score":337,"play_id":"d2b64dc9-338f-4195-b8b5-49199934f352","local_time":"20180326033329","is_prod":false,"is_daily":false,"is_ascension_mode":true,"campfire_upgraded":2,"timestamp":1522049609,"path_taken":["M","M","?","M","?","E","M","?","T","$","?","?","$","E","R","BOSS","M","?","M","M","?","R","E","?","T","?","M","M","M","$","R","BOSS"],"build_version":"2018-03-22v2","purchased_purges":3,"victory":false,"master_deck":["Defend_G+1","Defend_G","Survivor","Neutralize+1","Calculated Gamble","Quick Slash+1","Deflect","Grand Finale","Underhanded Strike","Outmaneuver","Heel Hook","Choke","Calculated Gamble+1","Endless Agony","Adrenaline","Underhanded Strike","Finisher+1","Reflex","Heel Hook","Bite","Bite","Bite","Bite","Bite","Quick Slash","Acrobatics+1"],"max_hp_per_floor":[70,70,70,70,70,70,70,70,70,70,70,70,70,70,70,70,70,70,70,70,70,70,70,70,49,49,49,49,49,49,49,49,49],"relics":["Ring of the Snake","Whetstone","Thread and Needle","Shuriken","Black Star","Ornamental Fan","Pantograph","Ninja Scroll","The Courier","Toxic Egg 2"],"card_choices":[{"not_picked":["Bane","Flechettes"],"picked":"Calculated Gamble","floor":1},{"not_picked":["Dodge and Roll","PiercingWail"],"picked":"Quick Slash","floor":2},{"not_picked":["Underhanded Strike","Flechettes"],"picked":"Deflect","floor":4},{"not_picked":["Distraction","Leg Sweep"],"picked":"Grand Finale","floor":6},{"not_picked":["Endless Agony","Dash"],"picked":"Underhanded Strike","floor":7},{"not_picked":["Dagger Spray","Riddle With Holes"],"picked":"Outmaneuver","floor":8},{"not_picked":["Acrobatics","Leg Sweep"],"picked":"Calculated Gamble","floor":12},{"not_picked":["Blade Dance","Expertise"],"picked":"Endless Agony","floor":14},{"not_picked":["Storm of Steel","Envenom"],"picked":"Adrenaline","floor":16},{"not_picked":["Blade Dance","Endless Agony"],"picked":"Underhanded Strike","floor":18},{"not_picked":["Dagger Throw","PiercingWail"],"picked":"Finisher","floor":20},{"not_picked":["Calculated Gamble","Catalyst"],"picked":"Reflex","floor":22},{"not_picked":["Dagger Throw","Catalyst"],"picked":"Heel Hook","floor":24},{"not_picked":["Crippling Poison","Dodge and Roll"],"picked":"Quick Slash","floor":27},{"not_picked":["Envenom","Expertise"],"picked":"Acrobatics","floor":30}],"player_experience":91064,"potions_floor_usage":[6,6,14,16,24,27,28,33,33,33],"damage_taken":[{"damage":0,"enemies":"2 Louse","floor":1,"turns":4},{"damage":0,"enemies":"Small Slimes","floor":2,"turns":4},{"damage":1,"enemies":"Jaw Worm","floor":4,"turns":3},{"damage":18,"enemies":"3 Sentries","floor":6,"turns":12},{"damage":7,"enemies":"Lots of Slimes","floor":7,"turns":5},{"damage":0,"enemies":"Blue Slaver","floor":8,"turns":3},{"damage":2,"enemies":"Large Slime","floor":12,"turns":6},{"damage":8,"enemies":"Lagavulin","floor":14,"turns":5},{"damage":27,"enemies":"The Guardian","floor":16,"turns":13},{"damage":10,"enemies":"3 Byrds","floor":18,"turns":6},{"damage":10,"enemies":"Spheric Guardian","floor":20,"turns":4},{"damage":2,"enemies":"Snake Plant","floor":21,"turns":2},{"damage":8,"enemies":"Chosen and Byrds","floor":22,"turns":6},{"damage":33,"enemies":"Slavers","floor":24,"turns":5},{"damage":0,"enemies":"Centurion and Healer","floor":27,"turns":6},{"damage":0,"enemies":"Snecko","floor":28,"turns":3},{"damage":0,"enemies":"Slaver and Parasite","floor":29,"turns":3},{"damage":7,"enemies":"Sentry and Sphere","floor":30,"turns":4},{"damage":70,"enemies":"Automaton","floor":33,"turns":8}],"event_choices":[{"event_name":"Shining Light","player_choice":"Entered Light","floor":3,"damage_taken":0},{"event_name":"World of Goop","player_choice":"Gather Gold","floor":5,"damage_taken":0},{"event_name":"Living Wall","player_choice":"Change","floor":11,"damage_taken":0},{"event_name":"The Mausoleum","player_choice":"Yes","floor":19,"damage_taken":0},{"event_name":"Vampires","player_choice":"Became a vampire","floor":25,"damage_taken":0}],"boss_relics":[{"not_picked":["Runic Pyramid","Calling Bell"],"picked":"Black Star"}],"potions_floor_spawned":[1,4,6,12,22,24,27,28,29,30],"seed_played":"835903693713890751","killed_by":"Automaton","ascension_level":2,"is_trial":false}