{"gold_per_floor":[119,119,17,27,27,27,59,72,97,97,115,149,324,341,341,444,444,444,2,2,2,2,2,2,2,2,2,2,2,2,2,2,2,2,2,2,2,2,2,2,2,2,2,2,2,2,2,2],"floor_reached":48,"playtime":4341,"items_purged":["Doubt"],"score":880,"play_id":"3982d8f2-8510-4e0f-afab-949e2e1bf4a0","local_time":"20190909215950","is_ascension_mode":true,"campfire_choices":[{"data":"Noxious Fumes","floor":6.0,"key":"SMITH"},{"floor":10.0,"key":"REST"},{"floor":15.0,"key":"REST"},{"data":"Footwork","floor":24.0,"key":"SMITH"},{"data":"Adrenaline","floor":30,"key":"SMITH"},{"data":"Corpse Explosion","floor":32,"key":"SMITH"}],"neow_cost":"NONE","seed_source_timestamp":0,"circlet_count":0,"master_deck":["Strike_G","Strike_G","Strike_G","Strike_G","Defend_G","Defend_G","Defend_G","Defend_G","Defend_G","Survivor","Neutralize","Predator","Noxious Fumes+1","Dodge and Roll","Sucker Punch","Backflip","Poisoned Stab","Crippling Poison","Infinite Blades","Deadly Poison","Adrenaline+1","Footwork+1","PiercingWail","Bouncing Flask","Backflip+1","Crippling Poison","Well Laid Plans","Dodge and Roll","Corpse Explosion+1","Backflip+1","Normality","Parasite"],"special_seed":0,"relics":["Ring of the Snake","Orichalcum","Singing Bowl","Art of War","Regal Pillow","Ectoplasm","Bottled Tornado","Letter Opener","Bag of Preparation","Thread and Needle","Dream Catcher","Pen Nib","Cursed Key","Calipers","Ice Cream","Strawberry"],"potions_floor_usage":[33,42,42],"damage_taken":[{"damage":8.0,"enemies":"Jaw Worm","floor":1.0,"turns":5.0},{"damage":3.0,"enemies":"2 Louse","floor":4.0,"turns":3.0},{"damage":35.0,"enemies":"Lagavulin","floor":7.0,"turns":9.0},{"damage":0.0,"enemies":"Cultist","floor":8.0,"turns":3.0},{"damage":6.0,"enemies":"3 Louse","floor":11.0,"turns":2.0},{"damage":14.0,"enemies":"Gremlin Nob","floor":12.0,"turns":4.0},{"damage":2.0,"enemies":"2 Fungi Beasts","floor":14.0,"turns":3.0},{"damage":12.0,"enemies":"Hexaghost","floor":16.0,"turns":8.0},{"damage":9.0,"enemies":"Spheric Guardian","floor":18.0,"turns":4.0},{"damage":2.0,"enemies":"Chosen","floor":21.0,"turns":4.0},{"damage":7.0,"enemies":"Gremlin Leader","floor":23.0,"turns":6.0},{"damage":24.0,"enemies":"Slavers","floor":27.0,"turns":5.0},{"damage":0.0,"enemies":"Sentry and Sphere","floor":28.0,"turns":5.0},{"damage":0,"enemies":"3 Cultists","floor":29,"turns":5},{"damage":0,"enemies":"Gremlin Leader","floor":31,"turns":6},{"damage":0,"enemies":"Collector","floor":33,"turns":7},{"damage":0,"enemies":"3 Shapes","floor":35,"turns":3},{"damage":0,"enemies":"Orb Walker","floor":36,"turns":4},{"damage":0,"enemies":"Maw","floor":37,"turns":7},{"damage":0,"enemies":"Sphere and 2 Shapes","floor":38,"turns":4},{"damage":0,"enemies":"Transient","floor":39,"turns":5},{"damage":0,"enemies":"Reptomancer","floor":40,"turns":6},{"damage":13,"enemies":"Giant Head","floor":42,"turns":9},{"damage":91,"enemies":"Reptomancer","floor":48,"turns":2}],"seed_played":"-696148024630566092","potions_obtained":[{"floor":4.0,"key":"Swift Potion"},{"floor":12.0,"key":"PowerPotion"},{"floor":14.0,"key":"Strength Potion"},{"floor":16.0,"key":"FearPotion"},{"floor":18.0,"key":"FearPotion"},{"floor":21.0,"key":"AttackPotion"},{"floor":33,"key":"Block Potion"},{"floor":37,"key":"FearPotion"},{"floor":40,"key":"SpeedPotion"},{"floor":42,"key":"Energy Potion"}],"is_trial":false,"path_per_floor":["M","?","$","M","?","R","E","M","T","R","M","E","?","M","R","B",null,"M","$","?","M","?","E","R","?","T","E","M","M","R","E","R","B",null,"M","M","M","M","M","E","?","E","T","$","?","T","$","E"],"character_chosen":"THE_SILENT","items_purchased":["Noxious Fumes","Dodge and Roll","Footwork","Bottled Tornado","PiercingWail"],"campfire_rested":2,"item_purchase_floors":[3,3,19,19,19],"current_hp_per_floor":[55,52,52,49,49,49,14,14,14,35,29,15,15,13,49,37,62,55,55,55,53,53,46,46,72,72,48,48,48,48,48,48,50,68,70,72,74,74,76,78,78,67,67,67,69,76,76,0],"gold":2,"neow_bonus":"THREE_CARDS","is_prod":false,"is_daily":false,"chose_seed":false,"campfire_upgraded":4,"win_rate":0,"timestamp":1568055590,"path_taken":["M","?","$","M","?","R","E","M","T","R","?","E","?","M","R","BOSS","M","$","?","?","?","E","R","?","T","E","M","M","R","E","R","BOSS","M","?","M","M","M","E","?","E","T","$","?","?","?","E"],"build_version":"2019-07-17","purchased_purges":1,"victory":false,"max_hp_per_floor":[70,70,70,70,70,70,70,70,70,70,70,70,70,70,70,70,70,72,72,72,72,72,72,72,72,72,72,72,72,72,72,72,74,74,76,78,80,80,82,84,84,86,86,86,88,95,95,95],"card_choices":[{"not_picked":["Bane","Dodge and Roll"],"picked":"Predator","floor":0.0},{"not_picked":["Slice","Deadly Poison"],"picked":"Dagger Spray","floor":1.0},{"not_picked":["Slice","Acrobatics"],"picked":"Sucker Punch","floor":4.0},{"not_picked":["Blade Dance","Dodge and Roll"],"picked":"Backflip","floor":7.0},{"not_picked":["Dagger Throw","Deadly Poison"],"picked":"Poisoned Stab","floor":8.0},{"not_picked":["Acrobatics","Distraction"],"picked":"Crippling Poison","floor":11.0},{"not_picked":["Eviscerate","Bane"],"picked":"Infinite Blades","floor":12.0},{"not_picked":["Finisher","Setup"],"picked":"Deadly Poison","floor":14.0},{"not_picked":["Glass Knife","After Image"],"picked":"Adrenaline","floor":16.0},{"not_picked":["Masterful Stab","Prepared","Dagger Spray"],"picked":"Singing Bowl","floor":18.0},{"not_picked":["Flying Knee+1","Backstab+1"],"picked":"Bouncing Flask","floor":21.0},{"not_picked":["Bane","Deflect"],"picked":"Backflip+1","floor":23.0},{"not_picked":["Deflect","Deadly Poison+1"],"picked":"Crippling Poison","floor":27.0},{"not_picked":["Backflip","Blur"],"picked":"Well Laid Plans","floor":28},{"not_picked":["Flying Knee","Bane+1"],"picked":"Dodge and Roll","floor":29},{"not_picked":["All Out Attack+1","Poisoned Stab+1"],"picked":"Corpse Explosion","floor":31},{"not_picked":["Wraith Form v2","Grand Finale","Venomology"],"picked":"Singing Bowl","floor":33},{"not_picked":["Underhanded Strike","Setup+1","Flying Knee+1"],"picked":"Singing Bowl","floor":35},{"not_picked":["Underhanded Strike+1","Predator","Calculated Gamble"],"picked":"Singing Bowl","floor":36},{"not_picked":["Eviscerate","Flying Knee+1","Bouncing Flask"],"picked":"Singing Bowl","floor":37},{"not_picked":["Sucker Punch+1","Blade Dance+1"],"picked":"Backflip+1","floor":38},{"not_picked":["Setup","Crippling Poison","Underhanded Strike"],"picked":"Singing Bowl","floor":39},{"not_picked":["A Thousand Cuts","Deadly Poison","Choke+1"],"picked":"Singing Bowl","floor":40},{"not_picked":["Dagger Throw+1","Doppelganger","Choke+1"],"picked":"Singing Bowl","floor":42},{"not_picked":["Panacea","Deep Breath","Dark Shackles"],"picked":"Singing Bowl","floor":45}],"player_experience":244024,"relics_obtained":[{"floor":7.0,"key":"Singing Bowl"},{"floor":9.0,"key":"Art of War"},{"floor":12.0,"key":"Regal Pillow"},{"floor":23.0,"key":"Bag of Preparation"},{"floor":26.0,"key":"Thread and Needle"},{"floor":27.0,"key":"Dream Catcher"},{"floor":31,"key":"Pen Nib"},{"floor":40,"key":"Calipers"},{"floor":42,"key":"Ice Cream"},{"floor":46,"key":"Strawberry"}],"event_choices":[{"damage_healed":0.0,"max_hp_gain":0.0,"max_hp_loss":0.0,"gold_gain":0.0,"event_name":"Scrap Ooze","player_choice":"Success","floor":2.0,"gold_loss":0.0,"damage_taken":3.0,"relics_obtained":["Orichalcum"]},{"cards_removed":["Strike_G"],"damage_healed":0.0,"max_hp_gain":0.0,"max_hp_loss":0.0,"gold_gain":0.0,"event_name":"Purifier","player_choice":"Purged","floor":5.0,"gold_loss":0.0,"damage_taken":0.0},{"damage_healed":0.0,"max_hp_gain":0.0,"max_hp_loss":0.0,"gold_gain":175.0,"event_name":"Liars Game","player_choice":"AGREE","floor":13.0,"gold_loss":0.0,"damage_taken":0.0,"cards_obtained":["Doubt"]},{"damage_healed":0.0,"max_hp_gain":0.0,"max_hp_loss":0.0,"gold_gain":100.0,"event_name":"Golden Shrine","player_choice":"Pray","floor":20.0,"gold_loss":0.0,"damage_taken":0.0},{"damage_healed":0.0,"max_hp_gain":0.0,"max_hp_loss":0.0,"gold_gain":0.0,"event_name":"The Mausoleum","player_choice":"Opened","floor":22.0,"gold_loss":0.0,"damage_taken":0.0,"relics_obtained":["Letter Opener"]},{"damage_healed":26.0,"max_hp_gain":0.0,"max_hp_loss":0.0,"gold_gain":0.0,"event_name":"Wheel of Change","player_choice":"Full Heal","floor":25.0,"gold_loss":0.0,"damage_taken":0.0},{"cards_removed":["Dagger Spray"],"damage_healed":0,"gold_gain":0,"player_choice":"Removed Attack","damage_taken":0,"max_hp_gain":0,"max_hp_loss":0,"event_name":"Falling","floor":41,"gold_loss":0},{"damage_healed":0,"gold_gain":0,"player_choice":"Memory 1","damage_taken":0,"max_hp_gain":0,"max_hp_loss":0,"event_name":"SensoryStone","floor":45,"gold_loss":0}],"is_beta":false,"boss_relics":[{"not_picked":["WristBlade","Runic Dome"],"picked":"Ectoplasm"},{"not_picked":["Black Star","Coffee Dripper"],"picked":"Cursed Key"}],"items_purged_floors":[19],"is_endless":false,"potions_floor_spawned":[4,12,14,16,18,21,33,37,40,42],"killed_by":"Reptomancer","ascension_level":6}