{"gold_per_floor":[361,372,372,162,162,162,203,203,203,238,253,253,268,268,268,268],"floor_reached":16,"playtime":491,"items_purged":["Injury"],"score":130,"play_id":"8538c47f-16ea-4cb4-8d05-818b71e4bd1e","local_time":"20190501222334","is_ascension_mode":true,"campfire_choices":[{"data":"Cleave","floor":6,"key":"SMITH"},{"floor":12,"key":"REST"},{"floor":15,"key":"REST"}],"neow_cost":"TEN_PERCENT_HP_LOSS","seed_source_timestamp":32940528523184,"circlet_count":0,"master_deck":["Strike_R","Strike_R","Strike_R","Strike_R","Strike_R","Defend_R","Defend_R+1","Defend_R","Defend_R","Bash","Cleave+1","Pommel Strike","Panacea+1","Headbutt","Regret","Sword Boomerang","Anger+1","Pommel Strike+1","Armaments","Pommel Strike+1"],"relics":["Burning Blood","Golden Idol","Blood Vial","War Paint","Molten Egg 2","PreservedInsect"],"potions_floor_usage":[7,10,11,11,16],"damage_taken":[{"damage":1,"enemies":"2 Louse","floor":1,"turns":3},{"damage":0,"enemies":"Small Slimes","floor":2,"turns":3},{"damage":54,"enemies":"Lagavulin","floor":7,"turns":6},{"damage":24,"enemies":"3 Sentries","floor":10,"turns":5},{"damage":0,"enemies":"Cultist","floor":11,"turns":2},{"damage":17,"enemies":"Looter","floor":13,"turns":3},{"damage":58,"enemies":"Hexaghost","floor":16,"turns":9}],"seed_played":"6263015710398578725","potions_obtained":[{"floor":1,"key":"AttackPotion"},{"floor":8,"key":"Fire Potion"},{"floor":8,"key":"PowerPotion"},{"floor":8,"key":"SmokeBomb"},{"floor":10,"key":"BloodPotion"},{"floor":13,"key":"EssenceOfSteel"}],"is_trial":false,"path_per_floor":["M","M","?","$","?","R","E","?","T","E","M","R","M","?","R","B"],"character_chosen":"IRONCLAD","items_purchased":["Panacea","Headbutt"],"campfire_rested":2,"item_purchase_floors":[4,4],"current_hp_per_floor":[72,72,72,72,72,72,24,24,24,8,23,44,35,35,56,0],"gold":268,"neow_bonus":"TWO_FIFTY_GOLD","is_prod":false,"is_daily":false,"chose_seed":false,"campfire_upgraded":1,"win_rate":0,"timestamp":1556713414,"path_taken":["M","M","?","$","?","R","E","?","T","E","M","R","?","?","R","BOSS"],"build_version":"2019-01-23","purchased_purges":1,"victory":false,"max_hp_per_floor":[72,72,72,72,72,72,72,72,72,72,72,72,72,72,72,72],"card_choices":[{"not_picked":["Flex","Clash"],"picked":"Cleave","floor":1},{"not_picked":["Cleave","Havoc"],"picked":"Pommel Strike","floor":2},{"not_picked":["Blood for Blood","Havoc"],"picked":"Sword Boomerang","floor":7},{"not_picked":["Bludgeon+1","Evolve"],"picked":"Anger+1","floor":10},{"not_picked":["Disarm","True Grit"],"picked":"Pommel Strike+1","floor":11},{"not_picked":["Pommel Strike+1","Warcry"],"picked":"Armaments","floor":13}],"player_experience":561610,"relics_obtained":[{"floor":7,"key":"War Paint"},{"floor":9,"key":"Molten Egg 2"},{"floor":10,"key":"PreservedInsect"}],"event_choices":[{"damage_healed":0,"gold_gain":0,"player_choice":"Take Wound","damage_taken":0,"relics_obtained":["Golden Idol"],"max_hp_gain":0,"max_hp_loss":0,"event_name":"Golden Idol","floor":3,"gold_loss":0,"cards_obtained":["Injury"]},{"damage_healed":0,"gold_gain":0,"player_choice":"Box","damage_taken":0,"relics_obtained":["Blood Vial"],"max_hp_gain":0,"max_hp_loss":0,"event_name":"Big Fish","floor":5,"gold_loss":0,"cards_obtained":["Regret"]},{"damage_healed":0,"gold_gain":0,"player_choice":"Got Potions","damage_taken":0,"max_hp_gain":0,"max_hp_loss":0,"event_name":"Lab","floor":8,"gold_loss":0},{"damage_healed":0,"gold_gain":0,"player_choice":"1 cards matched","damage_taken":0,"max_hp_gain":0,"max_hp_loss":0,"event_name":"Match and Keep!","floor":14,"gold_loss":0,"cards_obtained":["Pommel Strike"]}],"is_beta":false,"boss_relics":[],"items_purged_floors":[4],"is_endless":false,"potions_floor_spawned":[1,10,13],"killed_by":"Hexaghost","ascension_level":4}