{"gold_per_floor":[109,109,79,95,20,59,75,75,75,99,99,112,112,136,136,264,264,282,136,151,176,276,276],"floor_reached":23,"playtime":2394,"items_purged":["Strike_B","Injury"],"score":290,"play_id":"231e40ed-bfc9-4685-8bec-aa9e0e7b5da2","local_time":"20181104192547","is_ascension_mode":true,"campfire_choices":[{"data":"Hologram","floor":8,"key":"SMITH"},{"data":"Conserve Battery","floor":13,"key":"SMITH"},{"data":"Reinforced Body","floor":15,"key":"SMITH"}],"neow_cost":"NONE","seed_source_timestamp":688763981611216,"circlet_count":0,"master_deck":["AscendersBane","Strike_B","Strike_B","Strike_B","Defend_B","Defend_B","Defend_B","Defend_B","Zap","Dualcast","Gash","Blizzard","FTL","Hologram+1","Conserve Battery+1","Coolheaded","Reinforced Body+1","Reboot","Coolheaded","Consume"],"relics":["Cracked Core","Golden Idol","Ice Cream","Torii","Runic Dome"],"potions_floor_usage":[12,14,16,18,23,23,23,23],"damage_taken":[{"damage":10,"enemies":"Cultist","floor":1,"turns":4},{"damage":3,"enemies":"Jaw Worm","floor":4,"turns":4},{"damage":48,"enemies":"Lagavulin","floor":6,"turns":7},{"damage":5,"enemies":"2 Louse","floor":7,"turns":3},{"damage":2,"enemies":"2 Fungi Beasts","floor":10,"turns":4},{"damage":6,"enemies":"Gremlin Gang","floor":12,"turns":7},{"damage":16,"enemies":"Lots of Slimes","floor":14,"turns":4},{"damage":14,"enemies":"The Guardian","floor":16,"turns":15},{"damage":8,"enemies":"Shell Parasite","floor":18,"turns":10},{"damage":18,"enemies":"Chosen","floor":20,"turns":8},{"damage":9,"enemies":"Centurion and Healer","floor":21,"turns":10},{"damage":96,"enemies":"Gremlin Leader","floor":23,"turns":9}],"seed_played":"3199740412796109941","potions_obtained":[{"floor":3,"key":"FairyPotion"},{"floor":3,"key":"EntropicBrew"},{"floor":10,"key":"Swift Potion"},{"floor":12,"key":"Regen Potion"},{"floor":14,"key":"Fire Potion"},{"floor":16,"key":"Regen Potion"},{"floor":21,"key":"Regen Potion"}],"is_trial":false,"path_per_floor":["M","?","?","M","$","E","M","R","T","M","?","M","R","M","R","B",null,"M","$","M","M","?","E"],"character_chosen":"DEFECT","items_purchased":["Coolheaded"],"campfire_rested":0,"item_purchase_floors":[19],"current_hp_per_floor":[65,65,65,62,62,14,9,9,9,7,34,28,28,24,24,10,64,71,71,53,44,44,0],"gold":276,"neow_bonus":"TEN_PERCENT_HP_BONUS","is_prod":false,"is_daily":false,"chose_seed":false,"campfire_upgraded":3,"win_rate":0,"timestamp":1541377547,"path_taken":["M","?","?","?","$","E","M","R","T","M","?","M","R","M","R","BOSS","M","$","M","M","?","E"],"build_version":"2018-11-01","purchased_purges":2,"victory":false,"max_hp_per_floor":[82,82,82,82,82,82,82,82,82,82,82,82,82,82,82,82,82,82,82,82,82,82,82],"card_choices":[{"not_picked":["Steam","Heatsinks"],"picked":"Gash","floor":1},{"not_picked":["Compile Driver","Ball Lightning"],"picked":"Blizzard","floor":4},{"not_picked":["Blizzard","Consume"],"picked":"FTL","floor":6},{"not_picked":["Storm","White Noise"],"picked":"Hologram","floor":7},{"not_picked":["Cold Snap","Barrage"],"picked":"Conserve Battery","floor":10},{"not_picked":["Steam","Capacitor"],"picked":"Coolheaded","floor":12},{"not_picked":["Stack","Barrage"],"picked":"Reinforced Body","floor":14},{"not_picked":["Hyperbeam","Machine Learning"],"picked":"Reboot","floor":16},{"not_picked":["Auto Shields","Tempest","Ball Lightning"],"picked":"SKIP","floor":18},{"not_picked":["Turbo","Conserve Battery","Capacitor"],"picked":"SKIP","floor":20},{"not_picked":["Turbo","Rebound"],"picked":"Consume","floor":21}],"player_experience":609120,"relics_obtained":[{"floor":6,"key":"Ice Cream"},{"floor":9,"key":"Torii"}],"event_choices":[{"damage_healed":0,"gold_gain":0,"player_choice":"Take Wound","damage_taken":0,"relics_obtained":["Golden Idol"],"max_hp_gain":0,"max_hp_loss":0,"event_name":"Golden Idol","floor":2,"gold_loss":0,"cards_obtained":["Injury"]},{"damage_healed":0,"gold_gain":0,"player_choice":"Bought 2 Potions","damage_taken":0,"max_hp_gain":0,"max_hp_loss":0,"event_name":"The Woman in Blue","floor":3,"gold_loss":0},{"damage_healed":27,"gold_gain":0,"player_choice":"Banana","damage_taken":0,"max_hp_gain":0,"max_hp_loss":0,"event_name":"Big Fish","floor":11,"gold_loss":0},{"damage_healed":0,"gold_gain":100,"player_choice":"Pray","damage_taken":0,"max_hp_gain":0,"max_hp_loss":0,"event_name":"Golden Shrine","floor":22,"gold_loss":0}],"is_beta":false,"boss_relics":[{"not_picked":["Inserter","Calling Bell"],"picked":"Runic Dome"}],"items_purged_floors":[5,19],"is_endless":false,"potions_floor_spawned":[10,12,14,16,21],"killed_by":"Gremlin Leader","ascension_level":10}