{"gold_per_floor":[112,112,122,142,157,157,174,204,274,291,303,303],"floor_reached":12,"playtime":476,"items_purged":[],"score":139,"play_id":"bb6dc5be-3466-43b1-8528-5659ebac0ae7","local_time":"20181224143516","is_ascension_mode":true,"campfire_choices":[{"data":"Beam Cell","floor":6,"key":"SMITH"}],"neow_cost":"NONE","seed_source_timestamp":307140028132155,"circlet_count":0,"master_deck":["AscendersBane","Strike_B","Strike_B","Strike_B","Strike_B","Defend_B","Defend_B","Defend_B","Defend_B","Zap+1","Dualcast","Chaos","Streamline","Beam Cell+1","Scrape","Gash","Core Surge","Conserve Battery"],"relics":["Cracked Core","Oddly Smooth Stone","Sundial"],"potions_floor_usage":[5,8,12,12],"damage_taken":[{"damage":0,"enemies":"Cultist","floor":1,"turns":3},{"damage":12,"enemies":"Small Slimes","floor":3,"turns":4},{"damage":2,"enemies":"Jaw Worm","floor":4,"turns":3},{"damage":0,"enemies":"Red Slaver","floor":5,"turns":3},{"damage":8,"enemies":"Blue Slaver","floor":7,"turns":3},{"damage":39,"enemies":"3 Sentries","floor":8,"turns":9},{"damage":0,"enemies":"2 Fungi Beasts","floor":10,"turns":3},{"damage":5,"enemies":"Looter","floor":11,"turns":2},{"damage":2,"enemies":"3 Louse","floor":12,"turns":1}],"seed_played":"-4572701165067328916","potions_obtained":[{"floor":1,"key":"LiquidBronze"},{"floor":3,"key":"Block Potion"},{"floor":4,"key":"Dexterity Potion"},{"floor":10,"key":"Energy Potion"},{"floor":11,"key":"SkillPotion"}],"is_trial":false,"path_per_floor":["M","?","M","M","M","R","M","E","T","M","M","M"],"character_chosen":"DEFECT","items_purchased":[],"campfire_rested":0,"item_purchase_floors":[],"current_hp_per_floor":[68,68,56,54,54,54,46,7,7,7,2,0],"gold":303,"neow_bonus":"UPGRADE_CARD","is_prod":false,"is_daily":false,"chose_seed":false,"campfire_upgraded":1,"win_rate":0,"timestamp":1545680116,"path_taken":["M","?","M","M","?","R","M","E","T","M","M","M"],"build_version":"2018-12-20","purchased_purges":0,"victory":false,"max_hp_per_floor":[75,75,75,75,75,75,75,75,75,75,75,75],"card_choices":[{"not_picked":["Hello World","BootSequence"],"picked":"Chaos","floor":1},{"not_picked":["Hologram","Melter"],"picked":"Streamline","floor":3},{"not_picked":["Hologram","FTL"],"picked":"Beam Cell","floor":4},{"not_picked":["Steam","Sweeping Beam"],"picked":"Scrape","floor":5},{"not_picked":["Coolheaded","Rip and Tear","Lockon"],"picked":"SKIP","floor":7},{"not_picked":["Ball Lightning","Undo"],"picked":"Gash","floor":8},{"not_picked":["Stack","Compile Driver"],"picked":"Core Surge","floor":10},{"not_picked":["Hologram","Ball Lightning"],"picked":"Conserve Battery","floor":11}],"player_experience":968068,"relics_obtained":[{"floor":8,"key":"Oddly Smooth Stone"},{"floor":9,"key":"Sundial"}],"event_choices":[{"damage_healed":0,"gold_gain":0,"player_choice":"0 cards matched","damage_taken":0,"max_hp_gain":0,"max_hp_loss":0,"event_name":"Match and Keep!","floor":2,"gold_loss":0,"cards_obtained":[]}],"is_beta":false,"boss_relics":[],"items_purged_floors":[],"is_endless":false,"potions_floor_spawned":[1,3,4,10,11],"killed_by":"3 Louse","ascension_level":13}