{"gold_per_floor":[364,377,377,396,409,444,444,509,533,533,1,1,13,29,29,125,125,138,12,12],"floor_reached":20,"playtime":839,"items_purged":["Regret"],"score":174,"play_id":"5385ccfa-aa04-4b21-8dbd-7e6937038c33","local_time":"20190329070201","is_ascension_mode":false,"campfire_choices":[{"floor":7,"key":"REST"},{"floor":10,"key":"RECALL"},{"floor":15,"key":"REST"}],"neow_cost":"CURSE","seed_source_timestamp":61143869744003,"circlet_count":0,"master_deck":["Strike_R","Strike_R","Strike_R","Strike_R","Strike_R","Defend_R","Defend_R","Defend_R","Defend_R","Bash","Injury","Pommel Strike","Rampage","Heavy Blade","Body Slam","Dropkick","Shrug It Off","Flame Barrier","Perfected Strike","Berserk","Shrug It Off","Spot Weakness","Pommel Strike"],"relics":["Black Blood","Art of War","Omamori","Pen Nib","Matryoshka","Oddly Smooth Stone","Darkstone Periapt"],"potions_floor_usage":[5,6,14,14,16,16,18,20],"damage_taken":[{"damage":0,"enemies":"2 Louse","floor":1,"turns":3},{"damage":13,"enemies":"Jaw Worm","floor":2,"turns":3},{"damage":3,"enemies":"Small Slimes","floor":4,"turns":3},{"damage":18,"enemies":"Exordium Wildlife","floor":5,"turns":5},{"damage":40,"enemies":"3 Sentries","floor":6,"turns":10},{"damage":0,"enemies":"2 Fungi Beasts","floor":13,"turns":4},{"damage":21,"enemies":"Lots of Slimes","floor":14,"turns":4},{"damage":42,"enemies":"Slime Boss","floor":16,"turns":12},{"damage":32,"enemies":"Spheric Guardian","floor":18,"turns":5},{"damage":65,"enemies":"Masked Bandits","floor":20,"turns":4}],"seed_played":"5238704337892050171","potions_obtained":[{"floor":4,"key":"Block Potion"},{"floor":5,"key":"Fire Potion"},{"floor":6,"key":"BloodPotion"},{"floor":13,"key":"EntropicBrew"},{"floor":18,"key":"GamblersBrew"}],"is_trial":false,"path_per_floor":["M","M","?","M","M","E","R","?","T","R","$","T","M","M","R","B",null,"M","$","?"],"character_chosen":"IRONCLAD","items_purchased":["Pen Nib","Matryoshka","Shrug It Off","Spot Weakness","Pommel Strike"],"campfire_rested":2,"item_purchase_floors":[11,11,11,19,19],"current_hp_per_floor":[80,73,73,76,64,30,54,54,54,54,54,54,60,53,77,41,80,58,58,0],"gold":12,"neow_bonus":"TWO_FIFTY_GOLD","is_prod":false,"is_daily":false,"chose_seed":false,"campfire_upgraded":0,"win_rate":0,"timestamp":1553806921,"path_taken":["M","M","?","M","M","E","R","?","T","R","?","?","M","M","R","BOSS","M","$","?"],"build_version":"2019-01-23","purchased_purges":1,"victory":false,"max_hp_per_floor":[80,80,80,80,80,80,80,80,80,80,80,80,80,80,80,80,80,80,80,80],"card_choices":[{"not_picked":["Shockwave","Corruption"],"picked":"Pommel Strike","floor":1},{"not_picked":["Warcry","Feel No Pain"],"picked":"Rampage","floor":2},{"not_picked":["Headbutt","Iron Wave"],"picked":"Heavy Blade","floor":4},{"not_picked":["Anger","Thunderclap"],"picked":"Body Slam","floor":5},{"not_picked":["Carnage","Sword Boomerang"],"picked":"Dropkick","floor":6},{"not_picked":["Metallicize","Dark Embrace"],"picked":"Flame Barrier","floor":13},{"not_picked":["Thunderclap","Fire Breathing"],"picked":"Perfected Strike","floor":14},{"not_picked":["Double Tap","Reaper"],"picked":"Berserk","floor":16},{"not_picked":["Havoc","Flex"],"picked":"Shrug It Off","floor":18}],"player_experience":277316,"relics_obtained":[{"floor":6,"key":"Omamori"},{"floor":12,"key":"Oddly Smooth Stone"},{"floor":12,"key":"Darkstone Periapt"}],"event_choices":[{"damage_healed":0,"gold_gain":0,"player_choice":"Box","damage_taken":0,"relics_obtained":["Art of War"],"max_hp_gain":0,"max_hp_loss":0,"event_name":"Big Fish","floor":3,"gold_loss":0,"cards_obtained":["Regret"]},{"damage_healed":0,"gold_gain":65,"player_choice":"Gained Gold","damage_taken":0,"max_hp_gain":0,"max_hp_loss":0,"event_name":"Golden Wing","floor":8,"gold_loss":0},{"damage_healed":0,"gold_gain":0,"player_choice":"Fought Bandits","damage_taken":0,"max_hp_gain":0,"max_hp_loss":0,"event_name":"Masked Bandits","floor":20,"gold_loss":0}],"is_beta":false,"boss_relics":[{"not_picked":["Runic Pyramid","White Beast Statue"],"picked":"Black Blood"}],"items_purged_floors":[11],"is_endless":false,"potions_floor_spawned":[4,5,6,13,18],"killed_by":"Masked Bandits","ascension_level":0}