{"gold_per_floor":[116,132,142,158,158,188,238,273,273,290,307,14,14,31,31,105,105,117,117,127,138,153,184,197,197,249,249,263,288,688,720,720,793,793,811,92,192,207,207,240,240,270,297,323,334,365,396,396,396,396,396,396,48,75,75],"floor_reached":56,"playtime":4671,"items_purged":[],"score":2943,"play_id":"a94595e4-62ce-45ec-974e-2584654545ca","local_time":"20190730155027","is_ascension_mode":true,"campfire_choices":[{"floor":15.0,"key":"REST"},{"data":"Buffer","floor":25,"key":"SMITH"},{"floor":27,"key":"REST"},{"floor":32,"key":"REST"},{"data":"Defragment","floor":41,"key":"SMITH"},{"floor":49,"key":"RECALL"},{"data":"Buffer","floor":52,"key":"SMITH"}],"neow_cost":"NONE","seed_source_timestamp":256401461135995,"circlet_count":0,"master_deck":["AscendersBane","Zap","Dualcast","Electrodynamics","Defragment","Genetic Algorithm","Cold Snap","Go for the Eyes","Capacitor","Cold Snap+1","Hologram","Conserve Battery","Core Surge","Storm","Buffer+1","Defragment","White Noise","Lockon","Creative AI","Streamline+1","Defragment+1","Consume","Beam Cell","Compile Driver","Stack","Chill+1","Redo","Force Field","Glacier","Buffer+1","Stack+1","Leap+1"],"special_seed":0,"relics":["Cracked Core","Mummified Hand","Blue Candle","Emotion Chip","DataDisk","Pocketwatch","Pandora\u0027s Box","PreservedInsect","Whetstone","Regal Pillow","Old Coin","Singing Bowl","WingedGreaves","Snecko Eye","OrangePellets","Bronze Scales","Prayer Wheel","FossilizedHelix","Cables","Dodecahedron","Incense Burner","Question Card","Art of War","Pear","Kunai","Pantograph"],"potions_floor_usage":[23,24,29,33,37,44,46,55],"damage_taken":[{"damage":10.0,"enemies":"2 Louse","floor":1.0,"turns":2.0},{"damage":9.0,"enemies":"Jaw Worm","floor":2.0,"turns":4.0},{"damage":1.0,"enemies":"Cultist","floor":3.0,"turns":3.0},{"damage":8.0,"enemies":"Blue Slaver","floor":4.0,"turns":4.0},{"damage":0.0,"enemies":"3 Sentries","floor":6.0,"turns":5.0},{"damage":29.0,"enemies":"Gremlin Nob","floor":8.0,"turns":4.0},{"damage":2.0,"enemies":"Red Slaver","floor":10.0,"turns":3.0},{"damage":2.0,"enemies":"3 Louse","floor":11.0,"turns":4.0},{"damage":0.0,"enemies":"Looter","floor":14.0,"turns":3.0},{"damage":0.0,"enemies":"Slime Boss","floor":16.0,"turns":6.0},{"damage":8.0,"enemies":"3 Byrds","floor":18.0,"turns":4.0},{"damage":10.0,"enemies":"2 Thieves","floor":20.0,"turns":5.0},{"damage":0.0,"enemies":"3 Cultists","floor":21.0,"turns":2.0},{"damage":19.0,"enemies":"Centurion and Healer","floor":22.0,"turns":7.0},{"damage":8,"enemies":"Slavers","floor":23,"turns":5},{"damage":0,"enemies":"Snake Plant","floor":24,"turns":4},{"damage":0,"enemies":"3 Cultists","floor":28,"turns":3},{"damage":11,"enemies":"Gremlin Leader","floor":29,"turns":5},{"damage":18,"enemies":"Colosseum Slavers","floor":30,"turns":4},{"damage":0,"enemies":"Colosseum Nobs","floor":30,"turns":2},{"damage":0,"enemies":"Book of Stabbing","floor":31,"turns":5},{"damage":10,"enemies":"Champ","floor":33,"turns":9},{"damage":0,"enemies":"Orb Walker","floor":35,"turns":3},{"damage":18,"enemies":"Mind Bloom Boss Battle","floor":37,"turns":4},{"damage":0,"enemies":"3 Shapes","floor":38,"turns":3},{"damage":0,"enemies":"Reptomancer","floor":40,"turns":3},{"damage":0,"enemies":"Giant Head","floor":42,"turns":4},{"damage":0,"enemies":"Nemesis","floor":44,"turns":5},{"damage":0,"enemies":"Jaw Worm Horde","floor":45,"turns":3},{"damage":0,"enemies":"Reptomancer","floor":46,"turns":4},{"damage":0,"enemies":"Giant Head","floor":47,"turns":6},{"damage":0,"enemies":"Time Eater","floor":50,"turns":8},{"damage":9,"enemies":"Shield and Spear","floor":54,"turns":5},{"damage":39,"enemies":"The Heart","floor":55,"turns":9}],"seed_played":"2111187832916598175","potions_obtained":[{"floor":2.0,"key":"Block Potion"},{"floor":3.0,"key":"EssenceOfSteel"},{"floor":6.0,"key":"SpeedPotion"},{"floor":11.0,"key":"PowerPotion"},{"floor":14.0,"key":"SteroidPotion"},{"floor":18.0,"key":"Explosive Potion"},{"floor":23,"key":"Swift Potion"},{"floor":28,"key":"Energy Potion"},{"floor":29,"key":"Energy Potion"},{"floor":33,"key":"GamblersBrew"},{"floor":37,"key":"Fire Potion"},{"floor":40,"key":"SpeedPotion"},{"floor":44,"key":"Weak Potion"},{"floor":45,"key":"SteroidPotion"}],"is_trial":false,"path_per_floor":["M","M","M","M","?","E","?","E","T","M","M","$","?","M","R","B",null,"M","?","M","M","M","E","M","R","T","R","M","E","?","E","R","B",null,"M","$","?","M","T","E","R","E","T","E","M","E","E","?","R","B",null,"R","$","E","B",null],"character_chosen":"DEFECT","items_purchased":["DataDisk","Core Surge","Block Potion","OrangePellets","Bronze Scales","Prayer Wheel","Kunai","FocusPotion"],"campfire_rested":3,"item_purchase_floors":[12,12,12,36,36,36,53,53],"current_hp_per_floor":[54,45,44,36,36,36,36,7,7,5,3,3,3,3,24,24,59,51,51,41,41,22,14,14,14,14,35,35,24,8,10,47,37,66,68,68,52,56,56,56,56,58,58,60,64,64,76,78,78,78,98,98,98,91,68],"gold":75,"neow_bonus":"ONE_RANDOM_RARE_CARD","is_prod":false,"is_daily":false,"chose_seed":false,"campfire_upgraded":3,"win_rate":0,"timestamp":1564516227,"path_taken":["M","M","M","M","?","E","?","E","T","?","M","$","?","M","R","BOSS","M","?","?","M","M","E","M","R","T","R","M","E","?","E","R","BOSS","M","$","?","M","?","E","R","E","T","E","?","E","E","?","R","BOSS","R","$","E","BOSS"],"build_version":"2019-07-17","purchased_purges":0,"victory":true,"max_hp_per_floor":[71,71,71,71,71,71,71,71,71,71,71,71,71,71,71,71,71,71,71,71,71,71,71,71,71,71,71,71,71,73,75,75,75,75,77,77,79,83,83,83,83,85,85,87,91,91,103,105,105,105,105,105,105,107,107],"card_choices":[{"not_picked":["Coolheaded","Hologram"],"picked":"Defragment","floor":1.0},{"not_picked":["Cold Snap","Ball Lightning"],"picked":"Genetic Algorithm","floor":2.0},{"not_picked":["Undo","Coolheaded"],"picked":"Cold Snap","floor":3.0},{"not_picked":["Sweeping Beam","Skim"],"picked":"Go for the Eyes","floor":4.0},{"not_picked":["Beam Cell","Consume"],"picked":"Capacitor","floor":6.0},{"not_picked":["Ball Lightning","Go for the Eyes"],"picked":"Cold Snap","floor":8.0},{"not_picked":["Steam","Turbo"],"picked":"Hologram","floor":10.0},{"not_picked":["Self Repair","Hello World"],"picked":"Conserve Battery","floor":11.0},{"not_picked":["Scrape","Tempest"],"picked":"Storm","floor":14.0},{"not_picked":["Electrodynamics","Fission"],"picked":"Buffer","floor":16.0},{"not_picked":["Beam Cell","Scrape"],"picked":"Compile Driver","floor":18.0},{"not_picked":["Reprogram","Consume","Barrage"],"picked":"SKIP","floor":20.0},{"not_picked":["Turbo","Consume"],"picked":"Stack","floor":21.0},{"not_picked":["Conserve Battery","Tempest+1"],"picked":"Chill+1","floor":22.0},{"not_picked":["Sweeping Beam","Thunder Strike"],"picked":"Redo","floor":23},{"not_picked":["Rebound","Lockon"],"picked":"Force Field","floor":24},{"not_picked":["Ball Lightning","Go for the Eyes"],"picked":"Glacier","floor":28},{"not_picked":["Self Repair","Hello World","Melter"],"picked":"SKIP","floor":29},{"not_picked":["Stack","Cold Snap","Redo+1"],"picked":"Singing Bowl","floor":30},{"not_picked":["Storm","Cold Snap","Turbo"],"picked":"Singing Bowl","floor":31},{"not_picked":["Thunder Strike","Multi-Cast"],"picked":"Buffer","floor":33},{"not_picked":["Streamline","Genetic Algorithm+1","Sweeping Beam+1"],"picked":"Singing Bowl","floor":35},{"not_picked":["Tempest","Ball Lightning","Sweeping Beam+1"],"picked":"Singing Bowl","floor":37},{"not_picked":["Conserve Battery","Darkness","Stack"],"picked":"Singing Bowl","floor":38},{"not_picked":["Go for the Eyes+1","Self Repair","Hologram"],"picked":"Singing Bowl","floor":38},{"not_picked":["Reboot","Gash"],"picked":"Stack+1","floor":40},{"not_picked":["Stack","Coolheaded","Turbo"],"picked":"Singing Bowl","floor":42},{"not_picked":["Steam Power","Hologram","Reboot"],"picked":"Singing Bowl","floor":44},{"not_picked":["Cold Snap","Turbo","Rebound","Chaos"],"picked":"Singing Bowl","floor":45},{"not_picked":["Rip and Tear","Aggregate","Turbo","Streamline"],"picked":"Singing Bowl","floor":45},{"not_picked":["Gash","Cold Snap","Ball Lightning"],"picked":"Leap+1","floor":46},{"not_picked":["Streamline","White Noise+1","FTL","Electrodynamics"],"picked":"Singing Bowl","floor":47},{"not_picked":["HandOfGreed","Finesse","Flash of Steel","Good Instincts"],"picked":"Singing Bowl","floor":48},{"not_picked":["Stack","Double Energy","Go for the Eyes","Coolheaded"],"picked":"Singing Bowl","floor":54}],"player_experience":1656455,"relics_obtained":[{"floor":6.0,"key":"Mummified Hand"},{"floor":8.0,"key":"Blue Candle"},{"floor":9.0,"key":"Emotion Chip"},{"floor":23,"key":"PreservedInsect"},{"floor":26,"key":"Whetstone"},{"floor":29,"key":"Regal Pillow"},{"floor":30,"key":"Old Coin"},{"floor":30,"key":"Singing Bowl"},{"floor":31,"key":"WingedGreaves"},{"floor":37,"key":"FossilizedHelix"},{"floor":39,"key":"Cables"},{"floor":40,"key":"Dodecahedron"},{"floor":42,"key":"Incense Burner"},{"floor":44,"key":"Question Card"},{"floor":46,"key":"Art of War"},{"floor":47,"key":"Pear"},{"floor":54,"key":"Pantograph"}],"event_choices":[{"damage_healed":0.0,"max_hp_gain":0.0,"max_hp_loss":0.0,"gold_gain":0.0,"event_name":"Shining Light","player_choice":"Ignored","floor":5.0,"gold_loss":0.0,"damage_taken":0.0},{"damage_healed":0.0,"max_hp_gain":0.0,"max_hp_loss":0.0,"gold_gain":50.0,"event_name":"Golden Shrine","player_choice":"Pray","floor":7.0,"gold_loss":0.0,"damage_taken":0.0},{"damage_healed":0.0,"max_hp_gain":0.0,"max_hp_loss":0.0,"gold_gain":0.0,"event_name":"WeMeetAgain","player_choice":"Gave Potion","floor":13.0,"gold_loss":0.0,"damage_taken":0.0,"relics_obtained":["Pocketwatch"]},{"damage_healed":0.0,"max_hp_gain":0.0,"max_hp_loss":0.0,"gold_gain":0.0,"event_name":"Match and Keep!","player_choice":"0 cards matched","floor":19.0,"gold_loss":0.0,"damage_taken":0.0,"cards_obtained":[]},{"damage_healed":0,"gold_gain":0,"player_choice":"Fight","damage_taken":0,"max_hp_gain":0,"max_hp_loss":0,"event_name":"Colosseum","floor":30,"gold_loss":0},{"damage_healed":0,"gold_gain":0,"player_choice":"Fought Nobs","damage_taken":0,"max_hp_gain":0,"max_hp_loss":0,"event_name":"Colosseum","floor":30,"gold_loss":0},{"damage_healed":0,"gold_gain":0,"player_choice":"Fight","damage_taken":0,"max_hp_gain":0,"max_hp_loss":0,"event_name":"MindBloom","floor":37,"gold_loss":0},{"damage_healed":0,"gold_gain":0,"player_choice":"Memory 1","damage_taken":0,"max_hp_gain":0,"max_hp_loss":0,"event_name":"SensoryStone","floor":48,"gold_loss":0}],"is_beta":false,"boss_relics":[{"not_picked":["Tiny House","Calling Bell"],"picked":"Pandora\u0027s Box"},{"not_picked":["White Beast Statue","Astrolabe"],"picked":"Snecko Eye"}],"items_purged_floors":[],"is_endless":false,"potions_floor_spawned":[2,3,6,11,14,18,23,28,29,31,33,37,40,44,45],"ascension_level":19}