{"gold_per_floor":[118,34,34,52,227,259,259,271,271,284,284,313,350,393,405,514,526,548,276,276,293,303,338,338,373,400,425,225,324,324,143,143,247,247,266,366,384,308,354,374,374,374,374,374,374,404,7,19,19,19],"floor_reached":50,"playtime":4090,"items_purged":["Doubt","Writhe"],"score":617,"play_id":"a9fdfb0b-30b5-452b-a2c0-40e77c55c7aa","local_time":"20190322061822","is_ascension_mode":false,"campfire_choices":[{"data":"Flash of Steel","floor":7,"key":"SMITH"},{"data":"Shrug It Off","floor":11,"key":"SMITH"},{"data":"Anger","floor":15,"key":"SMITH"},{"data":"Double Tap","floor":24,"key":"SMITH"},{"data":"Enlightenment","floor":32,"key":"SMITH"},{"data":"Infernal Blade","floor":41,"key":"SMITH"},{"data":"Infernal Blade","floor":44,"key":"SMITH"},{"data":"Inflame","floor":49,"key":"SMITH"}],"neow_cost":"TEN_PERCENT_HP_LOSS","seed_source_timestamp":49863932310422,"circlet_count":0,"master_deck":["Strike_R","Strike_R+1","Defend_R+1","Defend_R","Defend_R","Defend_R+1","Bash","Reckless Charge+1","Headbutt","Sword Boomerang","Flash of Steel+1","Anger+1","Headbutt","Shrug It Off+1","Heavy Blade","Twin Strike","Carnage","Double Tap+1","Infernal Blade+1","Inflame+1","Rampage","Clothesline","Iron Wave+1","Thunderclap+1","Anger","Iron Wave+1","Metallicize","Good Instincts","Infernal Blade+1","Seeing Red","Enlightenment+1","Flex","Reaper","Clothesline+1","Seeing Red","Dual Wield+1","Blood for Blood","Pommel Strike+1","Perfected Strike+1","Impervious","Flex","Twin Strike","Rage+1"],"relics":["Burning Blood","FossilizedHelix","Paper Frog","MawBank","Lantern","Bag of Marbles","Coffee Dripper","Whetstone","Bronze Scales","Pen Nib","Sundial","Eternal Feather","Mango","Ice Cream","Gremlin Horn","PreservedInsect","Sling"],"potions_floor_usage":[6,16,25,25,27,33,36,39,46,50],"damage_taken":[{"damage":0,"enemies":"2 Louse","floor":1,"turns":3},{"damage":2,"enemies":"Small Slimes","floor":4,"turns":4},{"damage":28,"enemies":"3 Sentries","floor":6,"turns":9},{"damage":0,"enemies":"Jaw Worm","floor":8,"turns":2},{"damage":0,"enemies":"Blue Slaver","floor":10,"turns":2},{"damage":15,"enemies":"Lagavulin","floor":12,"turns":7},{"damage":9,"enemies":"3 Sentries","floor":14,"turns":6},{"damage":32,"enemies":"Hexaghost","floor":16,"turns":9},{"damage":0,"enemies":"Shell Parasite","floor":18,"turns":3},{"damage":10,"enemies":"Spheric Guardian","floor":21,"turns":4},{"damage":10,"enemies":"Snake Plant","floor":22,"turns":3},{"damage":13,"enemies":"Slavers","floor":23,"turns":4},{"damage":55,"enemies":"Gremlin Leader","floor":25,"turns":8},{"damage":0,"enemies":"Slavers","floor":27,"turns":2},{"damage":37,"enemies":"Automaton","floor":33,"turns":8},{"damage":0,"enemies":"3 Shapes","floor":35,"turns":2},{"damage":33,"enemies":"Mind Bloom Boss Battle","floor":36,"turns":5},{"damage":23,"enemies":"3 Darklings","floor":37,"turns":4},{"damage":32,"enemies":"2 Orb Walkers","floor":39,"turns":4},{"damage":11,"enemies":"4 Shapes","floor":40,"turns":4},{"damage":40,"enemies":"Nemesis","floor":46,"turns":5},{"damage":22,"enemies":"Spire Growth","floor":48,"turns":4},{"damage":69,"enemies":"Awakened One","floor":50,"turns":11}],"seed_played":"-895952270176339767","potions_obtained":[{"floor":4,"key":"Block Potion"},{"floor":8,"key":"GamblersBrew"},{"floor":14,"key":"Ancient Potion"},{"floor":16,"key":"AttackPotion"},{"floor":21,"key":"Poison Potion"},{"floor":33,"key":"Ancient Potion"},{"floor":36,"key":"SkillPotion"},{"floor":40,"key":"Explosive Potion"},{"floor":48,"key":"Dexterity Potion"}],"is_trial":false,"path_per_floor":["M","$","?","M","?","E","R","M","T","M","R","E","T","E","R","B",null,"M","$","?","M","M","E","R","E","T","E","$","?","?","$","R","B",null,"M","?","M","$","?","M","R","?","T","R","?","E","$","M","R","B"],"character_chosen":"IRONCLAD","items_purchased":["Flash of Steel","Inflame","Rampage","Clothesline","Good Instincts","Infernal Blade","Seeing Red","Enlightenment","Flex","Strength Potion","Blood for Blood","Flex","Twin Strike","Sling"],"campfire_rested":0,"item_purchase_floors":[2,19,19,19,28,28,28,31,31,31,38,47,47,47],"current_hp_per_floor":[72,72,58,62,62,40,40,46,46,52,52,43,43,40,40,14,72,72,72,72,68,64,57,57,8,8,14,14,14,38,38,38,7,72,72,59,42,42,16,15,36,58,58,82,82,48,48,32,56,0],"gold":19,"neow_bonus":"TRANSFORM_TWO_CARDS","is_prod":false,"is_daily":false,"chose_seed":false,"campfire_upgraded":8,"win_rate":0.0,"timestamp":1553199502,"path_taken":["M","$","?","M","?","E","R","M","T","M","R","E","?","E","R","BOSS","M","$","?","M","?","E","R","E","T","E","?","?","?","?","R","BOSS","M","?","M","$","?","M","R","?","T","R","?","E","$","M","R","BOSS"],"build_version":"2019-01-23","purchased_purges":2,"victory":false,"max_hp_per_floor":[72,72,72,72,72,72,72,72,72,72,72,72,72,72,72,72,72,72,72,72,72,72,72,72,72,72,72,72,72,72,72,72,72,72,72,86,86,86,86,86,86,86,86,86,86,86,86,86,86,86],"card_choices":[{"not_picked":["Shockwave","Battle Trance"],"picked":"Sword Boomerang","floor":1},{"not_picked":["Flex","Thunderclap"],"picked":"Anger","floor":4},{"not_picked":["Body Slam","Armaments"],"picked":"Headbutt","floor":6},{"not_picked":["Armaments","Cleave"],"picked":"Shrug It Off","floor":8},{"not_picked":["Shockwave","Clothesline"],"picked":"Heavy Blade","floor":10},{"not_picked":["Entrench","Disarm"],"picked":"Twin Strike","floor":12},{"not_picked":["Combust","Headbutt"],"picked":"Carnage","floor":14},{"not_picked":["Brutality","Limit Break"],"picked":"Double Tap","floor":16},{"not_picked":["Sword Boomerang","Burning Pact"],"picked":"Infernal Blade","floor":18},{"not_picked":["Clothesline","Pommel Strike"],"picked":"Iron Wave+1","floor":21},{"not_picked":["Intimidate","Ghostly Armor"],"picked":"Thunderclap+1","floor":22},{"not_picked":["Heavy Blade+1","Rage"],"picked":"Anger","floor":23},{"not_picked":["Cleave+1","Bloodletting+1"],"picked":"Iron Wave+1","floor":25},{"not_picked":["Body Slam","Reaper"],"picked":"Metallicize","floor":27},{"not_picked":["Dark Embrace","Fiend Fire"],"picked":"Reaper","floor":33},{"not_picked":["Flex","Power Through"],"picked":"Clothesline+1","floor":35},{"not_picked":["Thunderclap","True Grit"],"picked":"Seeing Red","floor":36},{"not_picked":["Perfected Strike","Fire Breathing"],"picked":"Dual Wield+1","floor":37},{"not_picked":["Clash","Heavy Blade+1"],"picked":"Pommel Strike+1","floor":39},{"not_picked":["Twin Strike","Bloodletting+1"],"picked":"Perfected Strike+1","floor":40},{"not_picked":["Flame Barrier","Headbutt"],"picked":"Impervious","floor":46},{"not_picked":["Pummel+1","Headbutt"],"picked":"Rage+1","floor":48}],"player_experience":9422,"relics_obtained":[{"floor":6,"key":"FossilizedHelix"},{"floor":9,"key":"Paper Frog"},{"floor":12,"key":"MawBank"},{"floor":13,"key":"Lantern"},{"floor":14,"key":"Bag of Marbles"},{"floor":23,"key":"Whetstone"},{"floor":25,"key":"Bronze Scales"},{"floor":26,"key":"Pen Nib"},{"floor":27,"key":"Sundial"},{"floor":36,"key":"Mango"},{"floor":39,"key":"Ice Cream"},{"floor":43,"key":"Gremlin Horn"},{"floor":46,"key":"PreservedInsect"}],"event_choices":[{"damage_healed":0,"gold_gain":0,"player_choice":"Entered Light","damage_taken":14,"max_hp_gain":0,"max_hp_loss":0,"event_name":"Shining Light","floor":3,"gold_loss":0,"cards_upgraded":["Defend_R","Defend_R"]},{"damage_healed":0,"gold_gain":175,"player_choice":"AGREE","damage_taken":0,"max_hp_gain":0,"max_hp_loss":0,"event_name":"Liars Game","floor":5,"gold_loss":0,"cards_obtained":["Doubt"]},{"cards_removed":["Strike_R"],"damage_healed":0,"gold_gain":0,"player_choice":"Purged","damage_taken":0,"max_hp_gain":0,"max_hp_loss":0,"event_name":"Purifier","floor":20,"gold_loss":0},{"damage_healed":0,"gold_gain":99,"player_choice":"Stole From Cult","damage_taken":0,"max_hp_gain":0,"max_hp_loss":0,"event_name":"Nest","floor":29,"gold_loss":0},{"damage_healed":24,"gold_gain":0,"player_choice":"Heal","damage_taken":0,"max_hp_gain":0,"max_hp_loss":0,"event_name":"The Library","floor":30,"gold_loss":0},{"damage_healed":0,"gold_gain":0,"player_choice":"Fight","damage_taken":0,"max_hp_gain":0,"max_hp_loss":0,"event_name":"MindBloom","floor":36,"gold_loss":0},{"damage_healed":0,"gold_gain":0,"player_choice":"Fight","damage_taken":0,"max_hp_gain":0,"max_hp_loss":0,"event_name":"Mysterious Sphere","floor":39,"gold_loss":0},{"damage_healed":22,"gold_gain":0,"player_choice":"Writhe","damage_taken":0,"max_hp_gain":0,"max_hp_loss":0,"event_name":"Winding Halls","floor":42,"gold_loss":0,"cards_obtained":["Writhe"]},{"damage_healed":0,"gold_gain":0,"player_choice":"Ignored","damage_taken":0,"max_hp_gain":0,"max_hp_loss":0,"event_name":"Tomb of Lord Red Mask","floor":45,"gold_loss":0}],"is_beta":false,"boss_relics":[{"not_picked":["Busted Crown","Philosopher\u0027s Stone"],"picked":"Coffee Dripper"},{"not_picked":["Fusion Hammer","Runic Pyramid"],"picked":"Eternal Feather"}],"items_purged_floors":[19,47],"is_endless":false,"potions_floor_spawned":[4,8,14,16,21,33,36,40,48],"killed_by":"Awakened One","ascension_level":0}