{"gold_per_floor":[219,239,253,104,117,146,146,175,202,226,238,266,278,167,167,270,270,254,254,274,189,189,189],"floor_reached":23,"playtime":1335,"items_purged":["Strike_B","Defend_B"],"score":281,"play_id":"55dfc368-3e55-4579-9c6f-01616a74e228","local_time":"20190906205823","is_ascension_mode":true,"campfire_choices":[{"data":"Zap","floor":7,"key":"SMITH"},{"floor":11,"key":"REST"},{"floor":15,"key":"REST"}],"neow_cost":"NONE","seed_source_timestamp":13119965964200,"circlet_count":0,"master_deck":["Zap+1","Dualcast","Coolheaded","FTL","Machine Learning","Go for the Eyes","Steam","Auto Shields","Sweeping Beam","Loop","Reboot","Streamline","Auto Shields","Reinforced Body","Rip and Tear","Leap+1","Hyperbeam"],"relics":["Cracked Core","Darkstone Periapt","Dream Catcher","MawBank","Pandora\u0027s Box","Happy Flower"],"potions_floor_usage":[6,6,16,23],"damage_taken":[{"damage":0,"enemies":"2 Louse","floor":1,"turns":2},{"damage":2,"enemies":"Jaw Worm","floor":2,"turns":4},{"damage":1,"enemies":"Cultist","floor":3,"turns":3},{"damage":4,"enemies":"2 Fungi Beasts","floor":5,"turns":3},{"damage":19,"enemies":"Lagavulin","floor":6,"turns":7},{"damage":23,"enemies":"3 Sentries","floor":8,"turns":9},{"damage":0,"enemies":"Large Slime","floor":10,"turns":4},{"damage":15,"enemies":"Exordium Thugs","floor":12,"turns":4},{"damage":33,"enemies":"Slime Boss","floor":16,"turns":13},{"damage":13,"enemies":"2 Thieves","floor":18,"turns":4},{"damage":3,"enemies":"Shell Parasite","floor":20,"turns":5},{"damage":43,"enemies":"Slavers","floor":23,"turns":3}],"seed_played":"-985783270601675619","potions_obtained":[{"floor":2,"key":"SkillPotion"},{"floor":5,"key":"LiquidBronze"},{"floor":10,"key":"Block Potion"},{"floor":18,"key":"Swift Potion"}],"is_trial":false,"path_per_floor":["M","M","M","$","M","E","R","E","T","M","R","M","?","$","R","B",null,"M","?","M","?","?","E"],"character_chosen":"DEFECT","items_purchased":["FTL","Sweeping Beam"],"campfire_rested":2,"item_purchase_floors":[4,14],"current_hp_per_floor":[68,66,65,65,61,42,42,19,19,19,41,26,19,19,41,8,58,45,45,42,42,42,0],"gold":189,"neow_bonus":"HUNDRED_GOLD","is_prod":false,"is_daily":false,"chose_seed":false,"campfire_upgraded":1,"win_rate":0,"timestamp":1567796303,"path_taken":["M","M","M","$","M","E","R","E","T","M","R","M","?","$","R","BOSS","M","?","?","?","?","E"],"build_version":"2019-07-17","purchased_purges":2,"victory":false,"max_hp_per_floor":[75,75,75,75,75,75,75,75,75,75,75,75,75,75,75,75,75,75,75,75,75,75,75],"card_choices":[{"not_picked":["Sweeping Beam","Conserve Battery"],"picked":"Coolheaded","floor":1},{"not_picked":["Redo","Ball Lightning"],"picked":"Hologram","floor":2},{"not_picked":["Streamline","Sweeping Beam","Gash"],"picked":"SKIP","floor":3},{"not_picked":["Fusion","White Noise"],"picked":"Machine Learning","floor":5},{"not_picked":["Sunder","Steam Power"],"picked":"Go for the Eyes","floor":6},{"not_picked":["Conserve Battery","Meteor Strike"],"picked":"Steam","floor":8},{"not_picked":["Double Energy","Coolheaded"],"picked":"Auto Shields","floor":10},{"not_picked":["Coolheaded","Rebound","Aggregate"],"picked":"SKIP","floor":12},{"not_picked":["Amplify","Darkness"],"picked":"Loop","floor":15},{"not_picked":["Machine Learning","Buffer"],"picked":"Reboot","floor":16},{"not_picked":["Sweeping Beam","Barrage+1"],"picked":"Leap+1","floor":18},{"not_picked":["Streamline","Go for the Eyes","Skim"],"picked":"SKIP","floor":20}],"player_experience":139014,"relics_obtained":[{"floor":6,"key":"Darkstone Periapt"},{"floor":8,"key":"Dream Catcher"},{"floor":9,"key":"MawBank"}],"event_choices":[{"cards_removed":["Strike_B"],"damage_healed":0,"gold_gain":0,"player_choice":"Card Removal","damage_taken":7,"max_hp_gain":0,"max_hp_loss":0,"event_name":"Golden Wing","floor":13,"gold_loss":0},{"damage_healed":0,"gold_gain":0,"cards_transformed":["Hologram"],"player_choice":"Transformed","damage_taken":0,"max_hp_gain":0,"max_hp_loss":0,"event_name":"Transmorgrifier","floor":19,"gold_loss":0,"cards_obtained":["Hyperbeam"]},{"damage_healed":0,"gold_gain":0,"player_choice":"Obtained Relic","damage_taken":0,"relics_obtained":["Happy Flower"],"max_hp_gain":0,"max_hp_loss":0,"event_name":"Addict","floor":21,"gold_loss":85},{"cards_removed":["Capacitor"],"damage_healed":0,"gold_gain":0,"player_choice":"Elegance","damage_taken":0,"max_hp_gain":0,"max_hp_loss":0,"event_name":"Back to Basics","floor":22,"gold_loss":0}],"is_beta":false,"boss_relics":[{"not_picked":["White Beast Statue","Velvet Choker"],"picked":"Pandora\u0027s Box"}],"items_purged_floors":[4,14],"is_endless":false,"potions_floor_spawned":[2,5,10,18],"killed_by":"Slavers","ascension_level":8}