{"gold_per_floor":[111,43,43,43,59,73,88,123,123,101,112,2,2,17,17,118,118,135,135,135,154,72,72,171,171,171,190,202,237,237,116,116,214,214,225,245,245,153,153,180,79,95,142,142,152,152,152,171,171,171],"floor_reached":51,"playtime":7876,"items_purged":[],"score":745,"play_id":"225ba5fa-d64f-486d-9855-949c21bce3db","local_time":"20190910155356","is_ascension_mode":false,"campfire_choices":[{"floor":15,"key":"REST"},{"floor":23,"key":"REST"},{"data":"Genetic Algorithm","floor":25,"key":"SMITH"},{"floor":32,"key":"REST"},{"floor":44,"key":"REST"},{"floor":46,"key":"REST"},{"floor":49,"key":"REST"}],"neow_cost":"NONE","seed_source_timestamp":0,"circlet_count":0,"master_deck":["Strike_B+1","Strike_B+1","Strike_B","Strike_B","Defend_B+1","Defend_B","Defend_B","Defend_B","Zap","Dualcast","Defragment","Skim","Glacier","Gash+1","Genetic Algorithm+1","Coolheaded","Cold Snap","Coolheaded","Defragment+1","Glacier","Loop","All For One","Go for the Eyes","Genetic Algorithm","Gash","Redo","Stack","Hologram","Glacier","All For One","Loop","Coolheaded+1","Undo","Rebound","Go for the Eyes+1","Capacitor","Steam","Redo+1","Injury","Stack+1","Panache","Parasite","Gash+1"],"special_seed":0,"relics":["Cracked Core","Ornamental Fan","Darkstone Periapt","White Beast Statue","Kunai","Whetstone","Cursed Key","Gremlin Horn","Orichalcum"],"potions_floor_usage":[33,33,33],"damage_taken":[{"damage":1,"enemies":"2 Louse","floor":1,"turns":2},{"damage":0,"enemies":"Jaw Worm","floor":5,"turns":5},{"damage":1,"enemies":"Cultist","floor":6,"turns":5},{"damage":4,"enemies":"Looter","floor":7,"turns":3},{"damage":30,"enemies":"Gremlin Nob","floor":8,"turns":5},{"damage":5,"enemies":"Blue Slaver","floor":11,"turns":5},{"damage":0,"enemies":"2 Fungi Beasts","floor":14,"turns":6},{"damage":0,"enemies":"Slime Boss","floor":16,"turns":25},{"damage":17,"enemies":"3 Byrds","floor":18,"turns":13},{"damage":9,"enemies":"Spheric Guardian","floor":21,"turns":12},{"damage":10,"enemies":"Chosen and Byrds","floor":27,"turns":15},{"damage":8,"enemies":"Snake Plant","floor":28,"turns":7},{"damage":36,"enemies":"Slavers","floor":29,"turns":14},{"damage":2,"enemies":"Colosseum Slavers","floor":30,"turns":9},{"damage":18,"enemies":"Collector","floor":33,"turns":20},{"damage":12,"enemies":"3 Darklings","floor":35,"turns":11},{"damage":0,"enemies":"Orb Walker","floor":36,"turns":5},{"damage":28,"enemies":"Nemesis","floor":40,"turns":19},{"damage":7,"enemies":"3 Darklings","floor":42,"turns":11},{"damage":2,"enemies":"Sphere and 2 Shapes","floor":45,"turns":7},{"damage":26,"enemies":"Writhing Mass","floor":48,"turns":9},{"damage":8,"enemies":"Awakened One","floor":50,"turns":20}],"seed_played":"-2602765107350358771","potions_obtained":[{"floor":1,"key":"SpeedPotion"},{"floor":5,"key":"FocusPotion"},{"floor":7,"key":"GamblersBrew"},{"floor":18,"key":"Poison Potion"},{"floor":33,"key":"PowerPotion"},{"floor":35,"key":"LiquidBronze"},{"floor":36,"key":"Explosive Potion"},{"floor":40,"key":"FocusPotion"},{"floor":42,"key":"Ancient Potion"},{"floor":45,"key":"Strength Potion"}],"is_trial":false,"path_per_floor":["M","$","?","?","M","M","M","E","T","$","M","$","?","M","R","B",null,"M","?","?","M","$","R","?","R","T","M","M","E","?","$","R","B",null,"M","M","?","$","?","E","$","M","T","R","M","R","?","M","R","B",null],"character_chosen":"DEFECT","items_purchased":["Skim","Cold Snap","Defragment","Glacier","Genetic Algorithm","Hologram","Glacier","Undo","Rebound","Capacitor","Steam"],"campfire_rested":6,"item_purchase_floors":[2,10,12,12,22,31,31,38,38,41,41],"current_hp_per_floor":[81,81,65,82,82,81,77,47,47,47,42,42,42,42,66,66,82,65,65,65,56,56,80,80,80,80,70,62,26,24,24,48,30,82,70,70,70,70,70,42,42,35,41,66,64,84,84,64,90,82],"gold":171,"neow_bonus":"TEN_PERCENT_HP_BONUS","is_prod":false,"is_daily":false,"chose_seed":false,"campfire_upgraded":1,"win_rate":0,"timestamp":1568141636,"path_taken":["M","$","?","?","?","M","M","E","T","$","M","$","?","M","R","BOSS","M","?","?","M","$","R","?","R","T","M","M","E","?","$","R","BOSS","M","M","?","$","?","E","$","?","T","R","M","R","?","M","R","BOSS"],"build_version":"2019-07-17","purchased_purges":0,"victory":true,"max_hp_per_floor":[82,82,82,82,82,82,82,82,82,82,82,82,82,82,82,82,82,82,82,82,82,82,82,82,82,82,82,82,82,82,82,82,82,82,82,82,78,78,78,78,78,78,84,84,84,84,84,90,90,90],"card_choices":[{"not_picked":["Heatsinks","Stack"],"picked":"Defragment","floor":1},{"not_picked":["Hello World","Steam"],"picked":"Glacier","floor":5},{"not_picked":["Reinforced Body","Coolheaded"],"picked":"Gash","floor":6},{"not_picked":["Fission","Beam Cell"],"picked":"Genetic Algorithm","floor":7},{"not_picked":["Conserve Battery","Steam Power"],"picked":"Coolheaded","floor":8},{"not_picked":["Rip and Tear","Chaos"],"picked":"Coolheaded","floor":11},{"not_picked":["Leap","Glacier"],"picked":"Loop","floor":14},{"not_picked":["Biased Cognition","Fission"],"picked":"All For One","floor":16},{"not_picked":["Barrage+1","Compile Driver+1"],"picked":"Go for the Eyes","floor":18},{"not_picked":["Streamline","Rebound"],"picked":"Turbo+1","floor":21},{"not_picked":["Undo","Rip and Tear"],"picked":"Gash","floor":27},{"not_picked":["Aggregate","Compile Driver"],"picked":"Redo","floor":28},{"not_picked":["Turbo","Sweeping Beam"],"picked":"Stack","floor":29},{"not_picked":["Thunder Strike","Core Surge"],"picked":"All For One","floor":33},{"not_picked":["Cold Snap+1","Rebound"],"picked":"Loop","floor":35},{"not_picked":["Doom and Gloom","Cold Snap"],"picked":"Coolheaded+1","floor":36},{"not_picked":["Cold Snap","Steam"],"picked":"Go for the Eyes+1","floor":40},{"not_picked":["Auto Shields","Coolheaded"],"picked":"Redo+1","floor":42},{"not_picked":["Glacier+1","Reprogram+1"],"picked":"Stack+1","floor":45},{"not_picked":["Swift Strike","Mayhem"],"picked":"Panache","floor":47},{"not_picked":["Hologram+1","Glacier"],"picked":"Gash+1","floor":48}],"player_experience":81670,"relics_obtained":[{"floor":8,"key":"Ornamental Fan"},{"floor":9,"key":"Darkstone Periapt"},{"floor":26,"key":"Kunai"},{"floor":29,"key":"Whetstone"},{"floor":40,"key":"Gremlin Horn"},{"floor":43,"key":"Orichalcum"}],"event_choices":[{"damage_healed":0,"gold_gain":0,"player_choice":"Entered Light","damage_taken":16,"max_hp_gain":0,"max_hp_loss":0,"event_name":"Shining Light","floor":3,"gold_loss":0,"cards_upgraded":["Defend_B","Strike_B"]},{"damage_healed":17,"gold_gain":0,"player_choice":"Full Heal","damage_taken":0,"max_hp_gain":0,"max_hp_loss":0,"event_name":"Wheel of Change","floor":4,"gold_loss":0},{"damage_healed":0,"gold_gain":0,"player_choice":"Grow","damage_taken":0,"max_hp_gain":0,"max_hp_loss":0,"event_name":"Living Wall","floor":13,"gold_loss":0,"cards_upgraded":["Defragment"]},{"damage_healed":0,"gold_gain":0,"player_choice":"Ignored","damage_taken":0,"max_hp_gain":0,"max_hp_loss":0,"event_name":"Beggar","floor":20,"gold_loss":0},{"damage_healed":0,"gold_gain":99,"player_choice":"Stole From Cult","damage_taken":0,"max_hp_gain":0,"max_hp_loss":0,"event_name":"Nest","floor":24,"gold_loss":0},{"damage_healed":0,"gold_gain":0,"player_choice":"Fight","damage_taken":0,"max_hp_gain":0,"max_hp_loss":0,"event_name":"Colosseum","floor":30,"gold_loss":0},{"damage_healed":0,"gold_gain":0,"player_choice":"Fled From Nobs","damage_taken":0,"max_hp_gain":0,"max_hp_loss":0,"event_name":"Colosseum","floor":30,"gold_loss":0},{"damage_healed":0,"gold_gain":0,"player_choice":"Max HP","damage_taken":0,"max_hp_gain":0,"max_hp_loss":4,"event_name":"Winding Halls","floor":37,"gold_loss":0},{"cards_removed":["Turbo"],"damage_healed":0,"gold_gain":0,"player_choice":"Removed Skill","damage_taken":0,"max_hp_gain":0,"max_hp_loss":0,"event_name":"Falling","floor":39,"gold_loss":0},{"damage_healed":0,"gold_gain":0,"player_choice":"Memory 1","damage_taken":0,"max_hp_gain":0,"max_hp_loss":0,"event_name":"SensoryStone","floor":47,"gold_loss":0}],"is_beta":false,"boss_relics":[{"not_picked":["Busted Crown","Philosopher\u0027s Stone"],"picked":"White Beast Statue"},{"not_picked":["Astrolabe","Coffee Dripper"],"picked":"Cursed Key"}],"items_purged_floors":[],"is_endless":false,"potions_floor_spawned":[1,5,7,18,21,27,28,29,30,33,35,36,40,42,45,48],"ascension_level":0}