{"gold_per_floor":[114,130,73,90,109,109,143,143,143,154,187,187,31,31],"floor_reached":14,"playtime":675,"items_purged":["Strike_G"],"score":200,"play_id":"d095886c-90d2-4f02-a593-ae40c421a1b6","local_time":"20190105123022","is_ascension_mode":true,"campfire_choices":[{"data":"Skewer","floor":6.0,"key":"SMITH"},{"data":"Sucker Punch","floor":8.0,"key":"SMITH"}],"neow_cost":"NONE","seed_source_timestamp":904279088548362,"circlet_count":0,"master_deck":["AscendersBane","Defend_G","Defend_G","Defend_G","Defend_G","Defend_G","Strike_G","Strike_G","Strike_G","Survivor","Neutralize","Deadly Poison","Sucker Punch+1","Deadly Poison","Skewer+1","Slice","All Out Attack","Cloak And Dagger","Noxious Fumes+1"],"special_seed":0,"relics":["Ring of the Snake","Letter Opener","Frozen Egg 2","Omamori"],"potions_floor_usage":[14],"damage_taken":[{"damage":0.0,"enemies":"2 Louse","floor":1.0,"turns":3.0},{"damage":4.0,"enemies":"Jaw Worm","floor":2.0,"turns":5.0},{"damage":1.0,"enemies":"Small Slimes","floor":4.0,"turns":4.0},{"damage":1.0,"enemies":"Blue Slaver","floor":5.0,"turns":5.0},{"damage":18.0,"enemies":"3 Sentries","floor":7.0,"turns":11.0},{"damage":0.0,"enemies":"2 Fungi Beasts","floor":10.0,"turns":4.0},{"damage":33.0,"enemies":"Gremlin Nob","floor":11.0,"turns":6.0},{"damage":7,"enemies":"Large Slime","floor":14,"turns":1}],"seed_played":"3909957096276683363","potions_obtained":[{"floor":1.0,"key":"Weak Potion"},{"floor":7.0,"key":"Energy Potion"},{"floor":10.0,"key":"Block Potion"},{"floor":11.0,"key":"Energy Potion"}],"is_trial":false,"path_per_floor":["M","M","?","M","M","R","E","R","T","M","E","?","$","M"],"character_chosen":"THE_SILENT","items_purchased":["Noxious Fumes+1"],"campfire_rested":0,"item_purchase_floors":[13],"current_hp_per_floor":[59,55,55,54,53,53,35,35,35,35,2,2,2,0],"gold":31,"neow_bonus":"REMOVE_CARD","is_prod":false,"is_daily":false,"chose_seed":false,"campfire_upgraded":2,"win_rate":0,"timestamp":1546709422,"path_taken":["M","M","?","M","M","R","E","R","T","M","E","?","$","M"],"build_version":"2019-01-03v4","purchased_purges":1,"victory":false,"max_hp_per_floor":[66,66,66,66,66,66,66,66,66,66,66,66,66,66],"card_choices":[{"not_picked":["Caltrops","Blade Dance"],"picked":"Deadly Poison","floor":1.0},{"not_picked":["Eviscerate","Caltrops"],"picked":"Sucker Punch","floor":2.0},{"not_picked":["PiercingWail","Riddle With Holes"],"picked":"Deadly Poison","floor":4.0},{"not_picked":["Underhanded Strike","Deadly Poison"],"picked":"Skewer","floor":5.0},{"not_picked":["Envenom","Skewer"],"picked":"Slice","floor":7.0},{"not_picked":["Quick Slash","Bane"],"picked":"All Out Attack","floor":10.0},{"not_picked":["Backflip","Glass Knife"],"picked":"Cloak And Dagger","floor":11.0}],"player_experience":1151580,"relics_obtained":[{"floor":7.0,"key":"Letter Opener"},{"floor":9.0,"key":"Frozen Egg 2"},{"floor":11.0,"key":"Omamori"}],"event_choices":[{"damage_healed":0.0,"max_hp_gain":0.0,"max_hp_loss":0.0,"gold_gain":0.0,"event_name":"World of Goop","player_choice":"Left Gold","floor":3.0,"gold_loss":57.0,"damage_taken":0.0},{"damage_healed":0.0,"max_hp_gain":0.0,"max_hp_loss":0.0,"gold_gain":0.0,"event_name":"Shining Light","player_choice":"Ignored","floor":12.0,"gold_loss":0.0,"damage_taken":0.0}],"is_beta":false,"boss_relics":[],"items_purged_floors":[13],"is_endless":false,"potions_floor_spawned":[1,7,10,11],"killed_by":"Large Slime","ascension_level":20}