{"gold_per_floor":[118,118,132,148,165,200,218,218],"floor_reached":8,"playtime":294,"items_purged":[],"score":63,"play_id":"5219a0c8-e444-4670-88da-aabdcc0a9591","local_time":"20190911160421","is_ascension_mode":true,"campfire_choices":[],"neow_cost":"NONE","seed_source_timestamp":20638008546975,"circlet_count":0,"master_deck":["Strike_P","Strike_P","Strike_P","Strike_P","Defend_P","Defend_P","Defend_P","Defend_P","Eruption","Vigilance","ReachHeaven","Establishment","EmptyMind","FollowUp","Weave","TalkToTheHand","Evaluate+1"],"special_seed":0,"relics":["PureWater","Toxic Egg 2"],"potions_floor_usage":[6,6],"damage_taken":[{"damage":5.0,"enemies":"2 Louse","floor":1.0,"turns":3.0},{"damage":0.0,"enemies":"Cultist","floor":3.0,"turns":2.0},{"damage":10,"enemies":"Small Slimes","floor":4,"turns":3},{"damage":0,"enemies":"3 Louse","floor":5,"turns":3},{"damage":40,"enemies":"3 Sentries","floor":6,"turns":5},{"damage":17,"enemies":"Exordium Thugs","floor":7,"turns":3},{"damage":17,"enemies":"Gremlin Nob","floor":8,"turns":3}],"seed_played":"-452094989804719797","potions_obtained":[{"floor":1.0,"key":"Regen Potion"},{"floor":2.0,"key":"Fruit Juice"},{"floor":2.0,"key":"AttackPotion"}],"is_trial":false,"path_per_floor":["M","?","M","M","M","E","M","E"],"character_chosen":"WATCHER","items_purchased":[],"campfire_rested":0,"item_purchase_floors":[],"current_hp_per_floor":[60,60,60,50,50,27,10,0],"gold":218,"neow_bonus":"ONE_RANDOM_RARE_CARD","is_prod":false,"is_daily":false,"chose_seed":false,"campfire_upgraded":0,"win_rate":0,"timestamp":1568181861,"path_taken":["M","?","?","M","M","E","M","E"],"build_version":"2019-09-10","purchased_purges":0,"victory":false,"max_hp_per_floor":[65,65,65,65,65,70,70,70],"card_choices":[{"not_picked":["MentalFortress","CarveReality"],"picked":"Establishment","floor":1.0},{"not_picked":["Sanctity","JustLucky"],"picked":"EmptyMind","floor":3.0},{"not_picked":["Protect","EmptyBody"],"picked":"FollowUp","floor":4},{"not_picked":["ThirdEye","CutThroughFate"],"picked":"Weave","floor":5},{"not_picked":["ForeignInfluence","CarveReality"],"picked":"TalkToTheHand","floor":6},{"not_picked":["ForeignInfluence+1","DeceiveReality+1"],"picked":"Evaluate+1","floor":7}],"player_experience":1295832,"relics_obtained":[{"floor":6,"key":"Toxic Egg 2"}],"event_choices":[{"damage_healed":0.0,"max_hp_gain":0.0,"max_hp_loss":0.0,"gold_gain":0.0,"event_name":"Lab","player_choice":"Got Potions","floor":2.0,"gold_loss":0.0,"damage_taken":0.0}],"is_beta":true,"boss_relics":[],"items_purged_floors":[],"is_endless":false,"potions_floor_spawned":[1],"killed_by":"Gremlin Nob","ascension_level":1}