{"gold_per_floor":[116,134,147,159,176,176,47,63,111,124,140,140,151,171,171,267,267,284,294,121,134,84,109,109,139,164,164],"floor_reached":27,"playtime":1478,"items_purged":["Strike_B","Strike_B"],"score":389,"play_id":"eaa135ee-0012-4b9c-a180-80a7daf1993e","local_time":"20181110024536","is_ascension_mode":true,"campfire_choices":[{"data":"Streamline","floor":6,"key":"SMITH"},{"floor":15,"key":"REST"},{"floor":24,"key":"REST"}],"neow_cost":"PERCENT_DAMAGE","seed_source_timestamp":133861859764890,"circlet_count":0,"master_deck":["AscendersBane","Defend_B","Defend_B","Defend_B","Defend_B","Zap","Dualcast","Streamline+1","Streamline","Beam Cell","Defragment","Coolheaded","Reinforced Body","Genetic Algorithm","Electrodynamics","Glacier","Chaos","Tempest+1","FTL+1"],"relics":["Cracked Core","Pen Nib","Blood Vial","Philosopher\u0027s Stone","Blue Candle","Art of War","Bronze Scales"],"potions_floor_usage":[4,10,13,16,21,23,25,27],"damage_taken":[{"damage":1,"enemies":"Cultist","floor":1,"turns":4},{"damage":1,"enemies":"2 Louse","floor":2,"turns":2},{"damage":3,"enemies":"Small Slimes","floor":3,"turns":3},{"damage":11,"enemies":"Gremlin Gang","floor":4,"turns":4},{"damage":6,"enemies":"Exordium Wildlife","floor":5,"turns":4},{"damage":0,"enemies":"Large Slime","floor":8,"turns":4},{"damage":9,"enemies":"Exordium Thugs","floor":10,"turns":5},{"damage":11,"enemies":"Exordium Wildlife","floor":11,"turns":4},{"damage":0,"enemies":"Blue Slaver","floor":13,"turns":3},{"damage":4,"enemies":"2 Fungi Beasts","floor":14,"turns":4},{"damage":22,"enemies":"Hexaghost","floor":16,"turns":12},{"damage":10,"enemies":"Spheric Guardian","floor":18,"turns":4},{"damage":0,"enemies":"Chosen","floor":19,"turns":4},{"damage":21,"enemies":"Snecko","floor":21,"turns":6},{"damage":21,"enemies":"Gremlin Leader","floor":23,"turns":4},{"damage":11,"enemies":"Slavers","floor":25,"turns":4},{"damage":33,"enemies":"Gremlin Leader","floor":27,"turns":5}],"seed_played":"2416245512841375933","potions_obtained":[{"floor":1,"key":"Fire Potion"},{"floor":4,"key":"FocusPotion"},{"floor":8,"key":"Dexterity Potion"},{"floor":10,"key":"Swift Potion"},{"floor":14,"key":"FearPotion"},{"floor":16,"key":"Dexterity Potion"},{"floor":21,"key":"Energy Potion"},{"floor":23,"key":"GamblersBrew"}],"is_trial":false,"path_per_floor":["M","M","M","M","M","R","$","M","T","M","M","?","M","M","R","B",null,"M","M","$","M","?","E","R","E","T","E"],"character_chosen":"DEFECT","items_purchased":["Coolheaded","Chaos"],"campfire_rested":2,"item_purchase_floors":[7,20],"current_hp_per_floor":[49,48,45,34,28,28,28,28,28,19,8,8,10,8,30,10,59,51,53,53,34,34,15,37,28,28,0],"gold":164,"neow_bonus":"REMOVE_TWO","is_prod":false,"is_daily":false,"chose_seed":false,"campfire_upgraded":1,"win_rate":0,"timestamp":1541835936,"path_taken":["M","M","M","M","M","R","$","M","T","?","M","?","M","M","R","BOSS","M","M","$","M","?","E","R","E","T","E"],"build_version":"2018-11-08","purchased_purges":2,"victory":false,"max_hp_per_floor":[75,75,75,75,75,75,75,75,75,75,75,75,75,75,75,75,75,75,75,75,75,75,75,75,75,75,75],"card_choices":[{"not_picked":["Capacitor","Force Field"],"picked":"Streamline","floor":1},{"not_picked":["Leap","Recycle","Hello World"],"picked":"SKIP","floor":2},{"not_picked":["Turbo","Static Discharge"],"picked":"Streamline","floor":3},{"not_picked":["Self Repair","Aggregate"],"picked":"Beam Cell","floor":4},{"not_picked":["Cold Snap","Steam"],"picked":"Defragment","floor":5},{"not_picked":["Redo","Amplify"],"picked":"Reinforced Body","floor":8},{"not_picked":["Conserve Battery","Leap","Rebound"],"picked":"SKIP","floor":10},{"not_picked":["Redo","Rebound"],"picked":"Genetic Algorithm","floor":11},{"not_picked":["Steam","Tempest","Rebound"],"picked":"SKIP","floor":13},{"not_picked":["Gash","Beam Cell","Steam"],"picked":"SKIP","floor":14},{"not_picked":["Core Surge","Amplify"],"picked":"Electrodynamics","floor":16},{"not_picked":["Rebound","Blizzard"],"picked":"Glacier","floor":18},{"not_picked":["Barrage","Turbo","Compile Driver+1"],"picked":"SKIP","floor":19},{"not_picked":["Barrage","Streamline"],"picked":"Tempest+1","floor":21},{"not_picked":["Rip and Tear+1","Reinforced Body","Melter"],"picked":"SKIP","floor":23},{"not_picked":["Rebound","Echo Form"],"picked":"FTL+1","floor":25}],"player_experience":656866,"relics_obtained":[{"floor":9,"key":"Pen Nib"},{"floor":23,"key":"Blue Candle"},{"floor":25,"key":"Art of War"},{"floor":26,"key":"Bronze Scales"}],"event_choices":[{"damage_healed":0,"gold_gain":0,"player_choice":"Searched \u00271\u0027 times","damage_taken":0,"relics_obtained":["Blood Vial"],"max_hp_gain":0,"max_hp_loss":0,"event_name":"Dead Adventurer","floor":12,"gold_loss":0},{"damage_healed":0,"gold_gain":0,"player_choice":"Bet on Murderer","damage_taken":0,"max_hp_gain":0,"max_hp_loss":0,"event_name":"The Joust","floor":22,"gold_loss":50}],"is_beta":false,"boss_relics":[{"not_picked":["Coffee Dripper","Runic Dome"],"picked":"Philosopher\u0027s Stone"}],"items_purged_floors":[7,20],"is_endless":false,"potions_floor_spawned":[1,4,8,10,14,16,21,23],"killed_by":"Gremlin Leader","ascension_level":11}