{"gold_per_floor":[117,67,67,142,156,185,200,226,280,314,29,55,72,72,72,168,168,188,201,226,226,26,26],"floor_reached":23,"playtime":1015,"items_purged":["Strike_G"],"score":386,"play_id":"5d8acb2f-47d2-45ed-acba-8283124cb8d8","local_time":"20181215215508","is_ascension_mode":true,"campfire_choices":[{"floor":15,"key":"REST"}],"neow_cost":"NONE","seed_source_timestamp":181176319638068,"circlet_count":0,"master_deck":["AscendersBane","Defend_G","Defend_G","Defend_G","Defend_G","Defend_G","Strike_G","Strike_G","Strike_G","Survivor","Neutralize","Dash","Footwork","Finisher+1","Dagger Spray+1","Finisher+1","Deflect","Slice+1","FTL+1","Necronomicurse","Slice+1","Heel Hook+1"],"relics":["Ring of the Snake","NeowsBlessing","Molten Egg 2","Ancient Tea Set","Bag of Preparation","PrismaticShard","Art of War","Golden Idol","Black Star","Necronomicon"],"potions_floor_usage":[8,10,16,16,23,23],"damage_taken":[{"damage":0,"enemies":"Jaw Worm","floor":1,"turns":1},{"damage":0,"enemies":"2 Louse","floor":5,"turns":1},{"damage":0,"enemies":"Lagavulin","floor":6,"turns":1},{"damage":3,"enemies":"Small Slimes","floor":7,"turns":3},{"damage":3,"enemies":"3 Sentries","floor":8,"turns":8},{"damage":25,"enemies":"Lagavulin","floor":10,"turns":7},{"damage":0,"enemies":"Looter","floor":13,"turns":4},{"damage":41,"enemies":"Slime Boss","floor":16,"turns":16},{"damage":0,"enemies":"3 Byrds","floor":18,"turns":5},{"damage":19,"enemies":"2 Thieves","floor":19,"turns":3},{"damage":2,"enemies":"Centurion and Healer","floor":20,"turns":5},{"damage":18,"enemies":"Book of Stabbing","floor":23,"turns":5}],"seed_played":"-826164398553943985","potions_obtained":[{"floor":1,"key":"PowerPotion"},{"floor":6,"key":"PowerPotion"},{"floor":10,"key":"GhostInAJar"},{"floor":13,"key":"Dexterity Potion"},{"floor":19,"key":"Weak Potion"}],"is_trial":false,"path_per_floor":["M","?","?","?","M","E","M","E","T","E","$","T","M","?","R","B",null,"M","M","M","?","$","E"],"character_chosen":"THE_SILENT","items_purchased":["PrismaticShard","GhostInAJar","Slice+1","Heel Hook+1"],"campfire_rested":1,"item_purchase_floors":[11,22,22,22],"current_hp_per_floor":[63,63,68,57,57,57,54,51,51,26,26,26,26,26,46,5,53,53,34,32,16,16,0],"gold":26,"neow_bonus":"THREE_ENEMY_KILL","is_prod":false,"is_daily":false,"chose_seed":false,"campfire_upgraded":0,"win_rate":0,"timestamp":1544928908,"path_taken":["M","?","?","?","M","E","M","E","T","E","?","?","M","?","R","BOSS","M","M","M","?","$","E"],"build_version":"2018-12-13","purchased_purges":1,"victory":false,"max_hp_per_floor":[70,70,75,75,75,75,75,75,75,75,75,75,75,69,69,69,69,69,69,69,69,69,69],"card_choices":[{"not_picked":["Expertise","Acrobatics"],"picked":"Dash","floor":1},{"not_picked":["Caltrops","Deadly Poison"],"picked":"Footwork","floor":5},{"not_picked":["Acrobatics","Dagger Spray"],"picked":"Finisher","floor":6},{"not_picked":["Crippling Poison","Poisoned Stab+1"],"picked":"Dagger Spray+1","floor":7},{"not_picked":["Dagger Spray+1","Infinite Blades"],"picked":"Finisher+1","floor":8},{"not_picked":["Skewer+1","Footwork"],"picked":"Deflect","floor":10},{"not_picked":["Dodge and Roll","Turbo"],"picked":"Slice+1","floor":13},{"not_picked":["Dodge and Roll","Go for the Eyes+1"],"picked":"FTL+1","floor":18},{"not_picked":["Clothesline+1","Uppercut+1","True Grit"],"picked":"SKIP","floor":19},{"not_picked":["Poisoned Stab+1","Dark Shackles","Ghostly Armor"],"picked":"SKIP","floor":20}],"player_experience":877090,"relics_obtained":[{"floor":6,"key":"Molten Egg 2"},{"floor":8,"key":"Ancient Tea Set"},{"floor":10,"key":"Bag of Preparation"},{"floor":12,"key":"Art of War"},{"floor":21,"key":"Necronomicon"}],"event_choices":[{"cards_removed":["Strike_G"],"damage_healed":0,"gold_gain":0,"player_choice":"Card Removal","damage_taken":0,"max_hp_gain":0,"max_hp_loss":0,"event_name":"The Cleric","floor":2,"gold_loss":50},{"damage_healed":0,"gold_gain":0,"player_choice":"Donut","damage_taken":0,"max_hp_gain":5,"max_hp_loss":0,"event_name":"Big Fish","floor":3,"gold_loss":0},{"damage_healed":0,"gold_gain":75,"player_choice":"Gather Gold","damage_taken":11,"max_hp_gain":0,"max_hp_loss":0,"event_name":"World of Goop","floor":4,"gold_loss":0},{"damage_healed":0,"gold_gain":0,"player_choice":"Lose Max HP","damage_taken":0,"relics_obtained":["Golden Idol"],"max_hp_gain":0,"max_hp_loss":6,"event_name":"Golden Idol","floor":14,"gold_loss":0},{"damage_healed":0,"gold_gain":0,"player_choice":"Obtained Book","damage_taken":16,"max_hp_gain":0,"max_hp_loss":0,"event_name":"Cursed Tome","floor":21,"gold_loss":0}],"is_beta":false,"boss_relics":[{"not_picked":["Velvet Choker","Tiny House"],"picked":"Black Star"}],"items_purged_floors":[11],"is_endless":false,"potions_floor_spawned":[1,6,7,10,13,19],"killed_by":"Book of Stabbing","ascension_level":13}