{"gold_per_floor":[114,130,55,74,86,86,323,323],"floor_reached":8,"playtime":296,"items_purged":[],"score":96,"play_id":"0569d960-e716-4967-b00b-9929f7e53b8c","local_time":"20190504064532","is_ascension_mode":true,"campfire_choices":[{"data":"Dagger Spray","floor":6,"key":"SMITH"}],"neow_cost":"NONE","seed_source_timestamp":851478114906532,"circlet_count":0,"master_deck":["AscendersBane","Defend_G","Defend_G","Defend_G","Defend_G","Defend_G","Strike_G","Strike_G","Strike_G","Strike_G","Survivor","Neutralize","Dagger Spray+1","Bullet Time","Footwork","All Out Attack"],"special_seed":0,"relics":["Ring of the Snake","Old Coin"],"potions_floor_usage":[],"damage_taken":[{"damage":3.0,"enemies":"Jaw Worm","floor":1.0,"turns":4.0},{"damage":1.0,"enemies":"Small Slimes","floor":2.0,"turns":4.0},{"damage":9.0,"enemies":"Cultist","floor":4.0,"turns":6.0},{"damage":14,"enemies":"3 Louse","floor":5,"turns":3},{"damage":54,"enemies":"Lagavulin","floor":8,"turns":6}],"seed_played":"1418029682254365107","potions_obtained":[{"floor":2.0,"key":"LiquidBronze"}],"is_trial":false,"path_per_floor":["M","M","?","M","M","R","?","E"],"character_chosen":"THE_SILENT","items_purchased":[],"campfire_rested":0,"item_purchase_floors":[],"current_hp_per_floor":[62,61,61,52,38,38,38,0],"gold":323,"neow_bonus":"TEN_PERCENT_HP_BONUS","is_prod":false,"is_daily":false,"chose_seed":false,"campfire_upgraded":1,"win_rate":0,"timestamp":1556966732,"path_taken":["M","M","?","M","M","R","?","E"],"build_version":"2019-01-23","purchased_purges":0,"victory":false,"max_hp_per_floor":[72,72,72,72,72,72,72,72],"card_choices":[{"not_picked":["Sucker Punch","Quick Slash"],"picked":"Dagger Spray","floor":1.0},{"not_picked":["Quick Slash","Setup"],"picked":"Bullet Time","floor":2.0},{"not_picked":["PiercingWail","Accuracy"],"picked":"Footwork","floor":4.0},{"not_picked":["Backflip","Footwork"],"picked":"All Out Attack","floor":5}],"player_experience":1399958,"relics_obtained":[],"event_choices":[{"cards_removed":["Strike_G"],"damage_healed":0.0,"max_hp_gain":0.0,"max_hp_loss":0.0,"gold_gain":0.0,"event_name":"The Cleric","player_choice":"Card Removal","floor":3.0,"gold_loss":75.0,"damage_taken":0.0},{"damage_healed":0,"gold_gain":0,"player_choice":"Paid Gold","damage_taken":0,"relics_obtained":["Old Coin"],"max_hp_gain":0,"max_hp_loss":0,"event_name":"WeMeetAgain","floor":7,"gold_loss":63}],"is_beta":false,"boss_relics":[],"items_purged_floors":[],"is_endless":false,"potions_floor_spawned":[2],"killed_by":"Lagavulin","ascension_level":20}