{"gold_per_floor":[109,284,284,301,301,335,335,335,359,384,403,59,59,24,24,150,150,75,75,75,14,14,14,14,14,14,14,14,14,14],"floor_reached":30,"playtime":1187,"items_purged":["Strike_G"],"score":426,"play_id":"985668fd-801b-4325-bf8f-b87930d78af5","local_time":"20181112230438","is_ascension_mode":true,"campfire_choices":[{"data":"Calculated Gamble","floor":7,"key":"SMITH"},{"data":"Crippling Poison","floor":13,"key":"SMITH"},{"data":"Noxious Fumes","floor":15,"key":"SMITH"},{"floor":23,"key":"REST"},{"data":"Backflip","floor":25,"key":"SMITH"},{"data":"Doppelganger","floor":27,"key":"SMITH"}],"neow_cost":"NONE","seed_source_timestamp":380098406262388,"circlet_count":0,"master_deck":["AscendersBane","Defend_G","Defend_G+1","Defend_G+1","Defend_G","Defend_G","Strike_G","Strike_G","Strike_G","Survivor","Neutralize","Dodge and Roll","Calculated Gamble+1","Underhanded Strike","Deadly Poison","Crippling Poison+1","Bouncing Flask","Noxious Fumes+1","Bane","Backflip+1","Doppelganger+1","Deadly Poison+1","Dash+1","Cloak And Dagger","Reflex+1","Escape Plan+1"],"relics":["Ring of the Snake","NeowsBlessing","Golden Idol","Happy Flower","Snake Skull","Ectoplasm","Bird Faced Urn","War Paint","Pen Nib"],"potions_floor_usage":[16,16,19,24,24,30],"damage_taken":[{"damage":0,"enemies":"Jaw Worm","floor":1,"turns":1},{"damage":0,"enemies":"Small Slimes","floor":4,"turns":1},{"damage":0,"enemies":"Lagavulin","floor":6,"turns":1},{"damage":10,"enemies":"Cultist","floor":10,"turns":5},{"damage":19,"enemies":"Large Slime","floor":11,"turns":10},{"damage":4,"enemies":"Slime Boss","floor":16,"turns":8},{"damage":30,"enemies":"2 Thieves","floor":18,"turns":4},{"damage":2,"enemies":"Shell Parasite","floor":19,"turns":4},{"damage":12,"enemies":"Centurion and Healer","floor":20,"turns":5},{"damage":0,"enemies":"Snecko","floor":22,"turns":4},{"damage":23,"enemies":"Slavers","floor":24,"turns":4},{"damage":0,"enemies":"Chosen and Byrds","floor":28,"turns":4},{"damage":12,"enemies":"Shelled Parasite and Fungi","floor":29,"turns":6},{"damage":24,"enemies":"Snecko","floor":30,"turns":4}],"seed_played":"7042454680817412766","potions_obtained":[{"floor":6,"key":"Dexterity Potion"},{"floor":11,"key":"SpeedPotion"},{"floor":16,"key":"Regen Potion"},{"floor":19,"key":"LiquidBronze"},{"floor":20,"key":"Energy Potion"},{"floor":24,"key":"AttackPotion"}],"is_trial":false,"path_per_floor":["M","?","?","M","?","E","R","?","T","M","M","$","R","?","R","B",null,"M","M","M","?","M","R","E","R","T","R","M","M","M"],"character_chosen":"THE_SILENT","items_purchased":["Bouncing Flask","Noxious Fumes","Bane","Backflip"],"campfire_rested":1,"item_purchase_floors":[12,12,12,12],"current_hp_per_floor":[63,63,56,56,56,56,56,56,56,46,27,27,27,43,43,39,59,29,41,29,29,31,50,29,29,29,29,31,19,0],"gold":14,"neow_bonus":"THREE_ENEMY_KILL","is_prod":false,"is_daily":false,"chose_seed":false,"campfire_upgraded":5,"win_rate":0,"timestamp":1542081878,"path_taken":["M","?","?","M","?","E","R","?","T","M","M","$","R","?","R","BOSS","M","M","M","?","M","R","E","R","T","R","M","M","M"],"build_version":"2018-11-08","purchased_purges":1,"victory":false,"max_hp_per_floor":[70,70,70,70,65,65,65,65,65,65,65,65,65,65,65,65,65,65,65,65,65,65,65,65,65,65,65,65,65,65],"card_choices":[{"not_picked":["Infinite Blades","Blade Dance"],"picked":"Dodge and Roll","floor":1},{"not_picked":["Acrobatics","Dagger Throw"],"picked":"Calculated Gamble","floor":4},{"not_picked":["Burst","Unload"],"picked":"Underhanded Strike","floor":6},{"not_picked":["Blade Dance","Slice"],"picked":"Deadly Poison","floor":10},{"not_picked":["All Out Attack","Well Laid Plans"],"picked":"Crippling Poison","floor":11},{"not_picked":["Venomology","Tools of the Trade"],"picked":"Doppelganger","floor":16},{"not_picked":["Quick Slash","Prepared"],"picked":"Deadly Poison+1","floor":18},{"not_picked":["Expertise","Leg Sweep"],"picked":"Dash+1","floor":19},{"not_picked":["Flechettes+1","Bouncing Flask","Dodge and Roll"],"picked":"SKIP","floor":20},{"not_picked":["Dagger Throw","Endless Agony"],"picked":"Cloak And Dagger","floor":22},{"not_picked":["Sucker Punch","Quick Slash"],"picked":"Reflex+1","floor":24},{"not_picked":["Blade Dance","Backflip+1"],"picked":"Escape Plan+1","floor":28},{"not_picked":["Underhanded Strike","Outmaneuver","Deadly Poison"],"picked":"SKIP","floor":29}],"player_experience":678311,"relics_obtained":[{"floor":6,"key":"Happy Flower"},{"floor":9,"key":"Snake Skull"},{"floor":24,"key":"War Paint"},{"floor":26,"key":"Pen Nib"}],"event_choices":[{"damage_healed":0,"gold_gain":175,"player_choice":"AGREE","damage_taken":0,"max_hp_gain":0,"max_hp_loss":0,"event_name":"Liars Game","floor":2,"gold_loss":0,"cards_obtained":["Doubt"]},{"cards_removed":["Doubt"],"damage_healed":0,"gold_gain":0,"player_choice":"Card Removal","damage_taken":7,"max_hp_gain":0,"max_hp_loss":0,"event_name":"Golden Wing","floor":3,"gold_loss":0},{"damage_healed":0,"gold_gain":0,"player_choice":"Lose Max HP","damage_taken":0,"relics_obtained":["Golden Idol"],"max_hp_gain":0,"max_hp_loss":5,"event_name":"Golden Idol","floor":5,"gold_loss":0},{"cards_removed":["Strike_G"],"damage_healed":0,"gold_gain":0,"player_choice":"Forget","damage_taken":0,"max_hp_gain":0,"max_hp_loss":0,"event_name":"Living Wall","floor":8,"gold_loss":0},{"damage_healed":16,"gold_gain":0,"player_choice":"Healed","damage_taken":0,"max_hp_gain":0,"max_hp_loss":0,"event_name":"The Cleric","floor":14,"gold_loss":35},{"damage_healed":0,"gold_gain":0,"player_choice":"Paid Gold","damage_taken":0,"relics_obtained":["Bird Faced Urn"],"max_hp_gain":0,"max_hp_loss":0,"event_name":"WeMeetAgain","floor":21,"gold_loss":61}],"is_beta":false,"boss_relics":[{"not_picked":["Calling Bell","Tiny House"],"picked":"Ectoplasm"}],"items_purged_floors":[12],"is_endless":false,"potions_floor_spawned":[6,11,16,19,20,24],"killed_by":"Snecko","ascension_level":11}