{"gold_per_floor":[362,380,380,392,404,404,424,424,424,437,454,466,466,35,35,110,110,129,129,129,29],"floor_reached":21,"playtime":811,"items_purged":[],"score":329,"play_id":"27e042c0-2f98-4aab-91ab-01af38a05329","local_time":"20190906075802","is_ascension_mode":true,"campfire_choices":[{"floor":6,"key":"REST"},{"floor":8,"key":"REST"},{"floor":13,"key":"REST"},{"data":"Coolheaded","floor":15,"key":"SMITH"}],"neow_cost":"CURSE","seed_source_timestamp":71072334727406,"circlet_count":0,"master_deck":["AscendersBane","Strike_B","Strike_B","Strike_B","Strike_B","Defend_B","Defend_B","Defend_B","Defend_B","Zap","Dualcast","Pain","Coolheaded+1","Redo","Recycle","Streamline","Self Repair","Go for the Eyes","Compile Driver","Chill","Conserve Battery","Panacea","Electrodynamics","Skim+1"],"relics":["Cracked Core","Strawberry","Lee\u0027s Waffle","Cursed Key","Enchiridion","MutagenicStrength"],"potions_floor_usage":[2,10,12,16,21],"damage_taken":[{"damage":3,"enemies":"Cultist","floor":1,"turns":4},{"damage":7,"enemies":"Small Slimes","floor":2,"turns":3},{"damage":10,"enemies":"Jaw Worm","floor":4,"turns":4},{"damage":29,"enemies":"Large Slime","floor":5,"turns":8},{"damage":18,"enemies":"Blue Slaver","floor":7,"turns":4},{"damage":32,"enemies":"Lots of Slimes","floor":10,"turns":7},{"damage":18,"enemies":"Large Slime","floor":11,"turns":7},{"damage":13,"enemies":"Looter","floor":12,"turns":4},{"damage":24,"enemies":"The Guardian","floor":16,"turns":13},{"damage":33,"enemies":"Spheric Guardian","floor":18,"turns":6},{"damage":36,"enemies":"2 Thieves","floor":21,"turns":3}],"seed_played":"3773810834711655483","potions_obtained":[{"floor":1,"key":"Block Potion"},{"floor":7,"key":"Regen Potion"},{"floor":11,"key":"SkillPotion"},{"floor":12,"key":"Energy Potion"},{"floor":16,"key":"Ancient Potion"}],"is_trial":false,"path_per_floor":["M","M","?","M","M","R","M","R","T","M","M","M","R","$","R","B",null,"M","?","?","M"],"character_chosen":"DEFECT","items_purchased":["Lee\u0027s Waffle","Conserve Battery","Panacea","PowerPotion"],"campfire_rested":3,"item_purchase_floors":[14,14,14,14],"current_hp_per_floor":[61,54,54,44,15,36,18,39,46,36,25,12,35,85,85,68,81,55,34,34,0],"gold":29,"neow_bonus":"TWO_FIFTY_GOLD","is_prod":false,"is_daily":false,"chose_seed":false,"campfire_upgraded":1,"win_rate":0,"timestamp":1567720682,"path_taken":["M","?","?","M","M","R","M","R","T","M","M","M","R","$","R","BOSS","M","?","?","M"],"build_version":"2019-07-17","purchased_purges":0,"victory":false,"max_hp_per_floor":[71,71,71,71,71,71,71,71,78,78,78,78,78,85,85,85,85,85,85,85,85],"card_choices":[{"not_picked":["Steam Power","Gash"],"picked":"Hello World","floor":1},{"not_picked":["Loop","Hello World"],"picked":"Coolheaded","floor":2},{"not_picked":["Cold Snap","Auto Shields"],"picked":"Recycle","floor":4},{"not_picked":["Coolheaded","Double Energy"],"picked":"Streamline","floor":5},{"not_picked":["Rebound","Beam Cell"],"picked":"Self Repair","floor":7},{"not_picked":["Barrage","Blizzard"],"picked":"Go for the Eyes","floor":10},{"not_picked":["Capacitor","Barrage"],"picked":"Compile Driver","floor":11},{"not_picked":["Hologram","Compile Driver"],"picked":"Chill","floor":12},{"not_picked":["Thunder Strike","Amplify"],"picked":"Electrodynamics","floor":16},{"not_picked":["Melter","Steam"],"picked":"Skim+1","floor":18}],"player_experience":1256376,"relics_obtained":[{"floor":9,"key":"Strawberry"},{"floor":19,"key":"Enchiridion"}],"event_choices":[{"damage_healed":0,"gold_gain":0,"cards_transformed":["Hello World"],"player_choice":"Change","damage_taken":0,"max_hp_gain":0,"max_hp_loss":0,"event_name":"Living Wall","floor":3,"gold_loss":0,"cards_obtained":["Redo"]},{"damage_healed":0,"gold_gain":0,"player_choice":"Obtained Book","damage_taken":21,"max_hp_gain":0,"max_hp_loss":0,"event_name":"Cursed Tome","floor":19,"gold_loss":0},{"damage_healed":0,"gold_gain":0,"player_choice":"Inject Mutagens","damage_taken":0,"relics_obtained":["MutagenicStrength"],"max_hp_gain":0,"max_hp_loss":0,"event_name":"Drug Dealer","floor":20,"gold_loss":0}],"is_beta":false,"boss_relics":[{"not_picked":["Busted Crown","Pandora\u0027s Box"],"picked":"Cursed Key"}],"items_purged_floors":[],"is_endless":false,"potions_floor_spawned":[1,7,11,12,16],"killed_by":"2 Thieves","ascension_level":18}