{"gold_per_floor":[114,133,150,150,150,177,177,196,196,196,214,232,262,272,272,351,351,368,368,378,390,390],"floor_reached":22,"playtime":1413,"items_purged":[],"score":400,"play_id":"71414a10-2b15-42d9-aa5b-0cbb7ecf1bbe","local_time":"20190826105137","is_ascension_mode":true,"campfire_choices":[{"data":"Ball Lightning","floor":7,"key":"SMITH"},{"data":"Redo","floor":10,"key":"SMITH"},{"floor":15,"key":"REST"}],"neow_cost":"NONE","seed_source_timestamp":0,"circlet_count":0,"master_deck":["AscendersBane","Strike_B","Strike_B+1","Strike_B","Defend_B","Defend_B","Defend_B","Defend_B","Zap+1","Dualcast+1","Compile Driver","Cold Snap","Ball Lightning+1","Scrape+1","Redo+1","Auto Shields","Glacier","Rainbow","Machine Learning","Doom and Gloom","RitualDagger"],"special_seed":0,"relics":["Cracked Core","Whetstone","Bag of Marbles","Blue Candle","Black Star"],"potions_floor_usage":[14,16,16,18,21],"damage_taken":[{"damage":4,"enemies":"Jaw Worm","floor":1,"turns":3},{"damage":3,"enemies":"2 Louse","floor":2,"turns":2},{"damage":0,"enemies":"Cultist","floor":3,"turns":3},{"damage":17,"enemies":"Lagavulin","floor":6,"turns":6},{"damage":4,"enemies":"Red Slaver","floor":8,"turns":3},{"damage":9,"enemies":"Large Slime","floor":11,"turns":5},{"damage":4,"enemies":"2 Fungi Beasts","floor":12,"turns":2},{"damage":4,"enemies":"3 Sentries","floor":13,"turns":8},{"damage":0,"enemies":"Blue Slaver","floor":14,"turns":3},{"damage":1,"enemies":"Slime Boss","floor":16,"turns":6},{"damage":6,"enemies":"2 Thieves","floor":18,"turns":3},{"damage":26,"enemies":"Shell Parasite","floor":20,"turns":7},{"damage":22,"enemies":"Snake Plant","floor":21,"turns":5},{"damage":18,"enemies":"Sentry and Sphere","floor":22,"turns":3}],"seed_played":"390602736056607930","potions_obtained":[{"floor":6,"key":"Block Potion"},{"floor":12,"key":"Swift Potion"},{"floor":14,"key":"Fire Potion"},{"floor":16,"key":"AttackPotion"},{"floor":20,"key":"Regen Potion"},{"floor":21,"key":"SpeedPotion"}],"is_trial":false,"path_per_floor":["M","M","M","?","?","E","R","M","T","R","M","M","E","M","R","B",null,"M","?","M","M","M"],"character_chosen":"DEFECT","items_purchased":[],"campfire_rested":1,"item_purchase_floors":[],"current_hp_per_floor":[60,57,57,57,57,40,40,36,36,36,27,23,19,19,40,39,63,57,51,25,17,0],"gold":390,"neow_bonus":"REMOVE_CARD","is_prod":false,"is_daily":false,"chose_seed":false,"campfire_upgraded":2,"win_rate":0,"timestamp":1566831097,"path_taken":["M","M","M","?","?","E","R","?","T","R","M","M","E","M","R","BOSS","M","?","M","M","M"],"build_version":"2019-07-17","purchased_purges":0,"victory":false,"max_hp_per_floor":[71,71,71,71,71,71,71,71,71,71,71,71,71,71,71,71,71,71,71,71,71,71],"card_choices":[{"not_picked":["Go for the Eyes","Beam Cell"],"picked":"Compile Driver","floor":1},{"not_picked":["Barrage","Fusion"],"picked":"Cold Snap","floor":2},{"not_picked":["Genetic Algorithm","Consume"],"picked":"Ball Lightning","floor":3},{"not_picked":["Ball Lightning","Rebound"],"picked":"Scrape","floor":6},{"not_picked":["Rebound","Gash"],"picked":"Redo","floor":8},{"not_picked":["Compile Driver","Conserve Battery"],"picked":"Auto Shields","floor":11},{"not_picked":["Streamline","Cold Snap"],"picked":"Glacier","floor":12},{"not_picked":["Compile Driver","Force Field"],"picked":"Rainbow","floor":13},{"not_picked":["Tempest","Blizzard","Stack"],"picked":"SKIP","floor":14},{"not_picked":["All For One","Creative AI"],"picked":"Machine Learning","floor":16},{"not_picked":["Gash","Go for the Eyes"],"picked":"Doom and Gloom","floor":18},{"not_picked":["Aggregate","Hologram","Rip and Tear"],"picked":"SKIP","floor":20},{"not_picked":["Machine Learning","Barrage","Hologram"],"picked":"SKIP","floor":21}],"player_experience":1859069,"relics_obtained":[{"floor":6,"key":"Whetstone"},{"floor":9,"key":"Bag of Marbles"},{"floor":13,"key":"Blue Candle"}],"event_choices":[{"damage_healed":0,"gold_gain":0,"player_choice":"Grow","damage_taken":0,"max_hp_gain":0,"max_hp_loss":0,"event_name":"Living Wall","floor":4,"gold_loss":0,"cards_upgraded":["Zap"]},{"damage_healed":0,"gold_gain":0,"player_choice":"Upgraded","damage_taken":0,"max_hp_gain":0,"max_hp_loss":0,"event_name":"Upgrade Shrine","floor":5,"gold_loss":0,"cards_upgraded":["Dualcast"]},{"damage_healed":0,"gold_gain":0,"player_choice":"Joined the Cult","damage_taken":6,"max_hp_gain":0,"max_hp_loss":0,"event_name":"Nest","floor":19,"gold_loss":0,"cards_obtained":["RitualDagger"]}],"is_beta":false,"boss_relics":[{"not_picked":["Eternal Feather","Lizard Tail"],"picked":"Black Star"}],"items_purged_floors":[],"is_endless":false,"potions_floor_spawned":[6,12,14,16,20,21],"killed_by":"Sentry and Sphere","ascension_level":20}