{"gold_per_floor":[118,131,151,53,66,66,91,91,91,102,102,116,135,147,147],"floor_reached":15,"playtime":1002,"items_purged":[],"score":101,"play_id":"8fb8e2ba-5ad5-4ad5-8d81-99bbd2d3dbdb","local_time":"20190606165519","is_ascension_mode":false,"campfire_choices":[{"data":"Noxious Fumes","floor":6.0,"key":"SMITH"},{"floor":8.0,"key":"REST"},{"floor":15,"key":"REST"}],"neow_cost":"NONE","seed_source_timestamp":0,"circlet_count":0,"master_deck":["Defend_G","Defend_G","Defend_G","Defend_G","Defend_G","Strike_G","Strike_G","Strike_G","Strike_G","Survivor","Neutralize","Noxious Fumes+1","Deadly Poison","Expertise","Dagger Spray","Flying Knee","Skewer","Terror","Calculated Gamble","Quick Slash","Backflip","Deadly Poison"],"special_seed":0,"relics":["Ring of the Snake","Bottled Lightning","Mummified Hand"],"potions_floor_usage":[],"damage_taken":[{"damage":6.0,"enemies":"Jaw Worm","floor":1.0,"turns":6.0},{"damage":1.0,"enemies":"Cultist","floor":2.0,"turns":5.0},{"damage":2.0,"enemies":"Small Slimes","floor":3.0,"turns":3.0},{"damage":2.0,"enemies":"2 Fungi Beasts","floor":5.0,"turns":4.0},{"damage":21.0,"enemies":"3 Sentries","floor":7.0,"turns":7.0},{"damage":2.0,"enemies":"3 Louse","floor":10.0,"turns":3.0},{"damage":2.0,"enemies":"Blue Slaver","floor":12.0,"turns":3.0},{"damage":4.0,"enemies":"2 Fungi Beasts","floor":13.0,"turns":3.0},{"damage":3.0,"enemies":"3 Louse","floor":14.0,"turns":5.0}],"seed_played":"7226475351287081364","potions_obtained":[{"floor":3.0,"key":"Explosive Potion"},{"floor":5.0,"key":"GamblersBrew"},{"floor":7.0,"key":"GamblersBrew"},{"floor":13.0,"key":"LiquidBronze"}],"is_trial":false,"path_per_floor":["M","M","M","$","M","R","E","R","T","M","?","M","M","M","R"],"character_chosen":"THE_SILENT","items_purchased":["Dagger Spray","GhostInAJar"],"campfire_rested":2,"item_purchase_floors":[4,4],"current_hp_per_floor":[71,70,68,68,66,66,45,68,68,66,66,64,60,57,77],"gold":147,"neow_bonus":"TEN_PERCENT_HP_BONUS","is_prod":false,"is_daily":false,"chose_seed":false,"campfire_upgraded":1,"win_rate":0.0,"timestamp":1559832919,"path_taken":["M","M","M","$","M","R","E","R","T","M","?","M","M","?","R"],"build_version":"2019-01-23","purchased_purges":0,"victory":false,"max_hp_per_floor":[77,77,77,77,77,77,77,77,77,77,77,77,77,77,77],"card_choices":[{"not_picked":["Outmaneuver","Dagger Spray"],"picked":"Noxious Fumes","floor":1.0},{"not_picked":["Underhanded Strike","Quick Slash"],"picked":"Deadly Poison","floor":2.0},{"not_picked":["Predator","Backstab"],"picked":"Expertise","floor":3.0},{"not_picked":["Infinite Blades","Sucker Punch"],"picked":"Flying Knee","floor":5.0},{"not_picked":["Underhanded Strike","Prepared"],"picked":"Skewer","floor":7.0},{"not_picked":["After Image","Dagger Throw"],"picked":"Terror","floor":10.0},{"not_picked":["Masterful Stab","Flying Knee"],"picked":"Quick Slash","floor":12.0},{"not_picked":["Well Laid Plans","Acrobatics"],"picked":"Backflip","floor":13.0},{"not_picked":["Prepared","Flechettes"],"picked":"Deadly Poison","floor":14.0}],"player_experience":6677,"relics_obtained":[{"floor":7.0,"key":"Bottled Lightning"},{"floor":9.0,"key":"Mummified Hand"}],"event_choices":[{"damage_healed":0.0,"max_hp_gain":0.0,"max_hp_loss":0.0,"gold_gain":0.0,"cards_transformed":["Strike_G"],"event_name":"Transmorgrifier","player_choice":"Transformed","floor":11.0,"gold_loss":0.0,"damage_taken":0.0,"cards_obtained":["Calculated Gamble"]}],"is_beta":false,"boss_relics":[],"items_purged_floors":[],"is_endless":false,"potions_floor_spawned":[3,5,7,13],"ascension_level":0}