{"gold_per_floor":[114,89,89,89,100,132,132,19,42,42,52,63,63,73,73,175,175,187,199,199,214,26,54,54,54,54,54,74,102,121,121,121,219,219,233,30,45,65,83,83,83,83,83,8,8,108,8,19,19,19,19,19,19,45,45],"floor_reached":55,"playtime":4111,"items_purged":["Strike_R","Strike_R"],"score":841,"play_id":"08a8f6aa-5783-4034-a15c-ef78c18e4b9b","local_time":"20190723221136","is_ascension_mode":true,"campfire_choices":[{"floor":7.0,"key":"REST"},{"data":"Armaments","floor":10.0,"key":"SMITH"},{"data":"Body Slam","floor":13.0,"key":"SMITH"},{"data":"Infernal Blade","floor":15.0,"key":"SMITH"},{"data":"Spot Weakness","floor":25.0,"key":"SMITH"},{"floor":27.0,"key":"RECALL"},{"floor":32,"key":"REST"},{"data":"Limit Break","floor":40,"key":"SMITH"},{"data":"Heavy Blade","floor":42,"key":"SMITH"},{"data":"Battle Trance","floor":45,"key":"SMITH"},{"data":"Burning Pact","floor":49,"key":"SMITH"},{"data":"Double Tap","floor":52,"key":"SMITH"}],"neow_cost":"NONE","seed_source_timestamp":0,"circlet_count":0,"master_deck":["Defend_R","Defend_R","Defend_R","Defend_R","Bash","Body Slam+1","Infernal Blade+1","Armaments+1","Impervious","Shrug It Off","Feed","Battle Trance+1","Double Tap+1","Warcry","Clothesline+1","Panacea","Shrug It Off","Spot Weakness+1","Rampage+1","Impervious","Offering","Pummel","Limit Break+1","Burning Pact+1","Heavy Blade+1","Flex","Impervious","Inflame","Sword Boomerang+1","Reaper"],"special_seed":0,"relics":["Burning Blood","Self Forming Clay","Omamori","Pear","Pen Nib","Cursed Key","Kunai","Centennial Puzzle","Enchiridion","Incense Burner","Mark of Pain","Brimstone","Bird Faced Urn","Red Skull"],"potions_floor_usage":[29,29,33,35,55,55,55],"damage_taken":[{"damage":6.0,"enemies":"Cultist","floor":1.0,"turns":3.0},{"damage":0.0,"enemies":"2 Louse","floor":5.0,"turns":3.0},{"damage":40.0,"enemies":"Gremlin Nob","floor":6.0,"turns":5.0},{"damage":7.0,"enemies":"Small Slimes","floor":11.0,"turns":3.0},{"damage":3.0,"enemies":"Exordium Wildlife","floor":12.0,"turns":3.0},{"damage":0.0,"enemies":"2 Fungi Beasts","floor":14.0,"turns":2.0},{"damage":24.0,"enemies":"Hexaghost","floor":16.0,"turns":8.0},{"damage":0.0,"enemies":"Chosen","floor":18.0,"turns":2.0},{"damage":25.0,"enemies":"2 Thieves","floor":19.0,"turns":4.0},{"damage":0.0,"enemies":"Cultist and Chosen","floor":21.0,"turns":4.0},{"damage":9.0,"enemies":"Book of Stabbing","floor":23.0,"turns":3.0},{"damage":18.0,"enemies":"Chosen and Byrds","floor":28.0,"turns":5.0},{"damage":24,"enemies":"Gremlin Leader","floor":29,"turns":5},{"damage":6,"enemies":"3 Cultists","floor":30,"turns":3},{"damage":30,"enemies":"Automaton","floor":33,"turns":8},{"damage":12,"enemies":"3 Darklings","floor":35,"turns":4},{"damage":5,"enemies":"Orb Walker","floor":37,"turns":3},{"damage":0,"enemies":"Writhing Mass","floor":38,"turns":3},{"damage":5,"enemies":"Transient","floor":39,"turns":5},{"damage":6,"enemies":"Mind Bloom Boss Battle","floor":46,"turns":2},{"damage":6,"enemies":"Maw","floor":48,"turns":4},{"damage":12,"enemies":"Time Eater","floor":50,"turns":4},{"damage":34,"enemies":"Shield and Spear","floor":54,"turns":4},{"damage":129,"enemies":"The Heart","floor":55,"turns":5}],"seed_played":"8531549500140285571","potions_obtained":[{"floor":5.0,"key":"FearPotion"},{"floor":11.0,"key":"Regen Potion"},{"floor":14.0,"key":"Block Potion"},{"floor":16.0,"key":"Fire Potion"},{"floor":21.0,"key":"FearPotion"},{"floor":23.0,"key":"SpeedPotion"},{"floor":30,"key":"AttackPotion"},{"floor":37,"key":"Explosive Potion"},{"floor":46,"key":"Strength Potion"},{"floor":48,"key":"BloodPotion"}],"is_trial":false,"path_per_floor":["M","?","?","?","M","E","R","?","T","R","M","M","R","M","R","B",null,"M","M","T","M","$","E","?","R","T","R","M","E","M","?","R","B",null,"M","$","M","M","M","R","?","R","T","$","R","?","$","M","R","B",null,"R","$","E","B"],"character_chosen":"IRONCLAD","items_purchased":["Corruption","Panacea","Shrug It Off","Brimstone"],"campfire_rested":2,"item_purchase_floors":[22,22,22,36],"current_hp_per_floor":[80,80,73,61,67,33,57,67,67,67,66,69,69,78,78,60,93,93,74,74,83,83,83,67,67,67,67,58,54,54,54,84,60,102,96,96,97,105,105,105,105,105,105,105,105,105,105,105,105,101,105,105,105,77,0],"gold":45,"neow_bonus":"THREE_CARDS","is_prod":false,"is_daily":false,"chose_seed":false,"campfire_upgraded":9,"win_rate":0,"timestamp":1563912696,"path_taken":["M","?","?","?","?","E","R","?","T","R","M","M","R","?","R","BOSS","M","M","?","M","$","E","?","R","T","R","M","E","M","?","R","BOSS","M","$","M","M","M","R","?","R","T","?","R","?","$","?","R","BOSS","R","$","E","BOSS"],"build_version":"2019-07-17","purchased_purges":2,"victory":false,"max_hp_per_floor":[80,80,80,80,80,80,80,90,90,90,90,90,90,93,93,93,93,93,93,93,96,96,99,99,99,99,99,102,102,102,102,102,102,102,102,102,102,105,105,105,105,105,105,105,105,105,105,105,105,105,105,105,105,105,105],"card_choices":[{"not_picked":["Rage","Anger"],"picked":"Body Slam","floor":0.0},{"not_picked":["Sword Boomerang","Flex"],"picked":"Infernal Blade","floor":1.0},{"not_picked":["Anger","Carnage"],"picked":"Armaments","floor":5.0},{"not_picked":["Clash","Sword Boomerang"],"picked":"Impervious","floor":6.0},{"not_picked":["Headbutt","Rupture"],"picked":"Shrug It Off","floor":11.0},{"not_picked":["Clash","Sword Boomerang"],"picked":"Feed","floor":12.0},{"not_picked":["Shrug It Off","Flex"],"picked":"Battle Trance","floor":14.0},{"not_picked":["Berserk","Brutality"],"picked":"Double Tap","floor":16.0},{"not_picked":["Body Slam","Metallicize","Flex"],"picked":"SKIP","floor":18.0},{"not_picked":["Sever Soul","Anger"],"picked":"Warcry","floor":19.0},{"not_picked":["Havoc","True Grit"],"picked":"Clothesline+1","floor":21.0},{"not_picked":["Dual Wield","Infernal Blade"],"picked":"Spot Weakness","floor":23.0},{"not_picked":["Shrug It Off","Bloodletting"],"picked":"Rampage+1","floor":28},{"not_picked":["Iron Wave","Cleave","Feel No Pain+1"],"picked":"SKIP","floor":29},{"not_picked":["Clothesline","Warcry"],"picked":"Impervious","floor":30},{"not_picked":["Feed","Immolate"],"picked":"Limit Break","floor":33},{"not_picked":["Twin Strike+1","Heavy Blade"],"picked":"Burning Pact","floor":35},{"not_picked":["Wild Strike+1","Havoc+1","Uppercut+1"],"picked":"SKIP","floor":37},{"not_picked":["Warcry","Armaments"],"picked":"Heavy Blade","floor":38},{"not_picked":["Battle Trance+1","Havoc+1"],"picked":"Flex","floor":39},{"not_picked":["True Grit","Pommel Strike+1"],"picked":"Inflame","floor":46},{"not_picked":["Twin Strike+1","Clash+1"],"picked":"Sword Boomerang+1","floor":48},{"not_picked":["Clash","Havoc+1"],"picked":"Reaper","floor":54}],"player_experience":74890,"relics_obtained":[{"floor":6.0,"key":"Omamori"},{"floor":9.0,"key":"Pen Nib"},{"floor":20.0,"key":"Kunai"},{"floor":23.0,"key":"Centennial Puzzle"},{"floor":24.0,"key":"Enchiridion"},{"floor":29,"key":"Incense Burner"},{"floor":46,"key":"Bird Faced Urn"},{"floor":54,"key":"Red Skull"}],"event_choices":[{"damage_healed":0.0,"max_hp_gain":0.0,"max_hp_loss":0.0,"gold_gain":0.0,"event_name":"World of Goop","player_choice":"Left Gold","floor":2.0,"gold_loss":25.0,"damage_taken":0.0},{"cards_removed":["Strike_R"],"damage_healed":0.0,"max_hp_gain":0.0,"max_hp_loss":0.0,"gold_gain":0.0,"event_name":"Golden Wing","player_choice":"Card Removal","floor":3.0,"gold_loss":0.0,"damage_taken":7.0},{"damage_healed":0.0,"max_hp_gain":0.0,"max_hp_loss":0.0,"gold_gain":0.0,"event_name":"Scrap Ooze","player_choice":"Success","floor":4.0,"gold_loss":0.0,"damage_taken":12.0,"relics_obtained":["Self Forming Clay"]},{"damage_healed":0.0,"max_hp_gain":0.0,"max_hp_loss":0.0,"gold_gain":0.0,"event_name":"WeMeetAgain","player_choice":"Paid Gold","floor":8.0,"gold_loss":113.0,"damage_taken":0.0,"relics_obtained":["Pear"]},{"damage_healed":0.0,"max_hp_gain":0.0,"max_hp_loss":0.0,"gold_gain":0.0,"event_name":"Cursed Tome","player_choice":"Obtained Book","floor":24.0,"gold_loss":0.0,"damage_taken":16.0},{"damage_healed":0,"gold_gain":0,"cards_transformed":["Corruption","Strike_R"],"player_choice":"Became Test Subject","damage_taken":0,"max_hp_gain":0,"max_hp_loss":0,"event_name":"Drug Dealer","floor":31,"gold_loss":0,"cards_obtained":["Offering","Pummel"]},{"damage_healed":0,"gold_gain":0,"cards_transformed":["Strike_R"],"player_choice":"Transformed","damage_taken":0,"max_hp_gain":0,"max_hp_loss":0,"event_name":"Transmorgrifier","floor":41,"gold_loss":0,"cards_obtained":["Impervious"]},{"damage_healed":0,"gold_gain":0,"player_choice":"Fight","damage_taken":0,"max_hp_gain":0,"max_hp_loss":0,"event_name":"MindBloom","floor":46,"gold_loss":0}],"is_beta":false,"boss_relics":[{"not_picked":["Velvet Choker","Philosopher\u0027s Stone"],"picked":"Cursed Key"},{"not_picked":["Runic Pyramid","White Beast Statue"],"picked":"Mark of Pain"}],"items_purged_floors":[44,47],"is_endless":false,"potions_floor_spawned":[5,11,14,16,21,23,30,37,46,48],"killed_by":"The Heart","ascension_level":4}