{"gold_per_floor":[117,117,133,149,224,224,257,275,354,354,368,368,383,11,11,11],"floor_reached":16,"playtime":729,"items_purged":["Strike_B"],"score":153,"play_id":"ba89d412-3d4b-4389-897a-1d9c41a0b3db","local_time":"20181106011108","is_ascension_mode":true,"campfire_choices":[{"data":"Fusion","floor":6,"key":"SMITH"},{"floor":10,"key":"REST"},{"data":"Conserve Battery","floor":12,"key":"SMITH"},{"floor":15,"key":"REST"}],"neow_cost":"NONE","seed_source_timestamp":797551901028509,"circlet_count":0,"master_deck":["AscendersBane","Strike_B","Strike_B","Defend_B","Defend_B","Defend_B","Defend_B","Zap","Dualcast","Fusion+1","Rebound","Tempest","Conserve Battery+1","Coolheaded","Double Energy","Impatience"],"relics":["Cracked Core","NeowsBlessing","Gambling Chip","Bottled Flame","Tiny Chest"],"potions_floor_usage":[7,11],"damage_taken":[{"damage":0,"enemies":"Cultist","floor":1,"turns":1},{"damage":0,"enemies":"2 Louse","floor":3,"turns":1},{"damage":0,"enemies":"Jaw Worm","floor":4,"turns":1},{"damage":43,"enemies":"Gremlin Nob","floor":7,"turns":4},{"damage":11,"enemies":"3 Louse","floor":8,"turns":4},{"damage":6,"enemies":"Gremlin Gang","floor":11,"turns":5},{"damage":1,"enemies":"2 Fungi Beasts","floor":13,"turns":3},{"damage":44,"enemies":"The Guardian","floor":16,"turns":10}],"seed_played":"7396926846772298102","potions_obtained":[{"floor":4,"key":"GamblersBrew"},{"floor":8,"key":"PowerPotion"},{"floor":13,"key":"Ancient Potion"}],"is_trial":false,"path_per_floor":["M","?","M","M","?","R","E","M","T","R","M","R","M","$","R","B"],"character_chosen":"DEFECT","items_purchased":["Tiny Chest","Double Energy","Impatience"],"campfire_rested":2,"item_purchase_floors":[14,14,14],"current_hp_per_floor":[68,68,68,68,57,57,14,3,3,25,19,19,18,18,40,0],"gold":11,"neow_bonus":"THREE_ENEMY_KILL","is_prod":false,"is_daily":false,"chose_seed":false,"campfire_upgraded":2,"win_rate":0,"timestamp":1541484668,"path_taken":["M","?","?","M","?","R","E","M","T","R","M","R","M","$","R","BOSS"],"build_version":"2018-11-01","purchased_purges":1,"victory":false,"max_hp_per_floor":[75,75,75,75,75,75,75,75,75,75,75,75,75,75,75,75],"card_choices":[{"not_picked":["Beam Cell","Consume"],"picked":"Fusion","floor":1},{"not_picked":["Gash","Beam Cell"],"picked":"Rebound","floor":3},{"not_picked":["Stack","Heatsinks","Leap"],"picked":"SKIP","floor":4},{"not_picked":["Defragment","Rebound"],"picked":"Tempest","floor":7},{"not_picked":["Sweeping Beam","Stack","Compile Driver"],"picked":"SKIP","floor":8},{"not_picked":["Recycle","Creative AI"],"picked":"Conserve Battery","floor":11},{"not_picked":["Hologram","Go for the Eyes"],"picked":"Coolheaded","floor":13}],"player_experience":629390,"relics_obtained":[{"floor":7,"key":"Gambling Chip"},{"floor":9,"key":"Bottled Flame"}],"event_choices":[{"cards_removed":["Strike_B"],"damage_healed":0,"gold_gain":0,"player_choice":"Offered Basic","damage_taken":0,"max_hp_gain":0,"max_hp_loss":0,"event_name":"Bonfire Elementals","floor":2,"gold_loss":0},{"damage_healed":0,"gold_gain":75,"player_choice":"Gather Gold","damage_taken":11,"max_hp_gain":0,"max_hp_loss":0,"event_name":"World of Goop","floor":5,"gold_loss":0}],"is_beta":false,"boss_relics":[],"items_purged_floors":[14],"is_endless":false,"potions_floor_spawned":[4,8,13],"killed_by":"The Guardian","ascension_level":10}