{"gold_per_floor":[210,210,222,16,34,64,76,76,154,79,90,90,123,137,137,214,214,232,232,156,170,201,229,229,229,229,258,270,287,303,353,353,432,432,446,263,263,263,263,281,309,309,309,335,348,5,5,21,21,21],"floor_reached":51,"playtime":3418,"items_purged":["Strike_R","Strike_R","Strike_R"],"score":1412,"play_id":"63716f08-56e6-4531-8edc-9e395970aeb7","local_time":"20190418152047","is_ascension_mode":true,"campfire_choices":[{"data":"Fiend Fire","floor":8.0,"key":"SMITH"},{"data":"Bash","floor":12.0,"key":"SMITH"},{"data":"Offering","floor":15.0,"key":"SMITH"},{"floor":24.0,"key":"REST"},{"floor":32.0,"key":"REST"},{"floor":42,"key":"REST"},{"floor":49,"key":"REST"}],"neow_cost":"NONE","seed_source_timestamp":503434104189100,"circlet_count":0,"master_deck":["AscendersBane","Strike_R","Strike_R","Defend_R","Defend_R","Defend_R","Bash+1","Thunderclap","Metallicize","Offering+1","Feel No Pain","Fiend Fire+1","Shrug It Off","Burning Pact","Reckless Charge","Limit Break","Evolve","Ghostly Armor","Shockwave","Demon Form","Power Through","Shrug It Off","Headbutt","Offering","Pommel Strike","Disarm","Blind","Thinking Ahead","Rampage","Feed","Juggernaut"],"special_seed":0,"relics":["Burning Blood","Charon\u0027s Ashes","Red Skull","Pear","Omamori","Mark of Pain","Ice Cream","Red Mask","Orichalcum","WarpedTongs","Blue Candle","Regal Pillow","Fusion Hammer","Bag of Preparation","Champion Belt","Boot","Vajra"],"potions_floor_usage":[44,50,50],"damage_taken":[{"damage":14.0,"enemies":"Jaw Worm","floor":1.0,"turns":6.0},{"damage":2.0,"enemies":"2 Louse","floor":3.0,"turns":3.0},{"damage":14.0,"enemies":"Cultist","floor":5.0,"turns":5.0},{"damage":11.0,"enemies":"Gremlin Nob","floor":6.0,"turns":3.0},{"damage":1.0,"enemies":"2 Fungi Beasts","floor":7.0,"turns":3.0},{"damage":7.0,"enemies":"Looter","floor":11.0,"turns":4.0},{"damage":15.0,"enemies":"Lagavulin","floor":13.0,"turns":7.0},{"damage":12.0,"enemies":"Large Slime","floor":14.0,"turns":5.0},{"damage":31.0,"enemies":"Slime Boss","floor":16.0,"turns":6.0},{"damage":18.0,"enemies":"2 Thieves","floor":18.0,"turns":3.0},{"damage":6.0,"enemies":"Spheric Guardian","floor":21.0,"turns":1.0},{"damage":18.0,"enemies":"Masked Bandits","floor":22.0,"turns":3.0},{"damage":25.0,"enemies":"Slavers","floor":23.0,"turns":5.0},{"damage":10.0,"enemies":"Gremlin Leader","floor":27.0,"turns":4.0},{"damage":19.0,"enemies":"Snecko","floor":28.0,"turns":4.0},{"damage":13.0,"enemies":"Centurion and Healer","floor":29.0,"turns":5.0},{"damage":6.0,"enemies":"Cultist and Chosen","floor":30.0,"turns":2.0},{"damage":20.0,"enemies":"Champ","floor":33.0,"turns":8.0},{"damage":13,"enemies":"3 Darklings","floor":35,"turns":4},{"damage":6,"enemies":"3 Shapes","floor":40,"turns":4},{"damage":9,"enemies":"Giant Head","floor":41,"turns":6},{"damage":6,"enemies":"Reptomancer","floor":44,"turns":2},{"damage":21,"enemies":"Sphere and 2 Shapes","floor":45,"turns":3},{"damage":57,"enemies":"Jaw Worm Horde","floor":48,"turns":3},{"damage":47,"enemies":"Time Eater","floor":50,"turns":7}],"seed_played":"446288244592292263","potions_obtained":[{"floor":5.0,"key":"LiquidBronze"},{"floor":7.0,"key":"Block Potion"},{"floor":11.0,"key":"Ancient Potion"},{"floor":16.0,"key":"Block Potion"},{"floor":18.0,"key":"SpeedPotion"},{"floor":23.0,"key":"SneckoOil"},{"floor":28.0,"key":"Poison Potion"},{"floor":30.0,"key":"Poison Potion"},{"floor":41,"key":"PowerPotion"},{"floor":45,"key":"Fire Potion"}],"is_trial":false,"path_per_floor":["M","?","M","$","M","E","M","R","T","$","M","R","E","M","R","B",null,"M","?","$","M","?","E","R","?","T","E","M","M","M","?","R","B",null,"M","$","?","?","?","M","E","R","T","E","M","$","?","M","R","B",null],"character_chosen":"IRONCLAD","items_purchased":["Offering","Feel No Pain","Evolve","Disarm","Vajra","SteroidPotion"],"campfire_rested":4,"item_purchase_floors":[4,4,20,36,46,46],"current_hp_per_floor":[60,55,59,59,51,46,51,51,61,61,60,60,51,45,45,20,69,57,57,57,57,45,26,51,51,51,47,34,27,27,27,67,53,77,70,70,65,65,65,65,62,81,81,81,70,70,70,22,63,22],"gold":21,"neow_bonus":"HUNDRED_GOLD","is_prod":false,"is_daily":false,"chose_seed":false,"campfire_upgraded":3,"win_rate":0,"timestamp":1555626047,"path_taken":["M","?","M","$","M","E","M","R","T","$","M","R","E","M","R","BOSS","M","?","$","M","?","E","R","?","T","E","?","M","M","?","R","BOSS","M","$","?","?","?","M","E","R","T","E","M","$","?","M","R","BOSS"],"build_version":"2019-01-23","purchased_purges":3,"victory":true,"max_hp_per_floor":[75,75,75,75,75,75,75,75,85,85,85,85,85,85,85,85,85,85,85,85,85,85,85,85,85,85,85,85,85,85,85,85,85,85,85,85,85,81,81,81,81,81,81,81,85,85,85,88,88,88],"card_choices":[{"not_picked":["Havoc","Clothesline"],"picked":"Thunderclap","floor":1.0},{"not_picked":["Perfected Strike","Heavy Blade"],"picked":"Metallicize","floor":3.0},{"not_picked":["Shrug It Off","Anger"],"picked":"Fiend Fire","floor":5.0},{"not_picked":["Flex","Perfected Strike"],"picked":"Shrug It Off","floor":6.0},{"not_picked":["Cleave","Pommel Strike"],"picked":"Burning Pact","floor":7.0},{"not_picked":["Body Slam","Infernal Blade","Warcry"],"picked":"SKIP","floor":11.0},{"not_picked":["Flex","Heavy Blade"],"picked":"Reckless Charge","floor":13.0},{"not_picked":["Perfected Strike","Heavy Blade","Anger"],"picked":"SKIP","floor":14.0},{"not_picked":["Bludgeon","Impervious"],"picked":"Limit Break","floor":16.0},{"not_picked":["Armaments","Body Slam","Sentinel"],"picked":"SKIP","floor":18.0},{"not_picked":["Body Slam","Rupture","Sword Boomerang"],"picked":"SKIP","floor":21.0},{"not_picked":["Clothesline","Perfected Strike"],"picked":"Ghostly Armor","floor":22.0},{"not_picked":["Cleave","Flex"],"picked":"Shockwave","floor":23.0},{"not_picked":["Burning Pact","Heavy Blade"],"picked":"Demon Form","floor":27.0},{"not_picked":["Dropkick+1","Clothesline"],"picked":"Power Through","floor":28.0},{"not_picked":["Wild Strike+1","Armaments"],"picked":"Shrug It Off","floor":29.0},{"not_picked":["Shrug It Off+1","Warcry"],"picked":"Headbutt","floor":30.0},{"not_picked":["Feed","Immolate"],"picked":"Offering","floor":33.0},{"not_picked":["Combust","Power Through"],"picked":"Pommel Strike","floor":35},{"not_picked":["Swift Strike","Impatience"],"picked":"Blind","floor":37},{"not_picked":["Madness","Metamorphosis"],"picked":"Thinking Ahead","floor":37},{"not_picked":["Combust+1","Reckless Charge"],"picked":"Rampage","floor":40},{"not_picked":["Iron Wave","Combust"],"picked":"Feed","floor":41},{"not_picked":["Heavy Blade","Havoc"],"picked":"Juggernaut","floor":44},{"not_picked":["Headbutt","Thunderclap","True Grit"],"picked":"SKIP","floor":45},{"not_picked":["Combust+1","Cleave","Pommel Strike"],"picked":"SKIP","floor":48}],"player_experience":467052,"relics_obtained":[{"floor":6.0,"key":"Red Skull"},{"floor":9.0,"key":"Pear"},{"floor":13.0,"key":"Omamori"},{"floor":22.0,"key":"Red Mask"},{"floor":23.0,"key":"Orichalcum"},{"floor":26.0,"key":"Blue Candle"},{"floor":27.0,"key":"Regal Pillow"},{"floor":41,"key":"Bag of Preparation"},{"floor":43,"key":"Champion Belt"},{"floor":44,"key":"Boot"}],"event_choices":[{"damage_healed":0.0,"max_hp_gain":0.0,"max_hp_loss":0.0,"gold_gain":0.0,"event_name":"Scrap Ooze","player_choice":"Success","floor":2.0,"gold_loss":0.0,"damage_taken":5.0,"relics_obtained":["Charon\u0027s Ashes"]},{"damage_healed":0.0,"max_hp_gain":0.0,"max_hp_loss":0.0,"gold_gain":0.0,"event_name":"The Mausoleum","player_choice":"Opened","floor":19.0,"gold_loss":0.0,"damage_taken":0.0,"relics_obtained":["Ice Cream"],"cards_obtained":["Writhe"]},{"damage_healed":0.0,"max_hp_gain":0.0,"max_hp_loss":0.0,"gold_gain":0.0,"event_name":"Masked Bandits","player_choice":"Fought Bandits","floor":22.0,"gold_loss":0.0,"damage_taken":0.0},{"damage_healed":0.0,"max_hp_gain":0.0,"max_hp_loss":0.0,"gold_gain":0.0,"event_name":"Accursed Blacksmith","player_choice":"Rummage","floor":25.0,"gold_loss":0.0,"damage_taken":0.0,"relics_obtained":["WarpedTongs"],"cards_obtained":["Pain"]},{"damage_healed":0.0,"max_hp_gain":0.0,"max_hp_loss":0.0,"gold_gain":50.0,"event_name":"Nest","player_choice":"Stole From Cult","floor":31.0,"gold_loss":0.0,"damage_taken":0.0},{"damage_healed":0,"gold_gain":0,"player_choice":"Memory 2","damage_taken":5,"max_hp_gain":0,"max_hp_loss":0,"event_name":"SensoryStone","floor":37,"gold_loss":0},{"damage_healed":0,"gold_gain":0,"player_choice":"Max HP","damage_taken":0,"max_hp_gain":0,"max_hp_loss":4,"event_name":"Winding Halls","floor":38,"gold_loss":0},{"cards_removed":["Defend_R"],"damage_healed":0,"gold_gain":0,"player_choice":"Removed Skill","damage_taken":0,"max_hp_gain":0,"max_hp_loss":0,"event_name":"Falling","floor":39,"gold_loss":0},{"damage_healed":0,"gold_gain":0,"player_choice":"Got Potions","damage_taken":0,"max_hp_gain":0,"max_hp_loss":0,"event_name":"Lab","floor":47,"gold_loss":0}],"is_beta":false,"boss_relics":[{"not_picked":["Pandora\u0027s Box","Velvet Choker"],"picked":"Mark of Pain"},{"not_picked":["Black Star","Philosopher\u0027s Stone"],"picked":"Fusion Hammer"}],"items_purged_floors":[10,36,46],"is_endless":false,"potions_floor_spawned":[5,7,11,16,18,23,28,30,41,45],"ascension_level":18}