{"gold_per_floor":[114,131,131,148,148,148,179,179,179,179,194,229,229,240,240,314,314,331,342,232,36,36,36,36],"floor_reached":24,"playtime":934,"items_purged":[],"score":361,"play_id":"fceb4640-2eb8-437d-b873-1a17cbee47e1","local_time":"20190723204709","is_ascension_mode":true,"campfire_choices":[{"data":"Zap","floor":6,"key":"SMITH"},{"floor":8,"key":"REST"},{"data":"Dualcast","floor":10,"key":"SMITH"},{"floor":15,"key":"REST"},{"data":"Biased Cognition","floor":23,"key":"SMITH"}],"neow_cost":"PERCENT_DAMAGE","seed_source_timestamp":13711563475108,"circlet_count":0,"master_deck":["AscendersBane","Strike_B","Strike_B+1","Strike_B+1","Defend_B","Defend_B","Defend_B","Defend_B","Zap+1","Dualcast+1","BootSequence","Cold Snap","Coolheaded+1","Reinforced Body","Capacitor","Ball Lightning","Undo","Biased Cognition+1","Turbo","Hologram","Recycle"],"relics":["FrozenCore","FossilizedHelix","Gremlin Horn","Boot","Tiny Chest"],"potions_floor_usage":[7,16,22,22],"damage_taken":[{"damage":7,"enemies":"Small Slimes","floor":1,"turns":3},{"damage":1,"enemies":"Cultist","floor":2,"turns":3},{"damage":0,"enemies":"2 Louse","floor":4,"turns":2},{"damage":19,"enemies":"Gremlin Nob","floor":7,"turns":5},{"damage":0,"enemies":"Blue Slaver","floor":11,"turns":4},{"damage":14,"enemies":"Lagavulin","floor":12,"turns":7},{"damage":13,"enemies":"Exordium Thugs","floor":14,"turns":6},{"damage":24,"enemies":"Slime Boss","floor":16,"turns":13},{"damage":0,"enemies":"Spheric Guardian","floor":18,"turns":6},{"damage":0,"enemies":"Shell Parasite","floor":19,"turns":7},{"damage":6,"enemies":"Centurion and Healer","floor":22,"turns":9},{"damage":82,"enemies":"Cultist and Chosen","floor":24,"turns":6}],"seed_played":"-8366868975316213869","potions_obtained":[{"floor":2,"key":"SkillPotion"},{"floor":4,"key":"SmokeBomb"},{"floor":13,"key":"Swift Potion"},{"floor":19,"key":"Strength Potion"}],"is_trial":false,"path_per_floor":["M","M","?","M","?","R","E","R","T","R","M","E","?","M","R","B",null,"M","M","?","$","M","R","M"],"character_chosen":"DEFECT","items_purchased":["Tiny Chest","Recycle"],"campfire_rested":2,"item_purchase_floors":[21,21],"current_hp_per_floor":[53,52,80,80,54,54,35,60,60,60,60,46,46,33,58,34,72,72,72,72,72,66,66,0],"gold":36,"neow_bonus":"TWENTY_PERCENT_HP_BONUS","is_prod":false,"is_daily":false,"chose_seed":false,"campfire_upgraded":3,"win_rate":0,"timestamp":1563878829,"path_taken":["M","M","?","M","?","R","E","R","T","R","M","E","?","M","R","BOSS","M","M","?","$","?","R","M"],"build_version":"2019-07-17","purchased_purges":0,"victory":false,"max_hp_per_floor":[85,85,85,85,85,85,85,85,85,85,85,85,85,85,85,85,85,85,85,85,85,85,85,85],"card_choices":[{"not_picked":["Redo","Aggregate"],"picked":"BootSequence","floor":1},{"not_picked":["Chill","Conserve Battery"],"picked":"Cold Snap","floor":2},{"not_picked":["Redo","White Noise"],"picked":"Coolheaded","floor":4},{"not_picked":["Coolheaded","Rebound"],"picked":"Reinforced Body","floor":7},{"not_picked":["Leap","Darkness"],"picked":"Capacitor","floor":11},{"not_picked":["Heatsinks","Steam"],"picked":"Ball Lightning","floor":12},{"not_picked":["White Noise","Reprogram"],"picked":"Undo","floor":14},{"not_picked":["Creative AI","Core Surge"],"picked":"Biased Cognition","floor":16},{"not_picked":["Redo","Scrape"],"picked":"Turbo","floor":18},{"not_picked":["Coolheaded","Turbo"],"picked":"Hologram","floor":19}],"player_experience":1082491,"relics_obtained":[{"floor":7,"key":"FossilizedHelix"},{"floor":9,"key":"Gremlin Horn"},{"floor":12,"key":"Boot"}],"event_choices":[{"damage_healed":28,"gold_gain":0,"player_choice":"Banana","damage_taken":0,"max_hp_gain":0,"max_hp_loss":0,"event_name":"Big Fish","floor":3,"gold_loss":0},{"damage_healed":0,"gold_gain":0,"player_choice":"Entered Light","damage_taken":26,"max_hp_gain":0,"max_hp_loss":0,"event_name":"Shining Light","floor":5,"gold_loss":0,"cards_upgraded":["Strike_B","Coolheaded"]},{"damage_healed":0,"gold_gain":0,"player_choice":"Got Potions","damage_taken":0,"max_hp_gain":0,"max_hp_loss":0,"event_name":"Lab","floor":13,"gold_loss":0},{"cards_removed":["Strike_B"],"damage_healed":0,"gold_gain":0,"player_choice":"Upgrade and Remove","damage_taken":0,"max_hp_gain":0,"max_hp_loss":0,"event_name":"Designer","floor":20,"gold_loss":110,"cards_upgraded":["Strike_B"]}],"is_beta":false,"boss_relics":[{"not_picked":["Tiny House","Velvet Choker"],"picked":"FrozenCore"}],"items_purged_floors":[],"is_endless":false,"potions_floor_spawned":[2,4,19],"killed_by":"Cultist and Chosen","ascension_level":15}