{"gold_per_floor":[119,44,44,44,67,67,102,102,102,102,123,123,143,161,161,251,251,269,269,282,5,23,23,23,23,48,48,82,106,106,139,139,139],"floor_reached":33,"playtime":1454,"items_purged":[],"score":666,"play_id":"5ed46684-0d96-4682-b078-8964be925ef7","local_time":"20190104104914","is_ascension_mode":true,"campfire_choices":[{"data":"Poisoned Stab","floor":6,"key":"SMITH"},{"data":"Neutralize","floor":8,"key":"SMITH"},{"data":"Quick Slash","floor":10,"key":"SMITH"},{"data":"Finisher","floor":15,"key":"SMITH"},{"data":"Caltrops","floor":23,"key":"SMITH"},{"data":"Noxious Fumes","floor":25,"key":"SMITH"},{"data":"Cloak And Dagger","floor":27,"key":"SMITH"},{"floor":30,"key":"REST"},{"data":"Dodge and Roll","floor":32,"key":"SMITH"}],"neow_cost":"NONE","seed_source_timestamp":811098804251994,"circlet_count":0,"master_deck":["AscendersBane","Defend_G","Defend_G","Defend_G","Defend_G","Defend_G","Strike_G","Strike_G","Strike_G","Survivor","Neutralize+1","Poisoned Stab+1","Quick Slash+1","Deflect","Noxious Fumes+1","Cloak And Dagger+1","Finisher+1","Adrenaline","Caltrops+1","Dodge and Roll+1","Expertise"],"relics":["Ring of the Snake","NeowsBlessing","Golden Idol","Bronze Scales","Pear","Busted Crown","Ninja Scroll","PreservedInsect","Bag of Marbles","Juzu Bracelet"],"potions_floor_usage":[16,16,19,28,33],"damage_taken":[{"damage":0,"enemies":"Jaw Worm","floor":1,"turns":1},{"damage":0,"enemies":"2 Louse","floor":5,"turns":1},{"damage":0,"enemies":"3 Sentries","floor":7,"turns":1},{"damage":2,"enemies":"Small Slimes","floor":11,"turns":3},{"damage":0,"enemies":"3 Louse","floor":13,"turns":3},{"damage":2,"enemies":"Looter","floor":14,"turns":3},{"damage":40,"enemies":"Slime Boss","floor":16,"turns":8},{"damage":5,"enemies":"2 Thieves","floor":18,"turns":4},{"damage":4,"enemies":"Colosseum Slavers","floor":19,"turns":3},{"damage":7,"enemies":"Shell Parasite","floor":20,"turns":4},{"damage":0,"enemies":"Centurion and Healer","floor":22,"turns":5},{"damage":0,"enemies":"Book of Stabbing","floor":28,"turns":1},{"damage":14,"enemies":"Snecko","floor":29,"turns":5},{"damage":2,"enemies":"Gremlin Leader","floor":31,"turns":4},{"damage":60,"enemies":"Champ","floor":33,"turns":11}],"seed_played":"-7264213328013294596","potions_obtained":[{"floor":5,"key":"Block Potion"},{"floor":7,"key":"Poison Potion"},{"floor":16,"key":"SteroidPotion"},{"floor":18,"key":"AttackPotion"},{"floor":22,"key":"Dexterity Potion"},{"floor":28,"key":"Explosive Potion"}],"is_trial":false,"path_per_floor":["M","?","?","?","M","R","E","R","T","R","M","?","M","M","R","B",null,"M","?","M","$","M","R","$","R","T","R","E","M","R","E","R","B"],"character_chosen":"THE_SILENT","items_purchased":["Ninja Scroll"],"campfire_rested":1,"item_purchase_floors":[21],"current_hp_per_floor":[59,59,59,52,52,52,52,52,62,62,60,65,65,63,63,23,62,57,53,46,46,46,46,46,46,46,46,46,32,54,52,52,0],"gold":139,"neow_bonus":"THREE_ENEMY_KILL","is_prod":false,"is_daily":false,"chose_seed":false,"campfire_upgraded":8,"win_rate":0,"timestamp":1546616954,"path_taken":["M","?","?","?","M","R","E","R","T","R","M","?","M","M","R","BOSS","M","?","M","$","M","R","$","R","T","R","E","M","R","E","R","BOSS"],"build_version":"2019-01-03v3","purchased_purges":0,"victory":false,"max_hp_per_floor":[66,66,60,60,60,60,60,60,70,70,70,75,75,75,75,75,75,75,75,75,75,75,75,75,75,75,75,75,75,75,75,75,75],"card_choices":[{"not_picked":["Riddle With Holes","Cloak And Dagger"],"picked":"Poisoned Stab","floor":1},{"not_picked":["PiercingWail","Setup"],"picked":"Quick Slash","floor":5},{"not_picked":["Slice","Catalyst"],"picked":"Deflect","floor":7},{"not_picked":["Flechettes","Setup"],"picked":"Noxious Fumes","floor":11},{"not_picked":["Dagger Throw","Night Terror"],"picked":"Cloak And Dagger","floor":13},{"not_picked":["Eviscerate","Sucker Punch"],"picked":"Finisher","floor":14},{"not_picked":["A Thousand Cuts","Glass Knife"],"picked":"Adrenaline","floor":16},{"not_picked":["Quick Slash"],"picked":"SKIP","floor":18},{"not_picked":["Underhanded Strike"],"picked":"SKIP","floor":20},{"not_picked":[],"picked":"Caltrops","floor":22},{"not_picked":["Slice"],"picked":"SKIP","floor":28},{"not_picked":[],"picked":"Dodge and Roll","floor":29},{"not_picked":[],"picked":"Expertise","floor":31}],"player_experience":1147307,"relics_obtained":[{"floor":7,"key":"Bronze Scales"},{"floor":9,"key":"Pear"},{"floor":26,"key":"PreservedInsect"},{"floor":28,"key":"Bag of Marbles"},{"floor":31,"key":"Juzu Bracelet"}],"event_choices":[{"cards_removed":["Strike_G"],"damage_healed":0,"gold_gain":0,"player_choice":"Card Removal","damage_taken":0,"max_hp_gain":0,"max_hp_loss":0,"event_name":"The Cleric","floor":2,"gold_loss":75},{"damage_healed":0,"gold_gain":0,"player_choice":"Lose Max HP","damage_taken":0,"relics_obtained":["Golden Idol"],"max_hp_gain":0,"max_hp_loss":6,"event_name":"Golden Idol","floor":3,"gold_loss":0},{"cards_removed":["Strike_G"],"damage_healed":0,"gold_gain":0,"player_choice":"Card Removal","damage_taken":7,"max_hp_gain":0,"max_hp_loss":0,"event_name":"Golden Wing","floor":4,"gold_loss":0},{"damage_healed":0,"gold_gain":0,"player_choice":"Donut","damage_taken":0,"max_hp_gain":5,"max_hp_loss":0,"event_name":"Big Fish","floor":12,"gold_loss":0},{"damage_healed":0,"gold_gain":0,"player_choice":"Fight","damage_taken":0,"max_hp_gain":0,"max_hp_loss":0,"event_name":"Colosseum","floor":19,"gold_loss":0},{"damage_healed":0,"gold_gain":0,"player_choice":"Fled From Nobs","damage_taken":0,"max_hp_gain":0,"max_hp_loss":0,"event_name":"Colosseum","floor":19,"gold_loss":0},{"damage_healed":0,"gold_gain":0,"player_choice":"Fled From Nobs","damage_taken":0,"max_hp_gain":0,"max_hp_loss":0,"event_name":"Colosseum","floor":19,"gold_loss":0}],"is_beta":false,"boss_relics":[{"not_picked":["Tiny House","Velvet Choker"],"picked":"Busted Crown"}],"items_purged_floors":[],"is_endless":false,"potions_floor_spawned":[5,7,16,18,22,28],"killed_by":"Champ","ascension_level":20}