{"path_per_floor":["M","M","?","M","M","E","R","M","T","?","$","M","M","M","R"],"character_chosen":"THE_SILENT","items_purchased":["Vajra","Blue Candle"],"gold_per_floor":[112,131,306,324,344,376,376,387,387,462,84,94,114,125,125,125],"floor_reached":16,"campfire_rested":2,"playtime":652,"current_hp_per_floor":[66,64,64,61,56,28,49,46,46,35,35,35,35,35,56,0],"items_purged":[],"gold":125,"score":122,"play_id":"e0da2dd5-7656-4560-b9f4-49f0d2674f08","local_time":"20180406002003","is_prod":false,"is_daily":false,"is_ascension_mode":true,"campfire_upgraded":0,"timestamp":1522988403,"path_taken":["M","?","?","M","M","E","R","M","T","?","$","?","?","M","R","BOSS"],"build_version":"2018-04-05","purchased_purges":0,"victory":false,"master_deck":["Defend_G","Defend_G","Defend_G","Defend_G","Defend_G","Strike_G","Strike_G","Strike_G","Strike_G","Strike_G","Survivor","Neutralize","Quick Slash","Finisher","Doubt","Backstab","Underhanded Strike","Dagger Throw","Acrobatics","Dash","Slice","Flying Knee"],"max_hp_per_floor":[70,70,70,70,70,70,70,70,70,70,70,70,70,70,70,70],"relics":["Sozu","The Courier","Mercury Hourglass","Vajra","Blue Candle"],"card_choices":[{"not_picked":["Dagger Spray","Reflex"],"picked":"Quick Slash","floor":1},{"not_picked":["Riddle With Holes","Quick Slash"],"picked":"Finisher","floor":2},{"not_picked":["Dagger Throw","Quick Slash"],"picked":"Backstab","floor":4},{"not_picked":["Sucker Punch","Wraith Form"],"picked":"Underhanded Strike","floor":5},{"not_picked":["Cloak And Dagger","Acrobatics"],"picked":"Dagger Throw","floor":6},{"not_picked":["Infinite Blades","Dodge and Roll"],"picked":"Acrobatics","floor":8},{"not_picked":["Sucker Punch","Flying Knee"],"picked":"Dash","floor":12},{"not_picked":["Envenom","Well Laid Plans"],"picked":"Slice","floor":13},{"not_picked":["Escape Plan","Sucker Punch"],"picked":"Flying Knee","floor":14}],"player_experience":174257,"potions_floor_usage":[],"damage_taken":[{"damage":4,"enemies":"Cultist","floor":1,"turns":5},{"damage":2,"enemies":"Jaw Worm","floor":2,"turns":3},{"damage":3,"enemies":"2 Louse","floor":4,"turns":3},{"damage":5,"enemies":"Exordium Wildlife","floor":5,"turns":4},{"damage":28,"enemies":"Gremlin Nob","floor":6,"turns":4},{"damage":3,"enemies":"Looter","floor":8,"turns":2},{"damage":0,"enemies":"Blue Slaver","floor":12,"turns":2},{"damage":0,"enemies":"Lots of Slimes","floor":13,"turns":2},{"damage":0,"enemies":"3 Louse","floor":14,"turns":3},{"damage":63,"enemies":"The Guardian","floor":16,"turns":13}],"event_choices":[{"event_name":"Liars Game","player_choice":"agreed","floor":3,"damage_taken":0},{"event_name":"World of Goop","player_choice":"Gather Gold","floor":10,"damage_taken":0}],"boss_relics":[],"potions_floor_spawned":[5,8,12,14],"seed_played":"-4053125249037278613","killed_by":"The Guardian","ascension_level":3,"is_trial":false}