{"gold_per_floor":[110,60,70,85,160,160,192,212,235,254,254,269,269,280,280,357,357,371,390,390,404,404,433,444,444,444,11,11,23,35,35,35,110,110,125,145,161,172,172,172,502,502,502,26,38,50,80,92,92,92],"floor_reached":51,"playtime":3643,"items_purged":["Pain"],"score":1155,"play_id":"1551ee02-7cb9-4273-931c-69bf9e32b289","local_time":"20190705025231","is_ascension_mode":true,"campfire_choices":[{"data":"Genetic Algorithm","floor":6,"key":"SMITH"},{"floor":11,"key":"REST"},{"floor":13,"key":"REST"},{"floor":15,"key":"REST"},{"floor":25,"key":"REST"},{"floor":28,"key":"REST"},{"data":"Defragment","floor":32,"key":"SMITH"},{"floor":40,"key":"REST"},{"floor":42,"key":"REST"},{"floor":49,"key":"REST"}],"neow_cost":"NONE","seed_source_timestamp":19255744784628,"circlet_count":0,"master_deck":["AscendersBane","Strike_B+1","Strike_B+1","Strike_B+1","Defend_B+1","Defend_B+1","Defend_B+1","Defend_B+1","Zap","Dualcast","Genetic Algorithm+1","Cold Snap","Defragment","Stack","FTL","Streamline","Sweeping Beam","Leap","Ball Lightning","Electrodynamics","Undo+1","Coolheaded","Lockon","Blizzard","Force Field","White Noise","Fusion+1","Static Discharge","Self Repair","Coolheaded+1","Redo+1","Cold Snap","Reinforced Body+1","Defragment+1","Echo Form","Coolheaded+1","Capacitor+1","Conserve Battery+1","Pain","Consume+1","Reprogram+1","Amplify+1","Loop","Recycle+1","Hologram+1"],"relics":["Cracked Core","Dream Catcher","Happy Flower","Snecko Eye","Bag of Marbles","StoneCalendar","Toxic Egg 2","Cursed Key","WarpedTongs","Old Coin","Molten Egg 2","Runic Capacitor","Juzu Bracelet"],"potions_floor_usage":[7,8,16,19,30,33,41,45,46,50],"damage_taken":[{"damage":4,"enemies":"Small Slimes","floor":1,"turns":4},{"damage":0,"enemies":"Cultist","floor":3,"turns":4},{"damage":9,"enemies":"2 Louse","floor":4,"turns":4},{"damage":26,"enemies":"3 Sentries","floor":7,"turns":6},{"damage":21,"enemies":"Exordium Wildlife","floor":8,"turns":6},{"damage":6,"enemies":"Blue Slaver","floor":10,"turns":4},{"damage":18,"enemies":"Lots of Slimes","floor":12,"turns":5},{"damage":5,"enemies":"2 Fungi Beasts","floor":14,"turns":4},{"damage":17,"enemies":"The Guardian","floor":16,"turns":10},{"damage":25,"enemies":"Shell Parasite","floor":18,"turns":5},{"damage":23,"enemies":"3 Byrds","floor":19,"turns":3},{"damage":0,"enemies":"Snecko","floor":21,"turns":4},{"damage":12,"enemies":"Book of Stabbing","floor":23,"turns":7},{"damage":0,"enemies":"Cultist and Chosen","floor":24,"turns":6},{"damage":8,"enemies":"Centurion and Healer","floor":29,"turns":7},{"damage":0,"enemies":"3 Cultists","floor":30,"turns":3},{"damage":47,"enemies":"Collector","floor":33,"turns":10},{"damage":1,"enemies":"3 Darklings","floor":35,"turns":5},{"damage":17,"enemies":"3 Shapes","floor":36,"turns":6},{"damage":0,"enemies":"Sphere and 2 Shapes","floor":37,"turns":3},{"damage":34,"enemies":"Spire Growth","floor":38,"turns":7},{"damage":41,"enemies":"Reptomancer","floor":41,"turns":7},{"damage":15,"enemies":"Transient","floor":45,"turns":5},{"damage":3,"enemies":"Maw","floor":46,"turns":6},{"damage":10,"enemies":"Giant Head","floor":47,"turns":11},{"damage":63,"enemies":"4 Shapes","floor":48,"turns":7},{"damage":32,"enemies":"Time Eater","floor":50,"turns":9}],"seed_played":"833169398746081917","potions_obtained":[{"floor":1,"key":"Poison Potion"},{"floor":3,"key":"Energy Potion"},{"floor":8,"key":"LiquidBronze"},{"floor":12,"key":"PowerPotion"},{"floor":19,"key":"FocusPotion"},{"floor":23,"key":"Regen Potion"},{"floor":35,"key":"PowerPotion"},{"floor":38,"key":"Poison Potion"},{"floor":41,"key":"SteroidPotion"},{"floor":45,"key":"Swift Potion"},{"floor":47,"key":"SmokeBomb"}],"is_trial":false,"path_per_floor":["M","?","M","M","?","R","E","M","T","M","R","M","R","M","R","B",null,"M","M","?","M","?","E","M","R","T","$","R","M","M","$","R","B",null,"M","M","M","M","?","R","E","R","T","$","M","M","E","M","R","B",null],"character_chosen":"DEFECT","items_purchased":["Toxic Egg 2","Self Repair","Coolheaded+1","Redo+1","Cold Snap","Runic Capacitor","Consume+1","Reprogram+1","FocusPotion"],"campfire_rested":8,"item_purchase_floors":[27,27,27,27,27,44,44,44,44],"current_hp_per_floor":[71,71,71,62,54,54,28,7,7,1,25,7,31,26,50,33,70,45,22,22,22,22,10,10,34,34,34,58,57,62,62,62,22,67,66,63,63,43,43,67,40,64,64,64,69,76,73,17,41,16],"gold":92,"neow_bonus":"TEN_PERCENT_HP_BONUS","is_prod":false,"is_daily":false,"chose_seed":false,"campfire_upgraded":2,"win_rate":0,"timestamp":1562259151,"path_taken":["M","?","M","M","?","R","E","?","T","M","R","M","R","M","R","BOSS","M","M","?","M","?","E","M","R","T","?","R","M","M","?","R","BOSS","M","?","M","M","?","R","E","R","T","$","M","?","E","M","R","BOSS"],"build_version":"2019-07-01","purchased_purges":1,"victory":true,"max_hp_per_floor":[82,82,82,82,82,82,82,82,82,82,82,82,82,82,82,82,82,82,82,82,82,82,82,82,82,82,82,82,82,82,82,82,82,82,82,82,82,82,82,82,82,82,82,82,82,82,82,82,82,82],"card_choices":[{"not_picked":["Loop","Beam Cell"],"picked":"Genetic Algorithm","floor":1},{"not_picked":["Go for the Eyes","Hologram"],"picked":"Darkness","floor":3},{"not_picked":["Chaos","Reprogram"],"picked":"Cold Snap","floor":4},{"not_picked":["Barrage","Rip and Tear"],"picked":"Defragment","floor":7},{"not_picked":["Auto Shields","Hello World"],"picked":"Stack","floor":8},{"not_picked":["Conserve Battery","Compile Driver"],"picked":"FTL","floor":10},{"not_picked":["Fusion","Compile Driver"],"picked":"Streamline","floor":11},{"not_picked":["Amplify","FTL"],"picked":"Sweeping Beam","floor":12},{"not_picked":["Lockon","Double Energy"],"picked":"Leap","floor":13},{"not_picked":["Storm","Hello World"],"picked":"Ball Lightning","floor":14},{"not_picked":["Compile Driver","Steam Power"],"picked":"Ball Lightning","floor":15},{"not_picked":["Creative AI","Core Surge"],"picked":"Electrodynamics","floor":16},{"not_picked":["Streamline","Aggregate"],"picked":"Undo+1","floor":18},{"not_picked":["Turbo","Ball Lightning"],"picked":"Coolheaded","floor":19},{"not_picked":["Turbo","Sweeping Beam"],"picked":"Lockon","floor":21},{"not_picked":["Beam Cell","Rip and Tear"],"picked":"White Noise","floor":23},{"not_picked":["Force Field","Consume"],"picked":"Fusion+1","floor":24},{"not_picked":["Gash+1","Stack"],"picked":"Static Discharge","floor":25},{"not_picked":["Leap+1","Conserve Battery+1"],"picked":"Reinforced Body+1","floor":28},{"not_picked":["Leap+1","Cold Snap","Ball Lightning"],"picked":"SKIP","floor":29},{"not_picked":["Hologram+1","Auto Shields+1"],"picked":"Defragment","floor":30},{"not_picked":["Fission+1","All For One"],"picked":"Echo Form","floor":33},{"not_picked":["Steam+1","Reinforced Body+1","Beam Cell"],"picked":"SKIP","floor":35},{"not_picked":["Hello World","Blizzard","Turbo+1"],"picked":"SKIP","floor":36},{"not_picked":["Go for the Eyes","Turbo+1"],"picked":"Coolheaded+1","floor":37},{"not_picked":["Redo+1","Streamline"],"picked":"Capacitor+1","floor":38},{"not_picked":["Lockon","Leap+1"],"picked":"Conserve Battery+1","floor":41},{"not_picked":["Capacitor","Turbo+1"],"picked":"Amplify+1","floor":45},{"not_picked":["Redo+1","Rebound+1"],"picked":"Loop","floor":46},{"not_picked":["Turbo+1","All For One+1"],"picked":"Recycle+1","floor":47},{"not_picked":["Redo+1","Conserve Battery+1"],"picked":"Hologram+1","floor":48}],"player_experience":928483,"relics_obtained":[{"floor":7,"key":"Dream Catcher"},{"floor":9,"key":"Happy Flower"},{"floor":23,"key":"Bag of Marbles"},{"floor":26,"key":"StoneCalendar"},{"floor":41,"key":"Old Coin"},{"floor":43,"key":"Molten Egg 2"},{"floor":47,"key":"Juzu Bracelet"}],"event_choices":[{"cards_removed":["Strike_B"],"damage_healed":0,"gold_gain":0,"player_choice":"Card Removal","damage_taken":0,"max_hp_gain":0,"max_hp_loss":0,"event_name":"The Cleric","floor":2,"gold_loss":50},{"damage_healed":0,"gold_gain":75,"player_choice":"Touch","damage_taken":8,"max_hp_gain":0,"max_hp_loss":0,"event_name":"FaceTrader","floor":5,"gold_loss":0},{"damage_healed":0,"gold_gain":0,"player_choice":"Simplicity","damage_taken":0,"max_hp_gain":0,"max_hp_loss":0,"event_name":"Back to Basics","floor":20,"gold_loss":0,"cards_upgraded":["Strike_B","Strike_B","Strike_B","Defend_B","Defend_B","Defend_B","Defend_B"]},{"damage_healed":0,"gold_gain":0,"cards_transformed":["Ball Lightning","Darkness"],"player_choice":"Became Test Subject","damage_taken":0,"max_hp_gain":0,"max_hp_loss":0,"event_name":"Drug Dealer","floor":22,"gold_loss":0,"cards_obtained":["Blizzard","Force Field"]},{"damage_healed":0,"gold_gain":0,"player_choice":"Rummage","damage_taken":0,"relics_obtained":["WarpedTongs"],"max_hp_gain":0,"max_hp_loss":0,"event_name":"Accursed Blacksmith","floor":39,"gold_loss":0,"cards_obtained":["Pain"]}],"is_beta":false,"boss_relics":[{"not_picked":["Inserter","Velvet Choker"],"picked":"Snecko Eye"},{"not_picked":["Philosopher\u0027s Stone","Calling Bell"],"picked":"Cursed Key"}],"items_purged_floors":[44],"is_endless":false,"potions_floor_spawned":[1,3,8,12,19,23,29,35,38,41,45,47,48],"ascension_level":13}