{"gold_per_floor":[115,135,135,135,148,148,160,160,208,223,241,49,49,49,49,149,149,161,161,161,180,190,190,33,33,80,113,131,131,141,41,41,41],"floor_reached":33,"playtime":1436,"items_purged":["Normality","Normality"],"score":360,"play_id":"932ef666-c480-47fa-b679-f209bff8c8f5","local_time":"20190520164920","is_ascension_mode":true,"campfire_choices":[{"floor":6.0,"key":"REST"},{"data":"Neutralize","floor":8.0,"key":"SMITH"},{"data":"Bouncing Flask","floor":13.0,"key":"SMITH"},{"data":"Leg Sweep","floor":15.0,"key":"SMITH"},{"floor":23.0,"key":"REST"},{"floor":25.0,"key":"REST"},{"floor":32.0,"key":"REST"}],"neow_cost":"NONE","seed_source_timestamp":0,"circlet_count":0,"master_deck":["Defend_G","Defend_G","Defend_G","Defend_G","Defend_G","Strike_G","Strike_G","Survivor","Neutralize+1","Backflip","Bouncing Flask+1","Predator","Skewer","Leg Sweep+1","Quick Slash","Cloak And Dagger","Wraith Form v2","Dagger Throw","Bullet Time","Clumsy","Dagger Throw+1","RitualDagger","Dagger Spray+1","Cloak And Dagger+1","PiercingWail","Distraction","All Out Attack+1","Dash+1","Masterful Stab","Caltrops","Setup"],"special_seed":0,"relics":["Ring of the Snake","Dream Catcher","Anchor","Calling Bell","Bronze Scales","Gremlin Horn","Calipers","Nilry\u0027s Codex","Strawberry","Potion Belt"],"potions_floor_usage":[],"damage_taken":[{"damage":0.0,"enemies":"Cultist","floor":1.0,"turns":5.0},{"damage":7.0,"enemies":"Small Slimes","floor":2.0,"turns":3.0},{"damage":7.0,"enemies":"2 Louse","floor":5.0,"turns":4.0},{"damage":5.0,"enemies":"Red Slaver","floor":7.0,"turns":4.0},{"damage":16.0,"enemies":"Large Slime","floor":10.0,"turns":6.0},{"damage":7.0,"enemies":"Exordium Thugs","floor":11.0,"turns":6.0},{"damage":41.0,"enemies":"Hexaghost","floor":16.0,"turns":10.0},{"damage":7.0,"enemies":"Chosen","floor":18.0,"turns":5.0},{"damage":0.0,"enemies":"3 Byrds","floor":21.0,"turns":2.0},{"damage":11.0,"enemies":"Centurion and Healer","floor":22.0,"turns":8.0},{"damage":26.0,"enemies":"Slavers","floor":27.0,"turns":5.0},{"damage":27.0,"enemies":"Shelled Parasite and Fungi","floor":28.0,"turns":7.0},{"damage":0.0,"enemies":"Book of Stabbing","floor":29.0,"turns":1.0},{"damage":1.0,"enemies":"Snecko","floor":30.0,"turns":5.0},{"damage":35,"enemies":"Champ","floor":33,"turns":7}],"seed_played":"-1195030540753699119","potions_obtained":[{"floor":1.0,"key":"GamblersBrew"},{"floor":7.0,"key":"Regen Potion"},{"floor":10.0,"key":"SmokeBomb"},{"floor":11.0,"key":"EssenceOfSteel"},{"floor":18.0,"key":"Block Potion"}],"is_trial":false,"path_per_floor":["M","M","?","?","M","R","M","R","T","M","M","$","R","?","R","B",null,"M","?","?","M","M","R","$","R","T","E","M","E","M","$","R","B"],"character_chosen":"THE_SILENT","items_purchased":["Wraith Form v2","Dagger Throw","Distraction"],"campfire_rested":4,"item_purchase_floors":[12,12,24],"current_hp_per_floor":[63,56,56,56,49,70,65,65,65,61,54,54,54,54,54,13,56,49,43,27,27,16,37,37,58,65,39,12,12,11,11,34,0],"gold":41,"neow_bonus":"RANDOM_COMMON_RELIC","is_prod":false,"is_daily":false,"chose_seed":false,"campfire_upgraded":3,"win_rate":0,"timestamp":1558334960,"path_taken":["M","M","?","?","?","R","M","R","T","M","M","$","R","?","R","BOSS","M","?","?","M","M","R","$","R","T","E","M","E","?","?","R","BOSS"],"build_version":"2019-01-23","purchased_purges":2,"victory":false,"max_hp_per_floor":[70,70,70,70,70,70,70,70,70,70,70,70,70,70,70,70,70,70,70,70,70,70,70,70,70,77,77,77,77,77,77,77,77],"card_choices":[{"not_picked":["Outmaneuver","Slice"],"picked":"Backflip","floor":1.0},{"not_picked":["Blade Dance","Grand Finale"],"picked":"Bouncing Flask","floor":2.0},{"not_picked":["Outmaneuver","Bane"],"picked":"Predator","floor":5.0},{"not_picked":["Underhanded Strike","Distraction"],"picked":"Skewer","floor":6.0},{"not_picked":["Blade Dance","Slice"],"picked":"Leg Sweep","floor":7.0},{"not_picked":["Venomology","Deflect"],"picked":"Quick Slash","floor":10.0},{"not_picked":["Eviscerate","Quick Slash"],"picked":"Cloak And Dagger","floor":11.0},{"not_picked":["Night Terror","Phantasmal Killer"],"picked":"Bullet Time","floor":16.0},{"not_picked":["Acrobatics","Sucker Punch"],"picked":"Dagger Throw+1","floor":18.0},{"not_picked":["Terror","Bouncing Flask"],"picked":"Dagger Spray+1","floor":21.0},{"not_picked":["Dodge and Roll","Distraction"],"picked":"Cloak And Dagger+1","floor":22.0},{"not_picked":["Deadly Poison","Bane"],"picked":"PiercingWail","floor":23.0},{"not_picked":["Choke","Accuracy"],"picked":"All Out Attack+1","floor":25.0},{"not_picked":["Riddle With Holes","Malaise"],"picked":"Dash+1","floor":27.0},{"not_picked":["Acrobatics","Bane"],"picked":"Masterful Stab","floor":28.0},{"not_picked":["Masterful Stab","Blade Dance"],"picked":"Caltrops","floor":30.0},{"not_picked":["Caltrops","Outmaneuver"],"picked":"Setup","floor":32.0}],"player_experience":682158,"relics_obtained":[{"floor":9.0,"key":"Anchor"},{"floor":17.0,"key":"Bronze Scales"},{"floor":17.0,"key":"Gremlin Horn"},{"floor":17.0,"key":"Calipers"},{"floor":20.0,"key":"Nilry\u0027s Codex"},{"floor":26.0,"key":"Strawberry"},{"floor":27.0,"key":"Potion Belt"}],"event_choices":[{"cards_removed":["Strike_G"],"damage_healed":0.0,"max_hp_gain":0.0,"max_hp_loss":0.0,"gold_gain":0.0,"event_name":"Living Wall","player_choice":"Forget","floor":3.0,"gold_loss":0.0,"damage_taken":0.0},{"cards_removed":["Strike_G"],"damage_healed":0.0,"max_hp_gain":0.0,"max_hp_loss":0.0,"gold_gain":0.0,"event_name":"Wheel of Change","player_choice":"Card Removal","floor":4.0,"gold_loss":0.0,"damage_taken":0.0},{"cards_removed":["Strike_G"],"damage_healed":0.0,"max_hp_gain":0.0,"max_hp_loss":0.0,"gold_gain":0.0,"event_name":"Purifier","player_choice":"Purged","floor":14.0,"gold_loss":0.0,"damage_taken":0.0},{"damage_healed":0.0,"max_hp_gain":0.0,"max_hp_loss":0.0,"gold_gain":0.0,"event_name":"Nest","player_choice":"Joined the Cult","floor":19.0,"gold_loss":0.0,"damage_taken":6.0,"cards_obtained":["RitualDagger"]},{"damage_healed":0.0,"max_hp_gain":0.0,"max_hp_loss":0.0,"gold_gain":0.0,"event_name":"Cursed Tome","player_choice":"Obtained Book","floor":20.0,"gold_loss":0.0,"damage_taken":16.0}],"is_beta":false,"boss_relics":[{"not_picked":["Tiny House","Empty Cage"],"picked":"Calling Bell"}],"items_purged_floors":[24,31],"is_endless":false,"potions_floor_spawned":[1,7,10,11,18,21],"killed_by":"Champ","ascension_level":6}