{"gold_per_floor":[115,190,201,126,14,14,31,31,31,31,60,60,74,103,103,103],"floor_reached":16,"playtime":414,"items_purged":[],"score":211,"play_id":"0a1fc436-6381-4bd7-9219-c432f4f67734","local_time":"20190830130006","is_ascension_mode":true,"campfire_choices":[{"data":"Uppercut","floor":6,"key":"SMITH"},{"data":"Offering","floor":8,"key":"SMITH"},{"data":"Bash","floor":10,"key":"SMITH"},{"data":"Cleave","floor":12,"key":"SMITH"},{"data":"Armaments","floor":15,"key":"SMITH"}],"neow_cost":"NONE","seed_source_timestamp":77139589490822,"circlet_count":0,"master_deck":["AscendersBane","Strike_R","Strike_R","Strike_R","Strike_R","Defend_R","Defend_R","Defend_R","Defend_R","Bash+1","Shrug It Off","Twin Strike","Uppercut+1","Cleave+1","Offering+1","Anger","Armaments+1"],"relics":["Burning Blood","NeowsBlessing","Letter Opener","Bag of Marbles","Kunai"],"potions_floor_usage":[],"damage_taken":[{"damage":0,"enemies":"2 Louse","floor":1,"turns":1},{"damage":0,"enemies":"Jaw Worm","floor":3,"turns":1},{"damage":0,"enemies":"Cultist","floor":7,"turns":1},{"damage":28,"enemies":"Lagavulin","floor":11,"turns":5},{"damage":6,"enemies":"Exordium Wildlife","floor":13,"turns":1},{"damage":13,"enemies":"3 Sentries","floor":14,"turns":4},{"damage":47,"enemies":"Slime Boss","floor":16,"turns":6}],"seed_played":"-1966721601762652582","potions_obtained":[{"floor":7,"key":"LiquidBronze"},{"floor":11,"key":"GamblersBrew"}],"is_trial":false,"path_per_floor":["M","?","M","?","$","R","M","R","T","R","E","R","M","E","R","B"],"character_chosen":"IRONCLAD","items_purchased":["Uppercut","Cleave"],"campfire_rested":0,"item_purchase_floors":[5,5],"current_hp_per_floor":[74,63,69,69,69,69,75,75,75,75,53,53,53,46,46,0],"gold":103,"neow_bonus":"THREE_ENEMY_KILL","is_prod":false,"is_daily":false,"chose_seed":false,"campfire_upgraded":5,"win_rate":0,"timestamp":1567134006,"path_taken":["M","?","M","?","$","R","M","R","T","R","E","R","M","E","R","BOSS"],"build_version":"2019-07-17","purchased_purges":0,"victory":false,"max_hp_per_floor":[75,75,75,75,75,75,75,75,75,75,75,75,75,75,75,75],"card_choices":[{"not_picked":["Twin Strike","Thunderclap"],"picked":"Shrug It Off","floor":1},{"not_picked":["Evolve","Heavy Blade"],"picked":"Twin Strike","floor":3},{"not_picked":["Sentinel","Clash"],"picked":"Offering","floor":7},{"not_picked":["Reckless Charge","Iron Wave","Thunderclap"],"picked":"SKIP","floor":11},{"not_picked":["Armaments","Perfected Strike"],"picked":"Anger","floor":13},{"not_picked":["Burning Pact","Carnage"],"picked":"Armaments","floor":14}],"player_experience":1232384,"relics_obtained":[{"floor":9,"key":"Letter Opener"},{"floor":11,"key":"Bag of Marbles"},{"floor":14,"key":"Kunai"}],"event_choices":[{"damage_healed":0,"gold_gain":75,"player_choice":"Gather Gold","damage_taken":11,"max_hp_gain":0,"max_hp_loss":0,"event_name":"World of Goop","floor":2,"gold_loss":0},{"cards_removed":["Strike_R"],"damage_healed":0,"gold_gain":0,"player_choice":"Card Removal","damage_taken":0,"max_hp_gain":0,"max_hp_loss":0,"event_name":"The Cleric","floor":4,"gold_loss":75}],"is_beta":false,"boss_relics":[],"items_purged_floors":[],"is_endless":false,"potions_floor_spawned":[7,11,13],"killed_by":"Slime Boss","ascension_level":19}