{"gold_per_floor":[111,36,49,65,85,85,10,41,41,59,92,92,111,130,130,209,209,226,236,7,23,23,23,34,68,68,18,30,59,59,59,59,134,134,152,169,28,41,21,21,21],"floor_reached":41,"playtime":3421,"items_purged":["Strike_B","Shame"],"score":823,"play_id":"e4f18e29-5cd2-4ed4-9d32-9801207f5de3","local_time":"20190518112818","is_ascension_mode":true,"campfire_choices":[{"data":"Beam Cell","floor":6,"key":"SMITH"},{"floor":15,"key":"REST"},{"data":"Sunder","floor":23,"key":"SMITH"},{"floor":30,"key":"REST"},{"data":"Defragment","floor":32,"key":"SMITH"},{"data":"Loop","floor":40,"key":"SMITH"}],"neow_cost":"NONE","seed_source_timestamp":2074539148079153,"circlet_count":0,"master_deck":["AscendersBane","Strike_B","Strike_B","Defend_B","Defend_B","Defend_B","Defend_B","Zap","Dualcast","Dramatic Entrance","Ball Lightning","Beam Cell+1","Barrage","Streamline","Doom and Gloom","Sunder+1","Undo","Sweeping Beam","Go for the Eyes","Coolheaded","Core Surge","Force Field","Redo","Loop+1","Fusion","Undo+1","Defragment+1","Meteor Strike","Conserve Battery+1","Stack+1"],"relics":["FrozenCore","Mercury Hourglass","Cables","The Courier","Snecko Eye","Membership Card","PreservedInsect","Toxic Egg 2","Omamori","Oddly Smooth Stone","OrangePellets","Bag of Preparation"],"potions_floor_usage":[8,10,16,16,24,29,29,29,29,33,33,33,33,41],"damage_taken":[{"damage":0,"enemies":"Small Slimes","floor":1,"turns":2},{"damage":0,"enemies":"2 Louse","floor":3,"turns":2},{"damage":0,"enemies":"Cultist","floor":4,"turns":3},{"damage":0,"enemies":"Large Slime","floor":5,"turns":4},{"damage":15,"enemies":"Gremlin Nob","floor":8,"turns":3},{"damage":0,"enemies":"Red Slaver","floor":10,"turns":2},{"damage":15,"enemies":"Lagavulin","floor":11,"turns":3},{"damage":1,"enemies":"Exordium Thugs","floor":13,"turns":2},{"damage":0,"enemies":"2 Fungi Beasts","floor":14,"turns":2},{"damage":17,"enemies":"Slime Boss","floor":16,"turns":6},{"damage":0,"enemies":"Spheric Guardian","floor":18,"turns":3},{"damage":0,"enemies":"3 Byrds","floor":19,"turns":2},{"damage":11,"enemies":"Centurion and Healer","floor":21,"turns":6},{"damage":0,"enemies":"Cultist and Chosen","floor":24,"turns":4},{"damage":3,"enemies":"Slavers","floor":25,"turns":3},{"damage":18,"enemies":"Snecko","floor":28,"turns":5},{"damage":0,"enemies":"Book of Stabbing","floor":29,"turns":3},{"damage":17,"enemies":"Champ","floor":33,"turns":8},{"damage":0,"enemies":"Orb Walker","floor":35,"turns":3},{"damage":0,"enemies":"3 Shapes","floor":36,"turns":4},{"damage":11,"enemies":"3 Darklings","floor":38,"turns":6},{"damage":51,"enemies":"Giant Head","floor":41,"turns":7}],"seed_played":"-3046901183492121093","potions_obtained":[{"floor":4,"key":"Swift Potion"},{"floor":5,"key":"FearPotion"},{"floor":10,"key":"EssenceOfSteel"},{"floor":13,"key":"Swift Potion"},{"floor":18,"key":"Poison Potion"},{"floor":21,"key":"Block Potion"},{"floor":25,"key":"EntropicBrew"},{"floor":28,"key":"FocusPotion"},{"floor":31,"key":"SneckoOil"},{"floor":31,"key":"EntropicBrew"},{"floor":38,"key":"GamblersBrew"}],"is_trial":false,"path_per_floor":["M","?","M","M","M","R","$","E","T","M","E","?","M","M","R","B",null,"M","M","$","M","?","R","M","E","T","$","M","E","R","?","R","B",null,"M","M","$","M","$","R","E"],"character_chosen":"DEFECT","items_purchased":["Doom and Gloom","Membership Card","Loop","OrangePellets","Bag of Preparation","Dexterity Potion"],"campfire_rested":2,"item_purchase_floors":[7,20,20,37,37,39],"current_hp_per_floor":[64,64,64,64,64,64,64,49,49,49,34,34,33,33,54,37,63,63,63,63,52,52,52,52,49,49,49,31,31,52,52,52,35,62,62,62,62,51,51,51,0],"gold":21,"neow_bonus":"RANDOM_COLORLESS","is_prod":false,"is_daily":false,"chose_seed":false,"campfire_upgraded":4,"win_rate":0,"timestamp":1558193298,"path_taken":["M","?","M","M","M","R","$","E","T","M","E","?","?","M","R","BOSS","M","M","$","M","?","R","M","E","T","$","M","E","R","?","R","BOSS","M","M","?","M","?","R","E"],"build_version":"2019-01-23","purchased_purges":2,"victory":false,"max_hp_per_floor":[71,71,71,71,71,71,71,71,71,71,71,71,71,71,71,71,71,71,71,71,71,71,71,71,71,71,71,71,71,71,71,71,71,71,71,71,71,71,71,71,71],"card_choices":[{"not_picked":["Streamline","Leap"],"picked":"Ball Lightning","floor":1},{"not_picked":["Rebound","Glacier"],"picked":"Beam Cell","floor":3},{"not_picked":["Turbo","Leap"],"picked":"Barrage","floor":4},{"not_picked":["Leap","White Noise"],"picked":"Streamline","floor":5},{"not_picked":["Thunder Strike","Redo"],"picked":"Sunder","floor":8},{"not_picked":["Gash","Redo"],"picked":"Undo","floor":10},{"not_picked":["Meteor Strike","Self Repair"],"picked":"Sweeping Beam","floor":11},{"not_picked":["Streamline","Gash"],"picked":"Go for the Eyes","floor":13},{"not_picked":["Barrage","Steam"],"picked":"Coolheaded","floor":14},{"not_picked":["Machine Learning","Amplify"],"picked":"Core Surge","floor":16},{"not_picked":["Stack","Redo"],"picked":"Force Field","floor":18},{"not_picked":["Streamline","Storm"],"picked":"Redo","floor":19},{"not_picked":["BootSequence","Buffer"],"picked":"Fusion","floor":21},{"not_picked":["Sweeping Beam+1","Sunder","Turbo+1"],"picked":"SKIP","floor":24},{"not_picked":["Force Field","Melter"],"picked":"Undo","floor":25},{"not_picked":["Sweeping Beam+1","Turbo+1"],"picked":"Defragment","floor":28},{"not_picked":["Thunder Strike","Amplify+1","Melter"],"picked":"SKIP","floor":29},{"not_picked":["Amplify+1","Hyperbeam"],"picked":"Meteor Strike","floor":33},{"not_picked":["Compile Driver","Rip and Tear"],"picked":"Conserve Battery+1","floor":35},{"not_picked":["Chill+1","White Noise+1","Rebound"],"picked":"SKIP","floor":36},{"not_picked":["Streamline","Reprogram+1"],"picked":"Stack+1","floor":38}],"player_experience":1520690,"relics_obtained":[{"floor":8,"key":"Mercury Hourglass"},{"floor":9,"key":"Cables"},{"floor":11,"key":"The Courier"},{"floor":25,"key":"Toxic Egg 2"},{"floor":26,"key":"Omamori"},{"floor":29,"key":"Oddly Smooth Stone"}],"event_choices":[{"cards_removed":["Strike_B"],"damage_healed":0,"gold_gain":0,"player_choice":"Card Removal","damage_taken":0,"max_hp_gain":0,"max_hp_loss":0,"event_name":"The Cleric","floor":2,"gold_loss":75},{"damage_healed":0,"gold_gain":0,"player_choice":"0 cards matched","damage_taken":0,"max_hp_gain":0,"max_hp_loss":0,"event_name":"Match and Keep!","floor":12,"gold_loss":0,"cards_obtained":[]},{"damage_healed":0,"gold_gain":0,"player_choice":"Stole Relic","damage_taken":0,"relics_obtained":["PreservedInsect"],"max_hp_gain":0,"max_hp_loss":0,"event_name":"Addict","floor":22,"gold_loss":0,"cards_obtained":["Shame"]},{"damage_healed":0,"gold_gain":0,"player_choice":"Got Potions","damage_taken":0,"max_hp_gain":0,"max_hp_loss":0,"event_name":"Lab","floor":31,"gold_loss":0}],"is_beta":false,"boss_relics":[{"not_picked":["Eternal Feather","Coffee Dripper"],"picked":"Snecko Eye"},{"not_picked":["Orrery","Runic Pyramid"],"picked":"FrozenCore"}],"items_purged_floors":[20,27],"is_endless":false,"potions_floor_spawned":[4,5,10,13,18,21,25,28,38],"killed_by":"Giant Head","ascension_level":15}