{"gold_per_floor":[114,114,129,129,144,144,159,159,184,244,259,274,289,304,304,404,404,419,419,167,182,197,197,227,227,302,317,332,247,262,361,361,481,481,496,511,511,526,173,173,173,173,173,173,188,218,233,83,83,83],"floor_reached":51,"playtime":2317,"items_purged":["Strike_B","Strike_B"],"score":778,"play_id":"6f12aada-ec8f-4ad6-b923-ca0213e75411","local_time":"20190913033642","daily_mods":["Allstar","Vintage","Lethality"],"is_ascension_mode":false,"campfire_choices":[{"data":"Jack Of All Trades","floor":6,"key":"SMITH"},{"floor":8,"key":"REST"},{"floor":15,"key":"REST"},{"floor":23,"key":"REST"},{"data":"1","floor":25,"key":"LIFT"},{"data":"2","floor":32,"key":"LIFT"},{"data":"3","floor":40,"key":"LIFT"},{"data":"Panache","floor":42,"key":"SMITH"},{"floor":44,"key":"DIG"},{"data":"Streamline","floor":49,"key":"SMITH"}],"neow_cost":"","seed_source_timestamp":88598066097100,"circlet_count":0,"master_deck":["Strike_B","Strike_B","Defend_B","Defend_B","Defend_B","Defend_B+1","Zap+1","Dualcast+1","Panache+1","Mayhem","Swift Strike","Swift Strike","Jack Of All Trades+1","Capacitor+1","Electrodynamics+1","Self Repair+1","Lockon+1","Streamline+1","Heatsinks+1","Rebound","Defragment+1"],"special_seed":18151,"relics":["Cracked Core","Kunai","Shuriken","Frozen Egg 2","Regal Pillow","Mummified Hand","Happy Flower","Tiny Chest","PreservedInsect","War Paint","Emotion Chip","Bottled Lightning","Nuclear Battery","Girya","Anchor","Letter Opener","Torii","Singing Bowl","Dead Branch","Pantograph","Sundial","Dream Catcher","White Beast Statue","Boot","Potion Belt","DataDisk","Toolbox","Shovel","Turnip","Bronze Scales","Darkstone Periapt","Orichalcum","Pen Nib"],"potions_floor_usage":[11,16,16,24,33,38,46,50,50,50,50],"damage_taken":[{"damage":9,"enemies":"2 Louse","floor":1,"turns":3},{"damage":11,"enemies":"Small Slimes","floor":3,"turns":2},{"damage":0,"enemies":"Cultist","floor":5,"turns":2},{"damage":13,"enemies":"Looter","floor":7,"turns":2},{"damage":16,"enemies":"Lagavulin","floor":10,"turns":3},{"damage":17,"enemies":"3 Louse","floor":11,"turns":6},{"damage":15,"enemies":"Blue Slaver","floor":12,"turns":3},{"damage":12,"enemies":"2 Fungi Beasts","floor":13,"turns":3},{"damage":6,"enemies":"Exordium Thugs","floor":14,"turns":3},{"damage":34,"enemies":"The Guardian","floor":16,"turns":8},{"damage":29,"enemies":"Shell Parasite","floor":18,"turns":4},{"damage":13,"enemies":"2 Thieves","floor":21,"turns":2},{"damage":26,"enemies":"Chosen and Byrds","floor":22,"turns":3},{"damage":22,"enemies":"Book of Stabbing","floor":24,"turns":3},{"damage":1,"enemies":"Shelled Parasite and Fungi","floor":27,"turns":2},{"damage":0,"enemies":"Centurion and Healer","floor":28,"turns":2},{"damage":0,"enemies":"Snecko","floor":30,"turns":2},{"damage":9,"enemies":"Champ","floor":33,"turns":5},{"damage":1,"enemies":"Orb Walker","floor":35,"turns":2},{"damage":0,"enemies":"3 Shapes","floor":36,"turns":3},{"damage":0,"enemies":"Transient","floor":38,"turns":5},{"damage":25,"enemies":"Spire Growth","floor":45,"turns":3},{"damage":0,"enemies":"Nemesis","floor":46,"turns":3},{"damage":1,"enemies":"Maw","floor":47,"turns":3},{"damage":61,"enemies":"Time Eater","floor":50,"turns":6}],"seed_played":"-4731178760956062909","potions_obtained":[{"floor":1,"key":"FearPotion"},{"floor":10,"key":"Regen Potion"},{"floor":12,"key":"SkillPotion"},{"floor":16,"key":"EssenceOfSteel"},{"floor":19,"key":"SpeedPotion"},{"floor":19,"key":"GamblersBrew"},{"floor":21,"key":"AttackPotion"},{"floor":27,"key":"SpeedPotion"},{"floor":28,"key":"Strength Potion"},{"floor":35,"key":"GamblersBrew"},{"floor":36,"key":"Swift Potion"},{"floor":38,"key":"Strength Potion"},{"floor":45,"key":"Weak Potion"},{"floor":46,"key":"Fire Potion"},{"floor":47,"key":"SteroidPotion"}],"is_trial":false,"path_per_floor":["M","?","M","?","M","R","M","R","T","E","M","M","M","M","R","B",null,"M","?","$","M","M","R","E","R","T","M","M","?","M","?","R","B",null,"M","M","?","M","$","R","?","R","T","R","M","E","M","$","R","B",null],"character_chosen":"DEFECT","items_purchased":["Self Repair+1","Lockon","Streamline","Toolbox","Rebound","Pen Nib"],"campfire_rested":3,"item_purchase_floors":[20,20,20,39,39,48],"current_hp_per_floor":[66,48,37,37,37,37,24,61,61,45,42,27,15,9,46,12,75,46,46,46,43,27,64,52,52,52,61,71,71,71,71,71,75,75,74,74,74,75,75,75,75,75,75,75,60,70,75,75,75,24],"gold":83,"neow_bonus":"","is_prod":false,"is_daily":true,"chose_seed":false,"campfire_upgraded":3,"win_rate":0,"timestamp":1568313402,"path_taken":["M","?","M","?","M","R","M","R","T","E","M","M","M","M","R","BOSS","M","?","$","M","M","R","E","R","T","M","?","?","M","?","R","BOSS","M","M","?","M","$","R","?","R","T","R","M","E","?","$","R","BOSS"],"build_version":"2019-07-17","purchased_purges":2,"victory":true,"max_hp_per_floor":[75,75,75,75,75,75,75,75,75,75,75,75,75,75,75,75,75,75,75,75,75,75,75,75,75,75,75,75,75,75,75,75,75,75,75,75,75,75,75,75,75,75,75,75,75,75,75,75,75,75],"card_choices":[{"not_picked":["Hello World+1","Redo"],"picked":"Capacitor+1","floor":10},{"not_picked":["Multi-Cast","Machine Learning+1"],"picked":"Electrodynamics+1","floor":16},{"not_picked":["Redo","Aggregate+1"],"picked":"Heatsinks+1","floor":24},{"not_picked":["Fission","Electrodynamics+1"],"picked":"Multi-Cast","floor":33},{"not_picked":["Cold Snap+1","Coolheaded+1"],"picked":"Defragment+1","floor":46}],"player_experience":51758,"relics_obtained":[{"floor":1,"key":"Kunai"},{"floor":3,"key":"Frozen Egg 2"},{"floor":5,"key":"Regal Pillow"},{"floor":7,"key":"Mummified Hand"},{"floor":9,"key":"Happy Flower"},{"floor":10,"key":"Tiny Chest"},{"floor":11,"key":"PreservedInsect"},{"floor":12,"key":"War Paint"},{"floor":13,"key":"Emotion Chip"},{"floor":14,"key":"Bottled Lightning"},{"floor":18,"key":"Girya"},{"floor":21,"key":"Anchor"},{"floor":22,"key":"Letter Opener"},{"floor":24,"key":"Torii"},{"floor":26,"key":"Singing Bowl"},{"floor":27,"key":"Dead Branch"},{"floor":28,"key":"Pantograph"},{"floor":30,"key":"Dream Catcher"},{"floor":35,"key":"Boot"},{"floor":36,"key":"Potion Belt"},{"floor":38,"key":"DataDisk"},{"floor":43,"key":"Shovel"},{"floor":44,"key":"Turnip"},{"floor":45,"key":"Bronze Scales"},{"floor":46,"key":"Darkstone Periapt"},{"floor":47,"key":"Orichalcum"}],"event_choices":[{"damage_healed":0,"gold_gain":0,"player_choice":"Success","damage_taken":18,"relics_obtained":["Shuriken"],"max_hp_gain":0,"max_hp_loss":0,"event_name":"Scrap Ooze","floor":2,"gold_loss":0},{"damage_healed":0,"gold_gain":0,"player_choice":"Grow","damage_taken":0,"max_hp_gain":0,"max_hp_loss":0,"event_name":"Living Wall","floor":4,"gold_loss":0,"cards_upgraded":["Zap"]},{"damage_healed":0,"gold_gain":0,"player_choice":"Got Potions","damage_taken":0,"max_hp_gain":0,"max_hp_loss":0,"event_name":"Lab","floor":19,"gold_loss":0},{"damage_healed":0,"gold_gain":0,"player_choice":"Obtained Relic","damage_taken":0,"relics_obtained":["Sundial"],"max_hp_gain":0,"max_hp_loss":0,"event_name":"Addict","floor":29,"gold_loss":85},{"damage_healed":0,"gold_gain":99,"player_choice":"Stole From Cult","damage_taken":0,"max_hp_gain":0,"max_hp_loss":0,"event_name":"Nest","floor":31,"gold_loss":0},{"cards_removed":["Multi-Cast"],"damage_healed":0,"gold_gain":0,"player_choice":"Removed Skill","damage_taken":0,"max_hp_gain":0,"max_hp_loss":0,"event_name":"Falling","floor":37,"gold_loss":0},{"damage_healed":0,"gold_gain":0,"player_choice":"Forge","damage_taken":0,"max_hp_gain":0,"max_hp_loss":0,"event_name":"Accursed Blacksmith","floor":41,"gold_loss":0,"cards_upgraded":["Lockon"]}],"is_beta":false,"boss_relics":[{"not_picked":["Busted Crown","Calling Bell"],"picked":"Nuclear Battery"},{"not_picked":["Velvet Choker","Philosopher\u0027s Stone"],"picked":"White Beast Statue"}],"items_purged_floors":[20,39],"is_endless":false,"potions_floor_spawned":[1,10,12,16,21,27,28,30,35,36,38,45,46,47],"ascension_level":0}