{"gold_per_floor":[110,130,144,164,174,174,202,202,283,283,308,328,340,356,356,435,435,451,451],"floor_reached":19,"playtime":1094,"items_purged":[],"score":366,"play_id":"5b0fdd72-956e-4eeb-8a81-de83ff6a31d1","local_time":"20190429054739","is_ascension_mode":true,"campfire_choices":[{"data":"Neutralize","floor":6,"key":"SMITH"},{"floor":8,"key":"REST"},{"floor":15,"key":"REST"}],"neow_cost":"NONE","seed_source_timestamp":415199099657278,"circlet_count":0,"master_deck":["AscendersBane","Defend_G","Defend_G","Defend_G","Defend_G","Defend_G","Strike_G","Strike_G","Strike_G","Strike_G","Survivor","Neutralize+1","Blade Dance","Dagger Spray","Riddle With Holes","Dagger Throw","Choke","Deflect","Infinite Blades","Endless Agony","Dagger Throw","Footwork","Doppelganger","Footwork"],"relics":["Ring of the Snake","Dodecahedron","The Courier","Tough Bandages","White Beast Statue"],"potions_floor_usage":[7,14,16,16,19,19],"damage_taken":[{"damage":4,"enemies":"Cultist","floor":1,"turns":5},{"damage":0,"enemies":"Small Slimes","floor":2,"turns":3},{"damage":0,"enemies":"2 Louse","floor":3,"turns":2},{"damage":1,"enemies":"Lots of Slimes","floor":4,"turns":3},{"damage":0,"enemies":"2 Fungi Beasts","floor":5,"turns":3},{"damage":22,"enemies":"3 Sentries","floor":7,"turns":5},{"damage":32,"enemies":"Gremlin Nob","floor":11,"turns":4},{"damage":0,"enemies":"Red Slaver","floor":12,"turns":1},{"damage":0,"enemies":"Exordium Wildlife","floor":13,"turns":2},{"damage":0,"enemies":"2 Fungi Beasts","floor":14,"turns":3},{"damage":7,"enemies":"Slime Boss","floor":16,"turns":8},{"damage":41,"enemies":"Chosen","floor":18,"turns":6},{"damage":24,"enemies":"Shell Parasite","floor":19,"turns":4}],"seed_played":"-4668444424182978636","potions_obtained":[{"floor":1,"key":"GamblersBrew"},{"floor":3,"key":"SpeedPotion"},{"floor":4,"key":"Explosive Potion"},{"floor":11,"key":"Poison Potion"},{"floor":14,"key":"Poison Potion"},{"floor":16,"key":"Fire Potion"},{"floor":18,"key":"AttackPotion"}],"is_trial":false,"path_per_floor":["M","M","M","M","M","R","E","R","T","?","E","M","M","M","R","B",null,"M","M"],"character_chosen":"THE_SILENT","items_purchased":[],"campfire_rested":2,"item_purchase_floors":[],"current_hp_per_floor":[55,55,55,54,54,54,32,51,51,51,19,19,19,19,38,31,57,16,0],"gold":451,"neow_bonus":"TRANSFORM_CARD","is_prod":false,"is_daily":false,"chose_seed":false,"campfire_upgraded":1,"win_rate":0,"timestamp":1556531259,"path_taken":["M","M","?","M","M","R","E","R","T","?","E","M","M","M","R","BOSS","M","M"],"build_version":"2019-01-23","purchased_purges":0,"victory":false,"max_hp_per_floor":[66,66,66,66,66,66,66,66,66,66,66,66,66,66,66,66,66,66,66],"card_choices":[{"not_picked":["Eviscerate","Concentrate"],"picked":"Dagger Spray","floor":1},{"not_picked":["Blade Dance","Poisoned Stab"],"picked":"Riddle With Holes","floor":2},{"not_picked":["Quick Slash","Underhanded Strike"],"picked":"Dagger Throw","floor":3},{"not_picked":["Expertise","Bane"],"picked":"Choke","floor":4},{"not_picked":["Poisoned Stab","Finisher"],"picked":"Deflect","floor":5},{"not_picked":["Deflect","Outmaneuver"],"picked":"Infinite Blades","floor":7},{"not_picked":["Tools of the Trade","Distraction"],"picked":"Endless Agony","floor":11},{"not_picked":["Expertise","Deadly Poison","Distraction"],"picked":"SKIP","floor":12},{"not_picked":["Expertise","Underhanded Strike"],"picked":"Dagger Throw","floor":13},{"not_picked":["Flechettes","Prepared"],"picked":"Footwork","floor":14},{"not_picked":["Tools of the Trade","Glass Knife"],"picked":"Doppelganger","floor":16},{"not_picked":["Cloak And Dagger","Concentrate"],"picked":"Footwork","floor":18}],"player_experience":1295028,"relics_obtained":[{"floor":7,"key":"Dodecahedron"},{"floor":9,"key":"The Courier"},{"floor":11,"key":"Tough Bandages"}],"event_choices":[{"damage_healed":0,"gold_gain":0,"player_choice":"Ignored","damage_taken":0,"max_hp_gain":0,"max_hp_loss":0,"event_name":"Shining Light","floor":10,"gold_loss":0}],"is_beta":false,"boss_relics":[{"not_picked":["Velvet Choker","Snecko Eye"],"picked":"White Beast Statue"}],"items_purged_floors":[],"is_endless":false,"potions_floor_spawned":[1,3,4,11,14,16,18],"killed_by":"Shell Parasite","ascension_level":20}