{"gold_per_floor":[119,134,147,163,176,203,203,219,219,219],"floor_reached":10,"playtime":548,"items_purged":[],"score":144,"play_id":"99648844-a5de-4bc1-b81d-d87c0e1bba2e","local_time":"20190503111051","is_ascension_mode":true,"campfire_choices":[{"floor":7,"key":"REST"}],"neow_cost":"NONE","seed_source_timestamp":780760748164085,"circlet_count":0,"master_deck":["AscendersBane","Defend_G","Defend_G","Defend_G","Defend_G","Defend_G","Strike_G","Strike_G","Strike_G","Strike_G","Strike_G","Survivor","Neutralize","Corpse Explosion","Sucker Punch","Bouncing Flask","Dagger Spray","Backstab","Backflip","Well Laid Plans","Poisoned Stab"],"special_seed":0,"relics":["Ring of the Snake","Centennial Puzzle","Blood Vial"],"potions_floor_usage":[6,6],"damage_taken":[{"damage":12.0,"enemies":"Cultist","floor":1.0,"turns":7.0},{"damage":0.0,"enemies":"Small Slimes","floor":2.0,"turns":3.0},{"damage":3,"enemies":"2 Louse","floor":3,"turns":3},{"damage":4,"enemies":"Blue Slaver","floor":4,"turns":4},{"damage":10,"enemies":"Exordium Thugs","floor":5,"turns":6},{"damage":2,"enemies":"3 Sentries","floor":6,"turns":5},{"damage":10,"enemies":"Lots of Slimes","floor":8,"turns":3},{"damage":40,"enemies":"Lagavulin","floor":10,"turns":8}],"seed_played":"-2696140302967690245","potions_obtained":[{"floor":2.0,"key":"Energy Potion"},{"floor":4,"key":"AttackPotion"},{"floor":5,"key":"Strength Potion"}],"is_trial":false,"path_per_floor":["M","M","M","M","M","E","R","M","T","E"],"character_chosen":"THE_SILENT","items_purchased":[],"campfire_rested":1,"item_purchase_floors":[],"current_hp_per_floor":[47,47,44,40,30,28,47,37,37,0],"gold":219,"neow_bonus":"ONE_RANDOM_RARE_CARD","is_prod":false,"is_daily":false,"chose_seed":false,"campfire_upgraded":0,"win_rate":0,"timestamp":1556896251,"path_taken":["M","M","M","M","M","E","R","M","T","E"],"build_version":"2019-01-23","purchased_purges":0,"victory":false,"max_hp_per_floor":[66,66,66,66,66,66,66,66,66,66],"card_choices":[{"not_picked":["Caltrops","Bouncing Flask"],"picked":"Sucker Punch","floor":1.0},{"not_picked":["Infinite Blades","Deadly Poison"],"picked":"Bouncing Flask","floor":2.0},{"not_picked":["Slice","Dagger Throw"],"picked":"Dagger Spray","floor":3},{"not_picked":["Underhanded Strike","Reflex"],"picked":"Backstab","floor":4},{"not_picked":["Sucker Punch","Prepared"],"picked":"Backflip","floor":5},{"not_picked":["Prepared","Storm of Steel"],"picked":"Well Laid Plans","floor":6},{"not_picked":["Flying Knee","Escape Plan"],"picked":"Poisoned Stab","floor":8}],"player_experience":1372066,"relics_obtained":[{"floor":6,"key":"Centennial Puzzle"},{"floor":9,"key":"Blood Vial"}],"event_choices":[],"is_beta":false,"boss_relics":[],"items_purged_floors":[],"is_endless":false,"potions_floor_spawned":[2,4,5],"killed_by":"Lagavulin","ascension_level":20}