{"gold_per_floor":[119,194,68,85,260,288,288,321,321,354,354,368,28,51,51,175,175,195,3,24,40,40,40,40,73,73,73,73,96,19,33,33,164,164,178,178,511,511,511,511,529,529,553,565,597,597,597,69,69,69],"floor_reached":50,"playtime":2354,"items_purged":["Strike_R","Doubt","Strike_R","Clumsy"],"score":844,"play_id":"ecf78bd3-7234-44a3-b6c4-37419ebd1569","local_time":"20190606051643","is_ascension_mode":true,"campfire_choices":[{"data":"Immolate","floor":7,"key":"SMITH"},{"data":"Juggernaut","floor":15,"key":"SMITH"},{"floor":23,"key":"REST"},{"floor":27,"key":"REST"},{"data":"Body Slam","floor":32,"key":"SMITH"},{"data":"Dark Embrace","floor":40,"key":"SMITH"},{"floor":42,"key":"REST"},{"data":"Hemokinesis","floor":49,"key":"SMITH"}],"neow_cost":"NONE","seed_source_timestamp":63661197670578,"circlet_count":0,"master_deck":["AscendersBane","Strike_R+1","Strike_R+1","Defend_R+1","Defend_R+1","Defend_R+1","Defend_R+1","Bash","Evolve","Clothesline","Power Through","Immolate+1","Rampage","Metallicize","Juggernaut+1","Ghostly Armor","Blood for Blood","Pommel Strike","Reaper","Body Slam+1","Offering+1","Seeing Red","Headbutt","Infernal Blade","True Grit","Havoc","Warcry+1","Warcry+1","Shrug It Off","Rupture","Flame Barrier+1","Dark Embrace+1","Entrench+1","Heavy Blade+1","Sentinel+1","Rage+1","Inflame+1","Limit Break","Panacea","Hemokinesis+1","Flex","Shrug It Off"],"relics":["Black Blood","NeowsBlessing","Prayer Wheel","Centennial Puzzle","Pear","Meat on the Bone","Paper Frog","Nilry\u0027s Codex","Juzu Bracelet","Pantograph","Cursed Key","Boot","Ornamental Fan","Happy Flower"],"potions_floor_usage":[8,14,16,25,31,33,33,50,50,50],"damage_taken":[{"damage":0,"enemies":"2 Louse","floor":1,"turns":1},{"damage":0,"enemies":"Small Slimes","floor":4,"turns":2},{"damage":0,"enemies":"Lagavulin","floor":6,"turns":2},{"damage":42,"enemies":"3 Sentries","floor":8,"turns":6},{"damage":39,"enemies":"Lagavulin","floor":10,"turns":8},{"damage":4,"enemies":"Jaw Worm","floor":12,"turns":3},{"damage":10,"enemies":"Red Slaver","floor":14,"turns":4},{"damage":44,"enemies":"The Guardian","floor":16,"turns":12},{"damage":29,"enemies":"2 Thieves","floor":18,"turns":4},{"damage":13,"enemies":"Chosen","floor":20,"turns":4},{"damage":35,"enemies":"Snake Plant","floor":21,"turns":6},{"damage":49,"enemies":"Slavers","floor":25,"turns":5},{"damage":6,"enemies":"Snecko","floor":29,"turns":4},{"damage":15,"enemies":"Chosen and Byrds","floor":31,"turns":4},{"damage":85,"enemies":"Collector","floor":33,"turns":13},{"damage":57,"enemies":"3 Shapes","floor":35,"turns":6},{"damage":27,"enemies":"3 Darklings","floor":41,"turns":4},{"damage":27,"enemies":"Sphere and 2 Shapes","floor":44,"turns":4},{"damage":16,"enemies":"Nemesis","floor":45,"turns":7},{"damage":109,"enemies":"Awakened One","floor":50,"turns":8}],"seed_played":"-8570330087678678283","potions_obtained":[{"floor":1,"key":"Regen Potion"},{"floor":4,"key":"LiquidBronze"},{"floor":12,"key":"Fire Potion"},{"floor":14,"key":"SteroidPotion"},{"floor":21,"key":"Fire Potion"},{"floor":25,"key":"Dexterity Potion"},{"floor":29,"key":"Poison Potion"},{"floor":41,"key":"Fire Potion"},{"floor":44,"key":"Explosive Potion"}],"is_trial":false,"path_per_floor":["M","?","$","M","?","E","R","E","T","E","?","M","$","M","R","B",null,"M","$","M","M","?","R","?","E","T","R","?","M","$","M","R","B",null,"M","?","?","?","?","R","M","R","T","M","E","?","?","$","R","B"],"character_chosen":"IRONCLAD","items_purchased":["Clothesline","Paper Frog","Seeing Red","Rupture","Happy Flower","Hemokinesis","Regen Potion","Flex","Shrug It Off"],"campfire_rested":3,"item_purchase_floors":[3,13,19,30,48,48,48,48,48],"current_hp_per_floor":[78,67,67,73,73,79,79,52,62,29,29,43,43,51,51,25,69,62,62,59,46,30,54,54,27,27,51,51,55,55,62,62,39,72,46,46,46,46,46,46,41,65,65,60,54,54,54,54,54,0],"gold":69,"neow_bonus":"THREE_ENEMY_KILL","is_prod":false,"is_daily":false,"chose_seed":false,"campfire_upgraded":5,"win_rate":0,"timestamp":1559762203,"path_taken":["M","?","$","M","?","E","R","E","T","E","?","M","$","M","R","BOSS","M","$","M","M","?","R","?","E","T","R","?","M","$","M","R","BOSS","M","?","?","?","?","R","M","R","T","M","E","?","?","$","R","BOSS"],"build_version":"2019-01-23","purchased_purges":4,"victory":false,"max_hp_per_floor":[80,80,80,80,80,80,80,80,90,90,83,83,83,83,83,83,83,83,83,83,83,83,83,83,83,83,83,83,83,83,83,83,83,83,83,83,83,83,83,83,83,83,83,83,83,83,83,83,83,83],"card_choices":[{"not_picked":["Whirlwind","Sentinel"],"picked":"Evolve","floor":1},{"not_picked":["Pommel Strike","Warcry"],"picked":"Power Through","floor":4},{"not_picked":["Power Through","Sword Boomerang"],"picked":"Immolate","floor":6},{"not_picked":["Clash","Rupture"],"picked":"Rampage","floor":8},{"not_picked":["Cleave","Armaments"],"picked":"Metallicize","floor":10},{"not_picked":["Seeing Red","Carnage"],"picked":"Juggernaut","floor":12},{"not_picked":["Reckless Charge","Anger"],"picked":"Ghostly Armor","floor":12},{"not_picked":["Flex","Bloodletting"],"picked":"Blood for Blood","floor":14},{"not_picked":["Havoc","Flex"],"picked":"Pommel Strike","floor":14},{"not_picked":["Impervious","Limit Break"],"picked":"Reaper","floor":16},{"not_picked":["Rage","Anger"],"picked":"Body Slam","floor":18},{"not_picked":["Pommel Strike+1","True Grit"],"picked":"Offering","floor":18},{"not_picked":["Shrug It Off","Second Wind+1"],"picked":"Headbutt","floor":20},{"not_picked":["Wild Strike","Rage"],"picked":"Infernal Blade","floor":20},{"not_picked":["Havoc","Iron Wave+1"],"picked":"True Grit","floor":21},{"not_picked":["Thunderclap","Twin Strike+1"],"picked":"Havoc","floor":21},{"not_picked":["Reaper","Wild Strike"],"picked":"Warcry+1","floor":25},{"not_picked":["Rampage","Pommel Strike"],"picked":"Warcry+1","floor":29},{"not_picked":["Flex","Wild Strike+1"],"picked":"Shrug It Off","floor":29},{"not_picked":["Sword Boomerang","Clothesline+1"],"picked":"Flame Barrier+1","floor":31},{"not_picked":["Fire Breathing+1","Shrug It Off","Rampage"],"picked":"SKIP","floor":31},{"not_picked":["Reaper","Barricade"],"picked":"Dark Embrace","floor":33},{"not_picked":["Combust","Headbutt+1"],"picked":"Entrench+1","floor":35},{"not_picked":["Headbutt+1","Clash+1"],"picked":"Heavy Blade+1","floor":35},{"not_picked":["Burning Pact","Thunderclap"],"picked":"Sentinel+1","floor":41},{"not_picked":["Perfected Strike+1","Shrug It Off"],"picked":"Rage+1","floor":41},{"not_picked":["Cleave+1","Intimidate"],"picked":"Bloodletting","floor":44},{"not_picked":["Flex+1","Shrug It Off+1"],"picked":"Inflame+1","floor":44},{"not_picked":["Uppercut","Cleave"],"picked":"Limit Break","floor":45},{"not_picked":["Magnetism","Dramatic Entrance"],"picked":"Panacea","floor":46}],"player_experience":816228,"relics_obtained":[{"floor":6,"key":"Prayer Wheel"},{"floor":8,"key":"Centennial Puzzle"},{"floor":9,"key":"Pear"},{"floor":10,"key":"Meat on the Bone"},{"floor":22,"key":"Nilry\u0027s Codex"},{"floor":25,"key":"Juzu Bracelet"},{"floor":26,"key":"Pantograph"},{"floor":43,"key":"Boot"},{"floor":45,"key":"Ornamental Fan"}],"event_choices":[{"damage_healed":0,"gold_gain":75,"player_choice":"Gather Gold","damage_taken":11,"max_hp_gain":0,"max_hp_loss":0,"event_name":"World of Goop","floor":2,"gold_loss":0},{"damage_healed":0,"gold_gain":175,"player_choice":"AGREE","damage_taken":0,"max_hp_gain":0,"max_hp_loss":0,"event_name":"Liars Game","floor":5,"gold_loss":0,"cards_obtained":["Doubt"]},{"damage_healed":0,"gold_gain":0,"player_choice":"Lose Max HP","damage_taken":0,"relics_obtained":["Golden Idol"],"max_hp_gain":0,"max_hp_loss":7,"event_name":"Golden Idol","floor":11,"gold_loss":0},{"damage_healed":0,"gold_gain":0,"player_choice":"Obtained Book","damage_taken":16,"max_hp_gain":0,"max_hp_loss":0,"event_name":"Cursed Tome","floor":22,"gold_loss":0},{"damage_healed":0,"gold_gain":0,"player_choice":"Upgraded","damage_taken":0,"max_hp_gain":0,"max_hp_loss":0,"event_name":"Upgrade Shrine","floor":24,"gold_loss":0,"cards_upgraded":["Offering"]},{"damage_healed":0,"gold_gain":0,"player_choice":"Simplicity","damage_taken":0,"max_hp_gain":0,"max_hp_loss":0,"event_name":"Back to Basics","floor":28,"gold_loss":0,"cards_upgraded":["Strike_R","Strike_R","Strike_R","Defend_R","Defend_R","Defend_R","Defend_R"]},{"damage_healed":0,"gold_gain":0,"player_choice":"Ignored","damage_taken":0,"max_hp_gain":0,"max_hp_loss":0,"event_name":"Mysterious Sphere","floor":36,"gold_loss":0},{"damage_healed":0,"gold_gain":333,"player_choice":"Gave Idol","damage_taken":0,"max_hp_gain":0,"max_hp_loss":0,"event_name":"The Moai Head","floor":37,"relics_lost":["Golden Idol"],"gold_loss":0},{"damage_healed":0,"gold_gain":0,"player_choice":"Ignored","damage_taken":0,"max_hp_gain":0,"max_hp_loss":0,"event_name":"SecretPortal","floor":38,"gold_loss":0},{"cards_removed":["Strike_R"],"damage_healed":0,"gold_gain":0,"player_choice":"Purged","damage_taken":0,"max_hp_gain":0,"max_hp_loss":0,"event_name":"Purifier","floor":39,"gold_loss":0},{"damage_healed":0,"gold_gain":0,"player_choice":"Memory 1","damage_taken":0,"max_hp_gain":0,"max_hp_loss":0,"event_name":"SensoryStone","floor":46,"gold_loss":0},{"cards_removed":["Bloodletting"],"damage_healed":0,"gold_gain":0,"player_choice":"Removed Skill","damage_taken":0,"max_hp_gain":0,"max_hp_loss":0,"event_name":"Falling","floor":47,"gold_loss":0}],"is_beta":false,"boss_relics":[{"not_picked":["Eternal Feather","Empty Cage"],"picked":"Black Blood"},{"not_picked":["Busted Crown","Tiny House"],"picked":"Cursed Key"}],"items_purged_floors":[3,13,19,48],"is_endless":false,"potions_floor_spawned":[1,4,12,14,21,25,29,41,44],"killed_by":"Awakened One","ascension_level":10}