{"gold_per_floor":[113,113,38,54,54,86,99,124,124,135,210,228,228,239,239,344,344,364,375,387,126,140,140],"floor_reached":23,"playtime":1174,"items_purged":["Strike_R","Defend_R"],"score":322,"play_id":"1d4493a3-5972-44a0-8d2a-9697bf0c6acb","local_time":"20180822021527","is_ascension_mode":true,"campfire_choices":[{"data":"Flex","floor":13,"key":"SMITH"},{"data":"Bash","floor":15,"key":"SMITH"}],"neow_cost":"NONE","seed_source_timestamp":202826364507544,"circlet_count":0,"master_deck":["Strike_R","Strike_R+1","Strike_R","Strike_R","Defend_R","Defend_R+1","Defend_R","Bash+1","Clash","Flex+1","Thunderclap","Shrug It Off","Sword Boomerang","Flame Barrier","Burning Pact","Sever Soul","Berserk","Rage","Inflame+1","Clash","Immolate"],"relics":["Black Blood","Pear","Bronze Scales","Pantograph","Darkstone Periapt"],"potions_floor_usage":[6,8,16,16,20,23],"damage_taken":[{"damage":0,"enemies":"Small Slimes","floor":1,"turns":3},{"damage":0,"enemies":"2 Louse","floor":4,"turns":3},{"damage":33,"enemies":"Lagavulin","floor":6,"turns":5},{"damage":2,"enemies":"Jaw Worm","floor":7,"turns":3},{"damage":1,"enemies":"Gremlin Nob","floor":8,"turns":3},{"damage":1,"enemies":"2 Fungi Beasts","floor":10,"turns":3},{"damage":5,"enemies":"Gremlin Gang","floor":12,"turns":5},{"damage":0,"enemies":"Large Slime","floor":14,"turns":5},{"damage":51,"enemies":"Hexaghost","floor":16,"turns":9},{"damage":7,"enemies":"Chosen","floor":18,"turns":4},{"damage":5,"enemies":"3 Byrds","floor":19,"turns":3},{"damage":38,"enemies":"Shelled Parasite and Fungi","floor":20,"turns":6},{"damage":25,"enemies":"Snecko","floor":22,"turns":4},{"damage":58,"enemies":"Book of Stabbing","floor":23,"turns":4}],"seed_played":"-2270338776595985814","potions_obtained":[{"floor":4,"key":"Dexterity Potion"},{"floor":6,"key":"AttackPotion"},{"floor":12,"key":"Fire Potion"},{"floor":14,"key":"FearPotion"},{"floor":19,"key":"SkillPotion"},{"floor":20,"key":"Strength Potion"}],"is_trial":false,"path_per_floor":["M","?","$","M","?","E","M","E","T","M","?","M","R","M","R","B",null,"M","M","M","$","M"],"character_chosen":"IRONCLAD","items_purchased":["Immolate"],"campfire_rested":0,"item_purchase_floors":[21],"current_hp_per_floor":[86,68,68,74,77,50,54,59,59,64,53,54,54,60,60,40,84,87,92,64,64,49,0],"gold":140,"neow_bonus":"TEN_PERCENT_HP_BONUS","is_prod":false,"is_daily":false,"chose_seed":false,"campfire_upgraded":2,"win_rate":0,"timestamp":1534918527,"path_taken":["M","?","$","M","?","E","?","E","T","M","?","M","R","M","R","BOSS","M","M","M","$","M","E"],"build_version":"2018-08-16","purchased_purges":2,"victory":false,"max_hp_per_floor":[88,88,88,88,98,98,98,98,98,98,98,98,98,98,98,98,98,98,98,98,98,98,98],"card_choices":[{"not_picked":["Warcry","True Grit"],"picked":"Clash","floor":1},{"not_picked":["Burning Pact","Armaments"],"picked":"Flex","floor":4},{"not_picked":["True Grit","Exhume"],"picked":"Thunderclap","floor":6},{"not_picked":["Iron Wave","Anger"],"picked":"Shrug It Off","floor":7},{"not_picked":["Headbutt","Shrug It Off"],"picked":"Sword Boomerang","floor":8},{"not_picked":["Armaments","Pommel Strike"],"picked":"Flame Barrier","floor":10},{"not_picked":["Flex","Headbutt"],"picked":"Burning Pact","floor":12},{"not_picked":["Entrench","Carnage"],"picked":"Sever Soul","floor":14},{"not_picked":["Juggernaut","Barricade"],"picked":"Berserk","floor":16},{"not_picked":["Wild Strike","Burning Pact"],"picked":"Rage","floor":18},{"not_picked":["Metallicize","Anger"],"picked":"Inflame+1","floor":19},{"not_picked":["Shrug It Off","Sever Soul+1"],"picked":"Clash","floor":20},{"not_picked":["Iron Wave","Armaments","Clothesline"],"picked":"SKIP","floor":22}],"player_experience":489491,"relics_obtained":[{"floor":6,"key":"Bronze Scales"},{"floor":8,"key":"Pantograph"},{"floor":9,"key":"Darkstone Periapt"}],"event_choices":[{"event_name":"Shining Light","player_choice":"Entered Light","floor":2,"damage_taken":0},{"event_name":"Scrap Ooze","player_choice":"success","floor":5,"damage_taken":7},{"event_name":"World of Goop","player_choice":"Gather Gold","floor":11,"damage_taken":0}],"is_beta":false,"boss_relics":[{"not_picked":["Empty Cage","Astrolabe"],"picked":"Black Blood"}],"items_purged_floors":[3,21],"is_endless":false,"potions_floor_spawned":[4,6,12,14,19,20],"killed_by":"Book of Stabbing","ascension_level":9}