{"gold_per_floor":[117,127,127,52,63,63,97,108,108,122,122,136,147,147],"floor_reached":14,"playtime":516,"items_purged":["Strike_B"],"score":141,"play_id":"d108fcbb-636d-4dbd-b05d-a594f9b88f6d","local_time":"20181105193217","is_ascension_mode":true,"campfire_choices":[{"data":"Defragment","floor":6,"key":"SMITH"},{"data":"Zap","floor":11,"key":"SMITH"}],"neow_cost":"NONE","seed_source_timestamp":777433669897089,"circlet_count":0,"master_deck":["AscendersBane","Strike_B","Strike_B","Defend_B","Defend_B","Defend_B","Defend_B","Zap+1","Dualcast","Gash","Beam Cell","Defragment+1","Machine Learning","Coolheaded"],"relics":["Cracked Core","Girya","Ornamental Fan"],"potions_floor_usage":[7,8,14],"damage_taken":[{"damage":3,"enemies":"2 Louse","floor":1,"turns":2},{"damage":1,"enemies":"Cultist","floor":2,"turns":3},{"damage":3,"enemies":"Jaw Worm","floor":5,"turns":4},{"damage":15,"enemies":"3 Sentries","floor":7,"turns":7},{"damage":13,"enemies":"Large Slime","floor":8,"turns":5},{"damage":7,"enemies":"Looter","floor":10,"turns":3},{"damage":12,"enemies":"Exordium Wildlife","floor":12,"turns":4},{"damage":8,"enemies":"Large Slime","floor":13,"turns":4},{"damage":16,"enemies":"3 Louse","floor":14,"turns":1}],"seed_played":"-4565763924724012553","potions_obtained":[{"floor":2,"key":"Strength Potion"},{"floor":5,"key":"Block Potion"},{"floor":10,"key":"Dexterity Potion"},{"floor":12,"key":"LiquidBronze"}],"is_trial":false,"path_per_floor":["M","M","?","$","M","R","E","M","T","M","R","M","M","M"],"character_chosen":"DEFECT","items_purchased":[],"campfire_rested":0,"item_purchase_floors":[],"current_hp_per_floor":[72,71,71,71,68,68,53,40,40,33,33,21,13,0],"gold":147,"neow_bonus":"TEN_PERCENT_HP_BONUS","is_prod":false,"is_daily":false,"chose_seed":false,"campfire_upgraded":2,"win_rate":0,"timestamp":1541464337,"path_taken":["M","M","?","?","M","R","E","M","T","M","R","M","M","M"],"build_version":"2018-11-01","purchased_purges":1,"victory":false,"max_hp_per_floor":[82,82,82,82,82,82,82,82,82,82,82,82,82,82],"card_choices":[{"not_picked":["Conserve Battery","Compile Driver"],"picked":"Gash","floor":1},{"not_picked":["Compile Driver","Sweeping Beam"],"picked":"Beam Cell","floor":2},{"not_picked":["Conserve Battery","Stack"],"picked":"Defragment","floor":5},{"not_picked":["Beam Cell","Redo"],"picked":"Machine Learning","floor":7},{"not_picked":["Steam Power","BootSequence"],"picked":"Coolheaded","floor":8},{"not_picked":["Ball Lightning","Leap","Streamline"],"picked":"SKIP","floor":10},{"not_picked":["Self Repair","Barrage","Force Field"],"picked":"SKIP","floor":12},{"not_picked":["Lockon","Turbo","Compile Driver"],"picked":"SKIP","floor":13}],"player_experience":625336,"relics_obtained":[{"floor":7,"key":"Girya"},{"floor":9,"key":"Ornamental Fan"}],"event_choices":[{"cards_removed":["Strike_B"],"damage_healed":0,"gold_gain":0,"player_choice":"Purged","damage_taken":0,"max_hp_gain":0,"max_hp_loss":0,"event_name":"Purifier","floor":3,"gold_loss":0}],"is_beta":false,"boss_relics":[],"items_purged_floors":[4],"is_endless":false,"potions_floor_spawned":[2,5,10,12],"killed_by":"3 Louse","ascension_level":10}