{"gold_per_floor":[115,134,153,54,54,54,54,54,54,54,54,82,102,112,112,112],"floor_reached":16,"playtime":3504,"items_purged":[],"score":100,"play_id":"d74cfe22-3e22-4e47-86fb-5b3f55823127","local_time":"20190322113524","is_ascension_mode":false,"campfire_choices":[{"data":"Zap","floor":6,"key":"SMITH"},{"data":"Defragment","floor":8,"key":"SMITH"},{"data":"Defragment","floor":10,"key":"SMITH"},{"floor":15,"key":"REST"}],"neow_cost":"NONE","seed_source_timestamp":69472995462205,"circlet_count":0,"master_deck":["Strike_B","Strike_B","Strike_B","Strike_B","Defend_B","Defend_B","Defend_B","Defend_B","Zap+1","Dualcast","Loop","Consume","Conserve Battery","Defragment+1","Beam Cell+1","Defragment+1","Fusion+1","Go for the Eyes","Chill+1"],"relics":["Cracked Core","Darkstone Periapt","Dodecahedron","Toxic Egg 2"],"potions_floor_usage":[14,16,16],"damage_taken":[{"damage":1,"enemies":"Cultist","floor":1,"turns":3},{"damage":13,"enemies":"Jaw Worm","floor":2,"turns":4},{"damage":2,"enemies":"Small Slimes","floor":3,"turns":4},{"damage":31,"enemies":"3 Sentries","floor":12,"turns":6},{"damage":15,"enemies":"Looter","floor":13,"turns":3},{"damage":7,"enemies":"Exordium Wildlife","floor":14,"turns":4},{"damage":28,"enemies":"Hexaghost","floor":16,"turns":11}],"seed_played":"-7825910023349572039","potions_obtained":[{"floor":1,"key":"GamblersBrew"},{"floor":12,"key":"GamblersBrew"},{"floor":13,"key":"Block Potion"}],"is_trial":false,"path_per_floor":["M","M","M","$","?","R","?","R","T","R","T","E","M","M","R","B"],"character_chosen":"DEFECT","items_purchased":["Beam Cell","Defragment"],"campfire_rested":1,"item_purchase_floors":[4,4],"current_hp_per_floor":[74,61,59,59,59,59,59,59,59,59,59,28,13,6,28,0],"gold":112,"neow_bonus":"THREE_CARDS","is_prod":false,"is_daily":false,"chose_seed":false,"campfire_upgraded":3,"win_rate":0.0,"timestamp":1553218524,"path_taken":["M","M","M","?","?","R","?","R","T","R","?","E","M","M","R","BOSS"],"build_version":"2019-01-23","purchased_purges":0,"victory":false,"max_hp_per_floor":[75,75,75,75,75,75,75,75,75,75,75,75,75,75,75,75],"card_choices":[{"not_picked":["Steam","Conserve Battery"],"picked":"Loop","floor":0},{"not_picked":["Stack","Cold Snap"],"picked":"Consume","floor":1},{"not_picked":["Hello World","Leap"],"picked":"Conserve Battery","floor":2},{"not_picked":["Darkness","Lockon"],"picked":"Defragment","floor":3},{"not_picked":["Double Energy","Multi-Cast"],"picked":"Fusion","floor":12},{"not_picked":["Glacier+1","Streamline"],"picked":"Go for the Eyes","floor":13},{"not_picked":["Leap+1","Compile Driver"],"picked":"Chill+1","floor":14}],"player_experience":28828,"relics_obtained":[{"floor":9,"key":"Darkstone Periapt"},{"floor":11,"key":"Dodecahedron"},{"floor":12,"key":"Toxic Egg 2"}],"event_choices":[{"damage_healed":0,"gold_gain":0,"player_choice":"Ignored","damage_taken":0,"max_hp_gain":0,"max_hp_loss":0,"event_name":"Golden Wing","floor":5,"gold_loss":0},{"damage_healed":0,"gold_gain":0,"player_choice":"Grow","damage_taken":0,"max_hp_gain":0,"max_hp_loss":0,"event_name":"Living Wall","floor":7,"gold_loss":0,"cards_upgraded":["Beam Cell"]}],"is_beta":false,"boss_relics":[],"items_purged_floors":[],"is_endless":false,"potions_floor_spawned":[1,12,13],"killed_by":"Hexaghost","ascension_level":0}