{"gold_per_floor":[113,83,97,110,110,144,144],"floor_reached":7,"playtime":305,"items_purged":[],"score":102,"play_id":"65d37294-086a-4f7c-9c43-81689bb9c9ea","local_time":"20181230101628","is_ascension_mode":true,"campfire_choices":[],"neow_cost":"PERCENT_DAMAGE","seed_source_timestamp":810164787479723,"circlet_count":0,"master_deck":["AscendersBane","Defend_G","Defend_G","Defend_G","Defend_G","Defend_G","Strike_G","Strike_G","Strike_G","Survivor","Neutralize","Endless Agony","All Out Attack","Dagger Throw"],"special_seed":0,"relics":["Ring of the Snake","Juzu Bracelet"],"potions_floor_usage":[6,6],"damage_taken":[{"damage":0.0,"enemies":"2 Louse","floor":1.0,"turns":3.0},{"damage":2.0,"enemies":"Cultist","floor":3.0,"turns":5.0},{"damage":0.0,"enemies":"Jaw Worm","floor":4.0,"turns":6.0},{"damage":39,"enemies":"Lagavulin","floor":6,"turns":7},{"damage":8,"enemies":"Blue Slaver","floor":7,"turns":2}],"seed_played":"3098540078395618481","potions_obtained":[{"floor":2.0,"key":"Fire Potion"},{"floor":2.0,"key":"Weak Potion"},{"floor":4.0,"key":"SteroidPotion"},{"floor":6,"key":"SteroidPotion"}],"is_trial":false,"path_per_floor":["M","?","M","M","?","E","M"],"character_chosen":"THE_SILENT","items_purchased":[],"campfire_rested":0,"item_purchase_floors":[],"current_hp_per_floor":[44,44,42,42,47,8,0],"gold":144,"neow_bonus":"REMOVE_TWO","is_prod":false,"is_daily":false,"chose_seed":false,"campfire_upgraded":0,"win_rate":0,"timestamp":1546182988,"path_taken":["M","?","?","?","?","E","M"],"build_version":"2018-12-20","purchased_purges":0,"victory":false,"max_hp_per_floor":[66,66,66,66,71,71,71],"card_choices":[{"not_picked":["Slice","Tactician"],"picked":"Endless Agony","floor":1.0},{"not_picked":["Blade Dance","Dodge and Roll"],"picked":"All Out Attack","floor":3.0},{"not_picked":["Reflex","Poisoned Stab"],"picked":"Dagger Throw","floor":4.0},{"not_picked":["Dagger Spray","Bane","Blade Dance"],"picked":"SKIP","floor":6}],"player_experience":1126007,"relics_obtained":[{"floor":6,"key":"Juzu Bracelet"}],"event_choices":[{"damage_healed":0.0,"max_hp_gain":0.0,"max_hp_loss":0.0,"gold_gain":0.0,"event_name":"The Woman in Blue","player_choice":"Bought 2 Potions","floor":2.0,"gold_loss":0.0,"damage_taken":0.0},{"damage_healed":0.0,"max_hp_gain":5.0,"max_hp_loss":0.0,"gold_gain":0.0,"event_name":"Big Fish","player_choice":"Donut","floor":5.0,"gold_loss":0.0,"damage_taken":0.0}],"is_beta":false,"boss_relics":[],"items_purged_floors":[],"is_endless":false,"potions_floor_spawned":[4,6],"killed_by":"Blue Slaver","ascension_level":20}