{"gold_per_floor":[110,121,121,121,23,23,43,56,83,83,122,122,153,181,193,205],"floor_reached":16,"playtime":595,"items_purged":["Injury"],"score":230,"play_id":"2bef24e7-3645-4f52-9031-8baefb4826fa","local_time":"20190706061703","is_ascension_mode":true,"campfire_choices":[{"data":"Neutralize","floor":6,"key":"SMITH"},{"data":"Footwork","floor":10,"key":"SMITH"},{"floor":12,"key":"REST"},{"floor":15,"key":"REST"}],"neow_cost":"NONE","seed_source_timestamp":19954745762160,"circlet_count":0,"master_deck":["AscendersBane","Strike_G","Strike_G","Strike_G","Strike_G","Strike_G","Defend_G","Defend_G","Defend_G","Defend_G","Defend_G","Survivor","Neutralize+1","Footwork+1","Poisoned Stab","Cloak And Dagger","Masterful Stab","Cloak And Dagger","Backstab","Predator","Quick Slash"],"relics":["Ring of the Snake","Oddly Smooth Stone","PreservedInsect","Golden Idol","Omamori","Vajra","MawBank"],"potions_floor_usage":[13,14],"damage_taken":[{"damage":7,"enemies":"Cultist","floor":1,"turns":6},{"damage":0,"enemies":"Jaw Worm","floor":2,"turns":5},{"damage":0,"enemies":"2 Louse","floor":7,"turns":3},{"damage":11,"enemies":"Exordium Thugs","floor":8,"turns":7},{"damage":22,"enemies":"Lagavulin","floor":11,"turns":6},{"damage":0,"enemies":"Gremlin Nob","floor":13,"turns":2},{"damage":7,"enemies":"Lots of Slimes","floor":14,"turns":4},{"damage":57,"enemies":"Hexaghost","floor":16,"turns":16}],"seed_played":"-8736185616929053448","potions_obtained":[{"floor":2,"key":"Energy Potion"},{"floor":8,"key":"Fire Potion"},{"floor":13,"key":"Fruit Juice"}],"is_trial":false,"path_per_floor":["M","M","T","?","$","R","M","M","T","R","E","R","E","M","R","B"],"character_chosen":"THE_SILENT","items_purchased":["Cloak And Dagger"],"campfire_rested":2,"item_purchase_floors":[5],"current_hp_per_floor":[52,52,52,52,52,52,52,41,41,41,19,38,38,36,57,0],"gold":205,"neow_bonus":"RANDOM_COMMON_RELIC","is_prod":false,"is_daily":false,"chose_seed":false,"campfire_upgraded":2,"win_rate":0,"timestamp":1562357823,"path_taken":["M","M","?","?","$","R","M","M","T","R","E","R","E","M","R","BOSS"],"build_version":"2019-07-01","purchased_purges":1,"victory":false,"max_hp_per_floor":[66,66,66,66,66,66,66,66,66,66,66,66,66,71,71,71],"card_choices":[{"not_picked":["Dagger Throw","Dodge and Roll"],"picked":"Footwork","floor":1},{"not_picked":["Dagger Spray","Deflect"],"picked":"Poisoned Stab","floor":2},{"not_picked":["Sucker Punch","Choke"],"picked":"Masterful Stab","floor":7},{"not_picked":["Acrobatics","Grand Finale"],"picked":"Cloak And Dagger","floor":8},{"not_picked":["Backflip","Footwork"],"picked":"Backstab","floor":11},{"not_picked":["Masterful Stab","Flechettes"],"picked":"Predator","floor":13},{"not_picked":["Expertise","Setup"],"picked":"Quick Slash","floor":14}],"player_experience":945060,"relics_obtained":[{"floor":3,"key":"PreservedInsect"},{"floor":9,"key":"Omamori"},{"floor":11,"key":"Vajra"},{"floor":13,"key":"MawBank"}],"event_choices":[{"damage_healed":0,"gold_gain":0,"player_choice":"Take Wound","damage_taken":0,"relics_obtained":["Golden Idol"],"max_hp_gain":0,"max_hp_loss":0,"event_name":"Golden Idol","floor":4,"gold_loss":0,"cards_obtained":["Injury"]}],"is_beta":false,"boss_relics":[],"items_purged_floors":[5],"is_endless":false,"potions_floor_spawned":[2,8,13],"killed_by":"Hexaghost","ascension_level":14}