{"gold_per_floor":[114,130,148,165,185,185,197,197,223,223,236,271,6,22,22,120,120,140,240,200,211,211],"floor_reached":22,"playtime":1240,"items_purged":[],"score":238,"play_id":"c01244b6-dd0e-4cd6-b033-492493814193","local_time":"20190516010851","is_ascension_mode":true,"campfire_choices":[{"data":"Uppercut","floor":6,"key":"SMITH"},{"floor":10,"key":"REST"},{"data":"Metallicize","floor":15,"key":"SMITH"}],"neow_cost":"NONE","seed_source_timestamp":23277940662760,"circlet_count":0,"master_deck":["Strike_R","Strike_R","Strike_R","Strike_R","Defend_R","Defend_R","Defend_R","Defend_R","Bash","Sword Boomerang","Uppercut+1","Perfected Strike","Infernal Blade","Headbutt","Flex","Rupture","Flame Barrier","Whirlwind","Shrug It Off","Metallicize+1","Barricade+1","Pummel","Cleave","Shrug It Off"],"relics":["Black Blood","NeowsBlessing","Oddly Smooth Stone","Pear","Meat on the Bone","WingedGreaves","Bottled Tornado"],"potions_floor_usage":[16,16,19,21,22,22],"damage_taken":[{"damage":0,"enemies":"2 Louse","floor":1,"turns":1},{"damage":0,"enemies":"Cultist","floor":2,"turns":1},{"damage":0,"enemies":"Small Slimes","floor":3,"turns":1},{"damage":25,"enemies":"Exordium Thugs","floor":4,"turns":6},{"damage":18,"enemies":"Exordium Wildlife","floor":5,"turns":5},{"damage":22,"enemies":"Lots of Slimes","floor":7,"turns":4},{"damage":19,"enemies":"Large Slime","floor":11,"turns":4},{"damage":31,"enemies":"Lagavulin","floor":12,"turns":6},{"damage":0,"enemies":"3 Louse","floor":14,"turns":3},{"damage":18,"enemies":"The Guardian","floor":16,"turns":12},{"damage":2,"enemies":"Chosen","floor":18,"turns":6},{"damage":34,"enemies":"Colosseum Slavers","floor":19,"turns":7},{"damage":38,"enemies":"Colosseum Nobs","floor":19,"turns":6},{"damage":22,"enemies":"Spheric Guardian","floor":21,"turns":6},{"damage":54,"enemies":"Centurion and Healer","floor":22,"turns":8}],"seed_played":"-3039131669398548730","potions_obtained":[{"floor":1,"key":"Ancient Potion"},{"floor":4,"key":"Strength Potion"},{"floor":5,"key":"Swift Potion"},{"floor":11,"key":"PowerPotion"},{"floor":16,"key":"Explosive Potion"},{"floor":19,"key":"Energy Potion"},{"floor":21,"key":"Swift Potion"}],"is_trial":false,"path_per_floor":["M","M","M","M","M","R","M","?","T","R","M","E","$","M","R","B",null,"M","?","?","M","M"],"character_chosen":"IRONCLAD","items_purchased":["Meat on the Bone","Shrug It Off"],"campfire_rested":1,"item_purchase_floors":[13,13],"current_hp_per_floor":[80,80,80,61,49,49,33,33,33,57,44,29,29,47,47,47,79,87,47,47,47,0],"gold":211,"neow_bonus":"THREE_ENEMY_KILL","is_prod":false,"is_daily":false,"chose_seed":false,"campfire_upgraded":2,"win_rate":0,"timestamp":1557932931,"path_taken":["M","M","M","M","M","R","M","?","T","R","?","E","$","M","R","BOSS","M","?","?","M","M"],"build_version":"2019-01-23","purchased_purges":0,"victory":false,"max_hp_per_floor":[80,80,80,80,80,80,80,80,80,80,80,90,90,90,90,90,90,90,90,90,90,90],"card_choices":[{"not_picked":["Fire Breathing","Ghostly Armor"],"picked":"Sword Boomerang","floor":1},{"not_picked":["Rage","Battle Trance"],"picked":"Uppercut","floor":2},{"not_picked":["Battle Trance","True Grit"],"picked":"Perfected Strike","floor":3},{"not_picked":["Clash","Combust"],"picked":"Infernal Blade","floor":4},{"not_picked":["Bloodletting","Evolve"],"picked":"Headbutt","floor":5},{"not_picked":["Ghostly Armor","Headbutt"],"picked":"Flex","floor":7},{"not_picked":["Rampage","Iron Wave"],"picked":"Flame Barrier","floor":11},{"not_picked":["Bloodletting","Reaper"],"picked":"Whirlwind","floor":12},{"not_picked":["Anger","Uppercut"],"picked":"Metallicize","floor":14},{"not_picked":["Demon Form","Double Tap"],"picked":"Barricade","floor":16},{"not_picked":["Pommel Strike","Perfected Strike+1"],"picked":"Pummel","floor":18},{"not_picked":["Headbutt","Clash"],"picked":"Cleave","floor":19},{"not_picked":["Entrench","Perfected Strike+1"],"picked":"Shrug It Off","floor":21}],"player_experience":612745,"relics_obtained":[{"floor":9,"key":"Oddly Smooth Stone"},{"floor":12,"key":"Pear"},{"floor":19,"key":"WingedGreaves"},{"floor":19,"key":"Bottled Tornado"}],"event_choices":[{"damage_healed":0,"gold_gain":0,"cards_transformed":["Strike_R"],"player_choice":"Transformed","damage_taken":0,"max_hp_gain":0,"max_hp_loss":0,"event_name":"Transmorgrifier","floor":8,"gold_loss":0,"cards_obtained":["Rupture"]},{"damage_healed":0,"gold_gain":0,"player_choice":"Fight","damage_taken":0,"max_hp_gain":0,"max_hp_loss":0,"event_name":"Colosseum","floor":19,"gold_loss":0},{"damage_healed":0,"gold_gain":0,"player_choice":"Fought Nobs","damage_taken":0,"max_hp_gain":0,"max_hp_loss":0,"event_name":"Colosseum","floor":19,"gold_loss":0},{"damage_healed":0,"gold_gain":0,"player_choice":"Upgrade","damage_taken":0,"max_hp_gain":0,"max_hp_loss":0,"event_name":"Designer","floor":20,"gold_loss":40,"cards_upgraded":["Barricade"]}],"is_beta":false,"boss_relics":[{"not_picked":["Pandora\u0027s Box","Calling Bell"],"picked":"Black Blood"}],"items_purged_floors":[],"is_endless":false,"potions_floor_spawned":[1,4,5,11,14,16,19,21],"killed_by":"Centurion and Healer","ascension_level":5}