{"gold_per_floor":[115,129,144,163,173,205,205,185,185,216,216,229,229,264,264,360,360,372,383,401,401,401,420,420],"floor_reached":24,"playtime":976,"items_purged":[],"score":330,"play_id":"b8be418d-4e49-48e2-827d-2ebd93a3e66d","local_time":"20190606055129","is_ascension_mode":true,"campfire_choices":[{"data":"Shockwave","floor":7,"key":"SMITH"},{"data":"Armaments","floor":11,"key":"SMITH"},{"data":"Burning Pact","floor":13,"key":"SMITH"},{"floor":15,"key":"REST"}],"neow_cost":"NONE","seed_source_timestamp":67128318512799,"circlet_count":0,"master_deck":["AscendersBane","Strike_R","Strike_R","Strike_R","Strike_R","Strike_R","Defend_R","Defend_R","Defend_R","Defend_R","Bash","Clothesline","Infernal Blade","Armaments+1","Power Through","Sever Soul","Shockwave+1","Corruption","Burning Pact+1","Exhume","Body Slam+1","Armaments+1","Evolve+1","Writhe","J.A.X.","Inflame+1"],"relics":["Burning Blood","NeowsBlessing","Shuriken","Mango","Turnip","Frozen Egg 2","Mark of Pain","Shovel"],"potions_floor_usage":[4,6,10,16,19,23,23],"damage_taken":[{"damage":0,"enemies":"Cultist","floor":1,"turns":1},{"damage":0,"enemies":"Small Slimes","floor":2,"turns":1},{"damage":0,"enemies":"Jaw Worm","floor":3,"turns":1},{"damage":18,"enemies":"Exordium Wildlife","floor":4,"turns":6},{"damage":16,"enemies":"Blue Slaver","floor":5,"turns":4},{"damage":25,"enemies":"3 Sentries","floor":6,"turns":8},{"damage":15,"enemies":"Gremlin Nob","floor":10,"turns":5},{"damage":8,"enemies":"Looter","floor":12,"turns":3},{"damage":10,"enemies":"3 Sentries","floor":14,"turns":5},{"damage":41,"enemies":"The Guardian","floor":16,"turns":12},{"damage":19,"enemies":"Shell Parasite","floor":18,"turns":5},{"damage":10,"enemies":"2 Thieves","floor":19,"turns":4},{"damage":24,"enemies":"Centurion and Healer","floor":20,"turns":8},{"damage":34,"enemies":"Snecko","floor":23,"turns":4},{"damage":39,"enemies":"Sentry and Sphere","floor":24,"turns":5}],"seed_played":"6612056913807980924","potions_obtained":[{"floor":1,"key":"Fire Potion"},{"floor":3,"key":"BloodPotion"},{"floor":5,"key":"PowerPotion"},{"floor":8,"key":"BloodPotion"},{"floor":14,"key":"SkillPotion"},{"floor":16,"key":"PowerPotion"},{"floor":18,"key":"Regen Potion"}],"is_trial":false,"path_per_floor":["M","M","M","M","M","E","R","?","T","E","R","M","R","E","R","B",null,"M","M","M","?","?","M","M"],"character_chosen":"IRONCLAD","items_purchased":[],"campfire_rested":1,"item_purchase_floors":[],"current_hp_per_floor":[78,80,80,68,58,39,39,39,53,53,53,51,51,47,75,40,81,68,73,55,55,55,32,0],"gold":420,"neow_bonus":"THREE_ENEMY_KILL","is_prod":false,"is_daily":false,"chose_seed":false,"campfire_upgraded":3,"win_rate":0,"timestamp":1559764289,"path_taken":["M","M","M","M","?","E","R","?","T","E","R","?","R","E","R","BOSS","M","M","M","?","?","M","M"],"build_version":"2019-01-23","purchased_purges":0,"victory":false,"max_hp_per_floor":[80,80,80,80,80,80,80,80,94,94,94,94,94,94,94,94,94,94,94,94,94,94,94,94],"card_choices":[{"not_picked":["Infernal Blade","Shrug It Off"],"picked":"Clothesline","floor":1},{"not_picked":["Twin Strike","Headbutt"],"picked":"Infernal Blade","floor":2},{"not_picked":["Flex","Sword Boomerang"],"picked":"Armaments","floor":3},{"not_picked":["Clash","Havoc"],"picked":"Power Through","floor":4},{"not_picked":["Dropkick","Anger"],"picked":"Sever Soul","floor":5},{"not_picked":["Thunderclap","Carnage"],"picked":"Shockwave","floor":6},{"not_picked":["Havoc","Anger"],"picked":"Corruption","floor":10},{"not_picked":["Dual Wield","Berserk"],"picked":"Burning Pact","floor":12},{"not_picked":["Second Wind","Sword Boomerang","Armaments"],"picked":"SKIP","floor":14},{"not_picked":["Limit Break","Berserk+1"],"picked":"Exhume","floor":16},{"not_picked":["Sword Boomerang","Flame Barrier"],"picked":"Body Slam+1","floor":18},{"not_picked":["True Grit","Twin Strike"],"picked":"Armaments+1","floor":19},{"not_picked":["Dual Wield+1","Thunderclap"],"picked":"Evolve+1","floor":20},{"not_picked":["Body Slam","Fire Breathing+1"],"picked":"Inflame+1","floor":23}],"player_experience":819660,"relics_obtained":[{"floor":6,"key":"Shuriken"},{"floor":9,"key":"Mango"},{"floor":10,"key":"Turnip"},{"floor":14,"key":"Frozen Egg 2"}],"event_choices":[{"damage_healed":0,"gold_gain":0,"player_choice":"Bought 1 Potion","damage_taken":0,"max_hp_gain":0,"max_hp_loss":0,"event_name":"The Woman in Blue","floor":8,"gold_loss":0},{"damage_healed":0,"gold_gain":0,"player_choice":"Opened","damage_taken":0,"relics_obtained":["Shovel"],"max_hp_gain":0,"max_hp_loss":0,"event_name":"The Mausoleum","floor":21,"gold_loss":0,"cards_obtained":["Writhe"]},{"damage_healed":0,"gold_gain":0,"player_choice":"Obtain J.A.X.","damage_taken":0,"max_hp_gain":0,"max_hp_loss":0,"event_name":"Drug Dealer","floor":22,"gold_loss":0,"cards_obtained":["J.A.X."]}],"is_beta":false,"boss_relics":[{"not_picked":["Black Star","Runic Dome"],"picked":"Mark of Pain"}],"items_purged_floors":[],"is_endless":false,"potions_floor_spawned":[1,3,5,14,16,18],"killed_by":"Sentry and Sphere","ascension_level":10}