{"gold_per_floor":[109,109,109,136,25,25,25,40,40,71,86,104,124,157,157,228,278,293,243,214,26,42,42,71,71,71,16,16],"floor_reached":28,"playtime":1319,"items_purged":["Strike_G","Strike_G"],"score":515,"play_id":"5c7c1f1a-8df7-423e-b158-ac6862834de3","local_time":"20181228182440","is_ascension_mode":true,"campfire_choices":[{"data":"Noxious Fumes","floor":6.0,"key":"SMITH"},{"data":"Caltrops","floor":15.0,"key":"SMITH"},{"floor":23,"key":"REST"},{"data":"Footwork","floor":25,"key":"SMITH"}],"neow_cost":"NONE","seed_source_timestamp":665642489443657,"circlet_count":0,"master_deck":["AscendersBane","Defend_G","Defend_G","Defend_G","Defend_G+1","Defend_G","Strike_G","Strike_G+1","Survivor+1","Neutralize+1","Well Laid Plans","Noxious Fumes+1","Caltrops+1","Backstab","Poisoned Stab","Bouncing Flask","Deflect","Backflip+1","Dagger Spray","Footwork+1"],"special_seed":0,"relics":["Ring of the Snake","NeowsBlessing","Art of War","Paper Crane","Matryoshka","Pear","Tiny House","Question Card","Mummified Hand","Gambling Chip"],"potions_floor_usage":[16,20,22,24,28],"damage_taken":[{"damage":0.0,"enemies":"Small Slimes","floor":1.0,"turns":1.0},{"damage":0.0,"enemies":"2 Louse","floor":8.0,"turns":1.0},{"damage":0.0,"enemies":"3 Sentries","floor":10.0,"turns":2.0},{"damage":0.0,"enemies":"Jaw Worm","floor":11.0,"turns":4.0},{"damage":0.0,"enemies":"2 Fungi Beasts","floor":12.0,"turns":4.0},{"damage":4.0,"enemies":"Gremlin Gang","floor":13.0,"turns":3.0},{"damage":21.0,"enemies":"Gremlin Nob","floor":14.0,"turns":4.0},{"damage":4,"enemies":"The Guardian","floor":16,"turns":8},{"damage":21,"enemies":"Spheric Guardian","floor":18,"turns":7},{"damage":14,"enemies":"2 Thieves","floor":20,"turns":4},{"damage":8,"enemies":"Centurion and Healer","floor":22,"turns":8},{"damage":13,"enemies":"Gremlin Leader","floor":24,"turns":8},{"damage":48,"enemies":"Slavers","floor":28,"turns":4}],"seed_played":"-4552675897207453978","potions_obtained":[{"floor":8.0,"key":"FearPotion"},{"floor":10.0,"key":"SkillPotion"},{"floor":12.0,"key":"AttackPotion"},{"floor":17,"key":"SteroidPotion"},{"floor":18,"key":"SneckoOil"},{"floor":20,"key":"AttackPotion"}],"is_trial":false,"path_per_floor":["M","?","?","T","$","R","?","M","T","E","M","M","M","E","R","B",null,"M","?","M","$","M","R","E","R","T","$","E"],"character_chosen":"THE_SILENT","items_purchased":["Noxious Fumes","Footwork","AttackPotion"],"campfire_rested":1,"item_purchase_floors":[5,21,27],"current_hp_per_floor":[59,59,39,39,39,39,39,39,39,39,39,39,35,24,24,20,67,46,46,32,32,24,48,35,35,35,35,0],"gold":16,"neow_bonus":"THREE_ENEMY_KILL","is_prod":false,"is_daily":false,"chose_seed":false,"campfire_upgraded":3,"win_rate":0,"timestamp":1546039480,"path_taken":["M","?","?","?","$","R","?","M","T","E","M","?","M","E","R","BOSS","M","?","M","$","M","R","E","R","T","$","E"],"build_version":"2018-12-20","purchased_purges":2,"victory":false,"max_hp_per_floor":[66,66,66,66,66,66,66,66,66,66,66,66,66,76,76,76,81,81,81,81,81,81,81,81,81,81,81,81],"card_choices":[{"not_picked":["Poisoned Stab","Blur"],"picked":"Well Laid Plans","floor":1.0},{"not_picked":["Noxious Fumes","Quick Slash"],"picked":"Caltrops","floor":8.0},{"not_picked":["Quick Slash","Blade Dance"],"picked":"Backstab","floor":10.0},{"not_picked":["Caltrops","Masterful Stab"],"picked":"Poisoned Stab","floor":11.0},{"not_picked":["Accuracy","Riddle With Holes","Dagger Throw"],"picked":"SKIP","floor":12.0},{"not_picked":["Quick Slash","Escape Plan"],"picked":"Bouncing Flask","floor":13.0},{"not_picked":["Masterful Stab","Quick Slash","Glass Knife"],"picked":"SKIP","floor":14.0},{"not_picked":["Riddle With Holes","Deadly Poison"],"picked":"Deflect","floor":17},{"not_picked":["Backstab","Cloak And Dagger"],"picked":"Backflip+1","floor":18},{"not_picked":["Deflect","Blade Dance"],"picked":"Dagger Spray","floor":20},{"not_picked":["Quick Slash","PiercingWail","Reflex"],"picked":"SKIP","floor":22},{"not_picked":["Quick Slash","Poisoned Stab","Accuracy"],"picked":"SKIP","floor":24}],"player_experience":1064046,"relics_obtained":[{"floor":4.0,"key":"Art of War"},{"floor":9.0,"key":"Paper Crane"},{"floor":10.0,"key":"Matryoshka"},{"floor":14.0,"key":"Pear"},{"floor":24,"key":"Question Card"},{"floor":26,"key":"Mummified Hand"},{"floor":26,"key":"Gambling Chip"}],"event_choices":[{"damage_healed":0.0,"max_hp_gain":0.0,"max_hp_loss":0.0,"gold_gain":0.0,"event_name":"Living Wall","player_choice":"Grow","floor":2.0,"gold_loss":0.0,"damage_taken":0.0,"cards_upgraded":["Neutralize"]},{"damage_healed":0.0,"max_hp_gain":0.0,"max_hp_loss":0.0,"gold_gain":0.0,"event_name":"Shining Light","player_choice":"Entered Light","floor":3.0,"gold_loss":0.0,"damage_taken":20.0,"cards_upgraded":["Strike_G","Defend_G"]},{"cards_removed":["Strike_G"],"damage_healed":0.0,"max_hp_gain":0.0,"max_hp_loss":0.0,"gold_gain":0.0,"event_name":"Bonfire Elementals","player_choice":"Offered Basic","floor":7.0,"gold_loss":0.0,"damage_taken":0.0},{"damage_healed":0,"gold_gain":0,"player_choice":"Bet on Murderer","damage_taken":0,"max_hp_gain":0,"max_hp_loss":0,"event_name":"The Joust","floor":19,"gold_loss":50}],"is_beta":false,"boss_relics":[{"not_picked":["WristBlade","Runic Dome"],"picked":"Tiny House"}],"items_purged_floors":[5,21],"is_endless":false,"potions_floor_spawned":[8,10,11,12,18,20],"killed_by":"Slavers","ascension_level":18}