{"gold_per_floor":[119,136,152,168,180,15,190,190,217,217,228,228,228,239,239,239],"floor_reached":16,"playtime":662,"items_purged":[],"score":94,"play_id":"d1d74151-6005-45fc-a979-ac1f9952bd28","local_time":"20190327195234","is_ascension_mode":false,"campfire_choices":[{"data":"Exhume","floor":8,"key":"SMITH"},{"data":"Body Slam","floor":10,"key":"SMITH"},{"data":"Bash","floor":12,"key":"SMITH"},{"floor":15,"key":"REST"}],"neow_cost":"CURSE","seed_source_timestamp":33471462990141,"circlet_count":0,"master_deck":["Strike_R","Strike_R","Strike_R","Defend_R","Defend_R","Defend_R","Defend_R","Bash+1","Body Slam+1","Reckless Charge","Sentinel","Anger","Rage","Anger","Ghostly Armor","Exhume+1","Bandage Up","Doubt","Sever Soul","Wild Strike"],"relics":["Burning Blood"],"potions_floor_usage":[16,16,16],"damage_taken":[{"damage":13,"enemies":"Jaw Worm","floor":1,"turns":4},{"damage":10,"enemies":"Small Slimes","floor":2,"turns":7},{"damage":1,"enemies":"2 Louse","floor":3,"turns":3},{"damage":13,"enemies":"Blue Slaver","floor":4,"turns":5},{"damage":6,"enemies":"Looter","floor":5,"turns":3},{"damage":21,"enemies":"2 Fungi Beasts","floor":11,"turns":6},{"damage":0,"enemies":"Lots of Slimes","floor":14,"turns":4},{"damage":86,"enemies":"The Guardian","floor":16,"turns":13}],"seed_played":"-2608391825295531605","potions_obtained":[{"floor":1,"key":"Dexterity Potion"},{"floor":2,"key":"GamblersBrew"},{"floor":3,"key":"GamblersBrew"}],"is_trial":false,"path_per_floor":["M","M","M","M","M","$","?","R","T","R","M","R","?","M","R","B"],"character_chosen":"IRONCLAD","items_purchased":["Exhume","Bandage Up"],"campfire_rested":1,"item_purchase_floors":[6,6],"current_hp_per_floor":[73,69,74,67,67,67,67,67,67,67,56,56,49,59,80,0],"gold":239,"neow_bonus":"TRANSFORM_TWO_CARDS","is_prod":false,"is_daily":false,"chose_seed":false,"campfire_upgraded":3,"win_rate":0,"timestamp":1553680354,"path_taken":["M","M","M","M","M","$","?","R","T","R","M","R","?","M","R","BOSS"],"build_version":"2019-01-23","purchased_purges":0,"victory":false,"max_hp_per_floor":[80,80,80,80,80,80,80,80,80,80,80,80,80,80,80,80],"card_choices":[{"not_picked":["True Grit","Rampage"],"picked":"Sentinel","floor":1},{"not_picked":["Intimidate","Hemokinesis"],"picked":"Anger","floor":2},{"not_picked":["Body Slam","Perfected Strike"],"picked":"Rage","floor":3},{"not_picked":["Warcry","Rupture"],"picked":"Anger","floor":4},{"not_picked":["Headbutt","Twin Strike"],"picked":"Ghostly Armor","floor":5},{"not_picked":["Clash","Shrug It Off"],"picked":"Sever Soul","floor":11},{"not_picked":["Cleave","Dropkick"],"picked":"Wild Strike","floor":14}],"player_experience":207661,"relics_obtained":[],"event_choices":[{"damage_healed":0,"gold_gain":175,"player_choice":"AGREE","damage_taken":0,"max_hp_gain":0,"max_hp_loss":0,"event_name":"Liars Game","floor":7,"gold_loss":0,"cards_obtained":["Doubt"]},{"cards_removed":["Regret"],"damage_healed":0,"gold_gain":0,"player_choice":"Card Removal","damage_taken":7,"max_hp_gain":0,"max_hp_loss":0,"event_name":"Golden Wing","floor":13,"gold_loss":0}],"is_beta":false,"boss_relics":[],"items_purged_floors":[],"is_endless":false,"potions_floor_spawned":[1,2,3],"killed_by":"The Guardian","ascension_level":0}