{"gold_per_floor":[115,115,128,203,55,94,94,115,160,160,199,224,238,278,278,377,377,390,390,65,65,83,83,106,149,149,149,173,173,211,261,261,356,356,372,9,22,36,60,60,98,7,7,46,46,46,46,60,60,60,60,60,12,55,55],"floor_reached":55,"playtime":4671,"items_purged":["Strike_G","Strike_G","Strike_G"],"score":1598,"play_id":"bf38d270-2f4e-4130-9415-e6534ecbb029","local_time":"20181224142051","is_ascension_mode":true,"campfire_choices":[{"data":"Bane","floor":7.0,"key":"SMITH"},{"floor":10.0,"key":"REST"},{"data":"Deadly Poison","floor":15.0,"key":"SMITH"},{"data":"Adrenaline","floor":23.0,"key":"SMITH"},{"data":"Crippling Poison","floor":27.0,"key":"SMITH"},{"data":"Ghostly","floor":29.0,"key":"SMITH"},{"data":"Ghostly","floor":32.0,"key":"SMITH"},{"floor":40.0,"key":"RECALL"},{"data":"Ghostly","floor":45.0,"key":"SMITH"},{"data":"Neutralize","floor":47.0,"key":"SMITH"},{"data":"PiercingWail","floor":49.0,"key":"SMITH"},{"data":"Blur","floor":52.0,"key":"SMITH"}],"neow_cost":"NONE","seed_source_timestamp":301992630277260,"circlet_count":0,"master_deck":["AscendersBane","Defend_G","Defend_G","Defend_G","Defend_G","Defend_G","Strike_G","Strike_G","Survivor","Neutralize+1","Corpse Explosion","Sucker Punch","Bane+1","Crippling Poison+1","Deadly Poison+1","Escape Plan","Glass Knife","Deflect","PiercingWail+1","Adrenaline+1","Ghostly+1","Ghostly+1","Ghostly+1","Quick Slash+1","Die Die Die","Deadly Poison+1","Flechettes+1","Heel Hook+1","Finesse","Purity","Blur+1","Blur"],"special_seed":0,"relics":["Ring of the Snake","Golden Idol","Snake Skull","Dream Catcher","Bag of Marbles","Oddly Smooth Stone","Coffee Dripper","Nilry\u0027s Codex","Happy Flower","Shuriken","Ninja Scroll","Torii","Philosopher\u0027s Stone","Kunai","Dead Branch","Lantern","Bronze Scales"],"potions_floor_usage":[55],"damage_taken":[{"damage":0.0,"enemies":"Small Slimes","floor":1.0,"turns":3.0},{"damage":0.0,"enemies":"2 Louse","floor":3.0,"turns":2.0},{"damage":14.0,"enemies":"3 Sentries","floor":6.0,"turns":3.0},{"damage":1.0,"enemies":"Jaw Worm","floor":8.0,"turns":4.0},{"damage":13.0,"enemies":"Lagavulin","floor":11.0,"turns":6.0},{"damage":0.0,"enemies":"Exordium Wildlife","floor":12.0,"turns":3.0},{"damage":3.0,"enemies":"Gremlin Gang","floor":13.0,"turns":3.0},{"damage":3.0,"enemies":"3 Sentries","floor":14.0,"turns":2.0},{"damage":3.0,"enemies":"The Guardian","floor":16.0,"turns":9.0},{"damage":0.0,"enemies":"2 Thieves","floor":18.0,"turns":3.0},{"damage":0.0,"enemies":"Shell Parasite","floor":22.0,"turns":5.0},{"damage":0.0,"enemies":"Snake Plant","floor":24.0,"turns":4.0},{"damage":0.0,"enemies":"Gremlin Leader","floor":25.0,"turns":6.0},{"damage":0.0,"enemies":"Snecko","floor":28.0,"turns":4.0},{"damage":0.0,"enemies":"Slavers","floor":30.0,"turns":3.0},{"damage":15.0,"enemies":"Automaton","floor":33.0,"turns":9.0},{"damage":0.0,"enemies":"3 Shapes","floor":35.0,"turns":1.0},{"damage":0.0,"enemies":"Orb Walker","floor":37.0,"turns":2.0},{"damage":0.0,"enemies":"4 Shapes","floor":38.0,"turns":2.0},{"damage":2.0,"enemies":"Sphere and 2 Shapes","floor":39.0,"turns":3.0},{"damage":0.0,"enemies":"Giant Head","floor":41.0,"turns":6.0},{"damage":7.0,"enemies":"Nemesis","floor":44.0,"turns":7.0},{"damage":10.0,"enemies":"3 Darklings","floor":48.0,"turns":4.0},{"damage":0.0,"enemies":"Donu and Deca","floor":50.0,"turns":6.0},{"damage":8.0,"enemies":"Shield and Spear","floor":54.0,"turns":4.0},{"damage":16,"enemies":"The Heart","floor":55,"turns":3}],"seed_played":"-6278836804450655449","potions_obtained":[{"floor":6.0,"key":"SmokeBomb"},{"floor":8.0,"key":"AttackPotion"},{"floor":13.0,"key":"GhostInAJar"},{"floor":14.0,"key":"PowerPotion"},{"floor":24.0,"key":"Swift Potion"},{"floor":25.0,"key":"SkillPotion"},{"floor":38.0,"key":"Weak Potion"},{"floor":41.0,"key":"SpeedPotion"},{"floor":48.0,"key":"Swift Potion"}],"is_trial":false,"path_per_floor":["M","?","M","?","$","E","R","M","T","R","E","M","M","E","R","B",null,"M","?","$","?","M","R","M","E","T","R","M","R","E","?","R","B",null,"M","$","M","M","M","R","E","$","T","E","R","?","R","M","R","B",null,"R","$","E","B"],"character_chosen":"THE_SILENT","items_purchased":["GhostInAJar","Happy Flower","GhostInAJar","Kunai","Finesse","Poison Potion"],"campfire_rested":1,"item_purchase_floors":[5,20,20,36,42,53],"current_hp_per_floor":[59,59,59,48,48,34,34,33,33,51,38,38,35,32,32,29,52,52,31,31,30,30,30,30,30,30,30,30,30,30,30,30,15,26,26,26,26,26,24,24,24,24,24,17,17,17,17,7,7,7,24,24,24,16,0],"gold":55,"neow_bonus":"ONE_RANDOM_RARE_CARD","is_prod":false,"is_daily":false,"chose_seed":false,"campfire_upgraded":10,"win_rate":0,"timestamp":1545679251,"path_taken":["M","?","M","?","$","E","R","M","T","R","E","M","M","E","R","BOSS","M","?","$","?","M","R","M","E","T","R","?","R","E","?","R","BOSS","M","$","M","M","?","R","E","$","T","E","R","?","R","M","R","BOSS","R","$","E","BOSS"],"build_version":"2018-12-20","purchased_purges":3,"victory":false,"max_hp_per_floor":[66,60,60,60,60,60,60,60,60,60,60,60,60,60,60,60,60,60,60,60,30,30,30,30,30,30,30,30,30,30,30,30,30,30,30,30,30,30,30,30,30,30,30,30,30,30,30,30,30,30,30,30,30,30,30],"card_choices":[{"not_picked":["Underhanded Strike","Dodge and Roll"],"picked":"Sucker Punch","floor":1.0},{"not_picked":["Well Laid Plans","Endless Agony"],"picked":"Bane","floor":3.0},{"not_picked":["Dash","Blade Dance"],"picked":"Crippling Poison","floor":6.0},{"not_picked":["Deflect","Choke","Infinite Blades"],"picked":"SKIP","floor":8.0},{"not_picked":["Bane","Sucker Punch"],"picked":"Deadly Poison","floor":10.0},{"not_picked":["Sucker Punch","Blade Dance"],"picked":"Escape Plan","floor":11.0},{"not_picked":["Slice","Riddle With Holes"],"picked":"Glass Knife","floor":12.0},{"not_picked":["Deadly Poison","Outmaneuver"],"picked":"Deflect","floor":13.0},{"not_picked":["Dagger Throw","Cloak And Dagger"],"picked":"PiercingWail","floor":14.0},{"not_picked":["Tools of the Trade","Malaise"],"picked":"Adrenaline","floor":16.0},{"not_picked":["Deadly Poison","Bouncing Flask","Predator"],"picked":"SKIP","floor":18.0},{"not_picked":["Acrobatics","Blade Dance","Distraction"],"picked":"SKIP","floor":22.0},{"not_picked":["Prepared","Flechettes","Underhanded Strike"],"picked":"SKIP","floor":24.0},{"not_picked":["Bouncing Flask","Night Terror","Blade Dance"],"picked":"SKIP","floor":25.0},{"not_picked":["Finisher","Deflect"],"picked":"Quick Slash+1","floor":28.0},{"not_picked":["A Thousand Cuts","Slice","Distraction"],"picked":"SKIP","floor":30.0},{"not_picked":["Phantasmal Killer","Bullet Time"],"picked":"Die Die Die","floor":33.0},{"not_picked":["Cloak And Dagger","Poisoned Stab"],"picked":"Deadly Poison+1","floor":35.0},{"not_picked":["Sucker Punch","Underhanded Strike"],"picked":"Flechettes+1","floor":37.0},{"not_picked":["Sucker Punch","Concentrate"],"picked":"Heel Hook+1","floor":38.0},{"not_picked":["Prepared","Underhanded Strike+1","Dagger Spray"],"picked":"SKIP","floor":39.0},{"not_picked":["Prepared","Dagger Spray","Well Laid Plans"],"picked":"SKIP","floor":41.0},{"not_picked":["Backstab+1","Prepared","Predator"],"picked":"SKIP","floor":44.0},{"not_picked":["Jack Of All Trades","Discovery"],"picked":"Purity","floor":46.0},{"not_picked":["Masterful Stab","Eviscerate"],"picked":"Blur","floor":48.0},{"not_picked":["Prepared","Leg Sweep"],"picked":"Blur","floor":54.0}],"player_experience":963397,"relics_obtained":[{"floor":6.0,"key":"Snake Skull"},{"floor":9.0,"key":"Dream Catcher"},{"floor":11.0,"key":"Bag of Marbles"},{"floor":14.0,"key":"Oddly Smooth Stone"},{"floor":19.0,"key":"Nilry\u0027s Codex"},{"floor":25.0,"key":"Shuriken"},{"floor":26.0,"key":"Ninja Scroll"},{"floor":30.0,"key":"Torii"},{"floor":41.0,"key":"Dead Branch"},{"floor":44.0,"key":"Lantern"},{"floor":54.0,"key":"Bronze Scales"}],"event_choices":[{"damage_healed":0.0,"max_hp_gain":0.0,"max_hp_loss":6.0,"gold_gain":0.0,"event_name":"Golden Idol","player_choice":"Lose Max HP","floor":2.0,"gold_loss":0.0,"damage_taken":0.0,"relics_obtained":["Golden Idol"]},{"damage_healed":0.0,"max_hp_gain":0.0,"max_hp_loss":0.0,"gold_gain":75.0,"event_name":"World of Goop","player_choice":"Gather Gold","floor":4.0,"gold_loss":0.0,"damage_taken":11.0},{"damage_healed":0.0,"max_hp_gain":0.0,"max_hp_loss":0.0,"gold_gain":0.0,"event_name":"Cursed Tome","player_choice":"Obtained Book","floor":19.0,"gold_loss":0.0,"damage_taken":21.0},{"damage_healed":0.0,"max_hp_gain":0.0,"max_hp_loss":30.0,"gold_gain":0.0,"event_name":"Ghosts","player_choice":"Became a Ghost","floor":21.0,"gold_loss":0.0,"damage_taken":0.0,"cards_obtained":["Ghostly","Ghostly","Ghostly"]},{"damage_healed":0.0,"max_hp_gain":0.0,"max_hp_loss":0.0,"gold_gain":50.0,"event_name":"Golden Shrine","player_choice":"Pray","floor":31.0,"gold_loss":0.0,"damage_taken":0.0},{"damage_healed":0.0,"max_hp_gain":0.0,"max_hp_loss":0.0,"gold_gain":0.0,"event_name":"SensoryStone","player_choice":"Memory 1","floor":46.0,"gold_loss":0.0,"damage_taken":0.0}],"is_beta":false,"boss_relics":[{"not_picked":["HoveringKite","White Beast Statue"],"picked":"Coffee Dripper"},{"not_picked":["Runic Pyramid","Sozu"],"picked":"Philosopher\u0027s Stone"}],"items_purged_floors":[5,20,36],"is_endless":false,"potions_floor_spawned":[6,8,13,14,24,25,38,41,48],"killed_by":"The Heart","ascension_level":15}