{"gold_per_floor":[118,43,57,76,94,94,123,123,123,143,175,191,466,478,478,578,578,590,8,18,18,18,47,47,47,47,47,47,47,47,61,61,61],"floor_reached":33,"playtime":1417,"items_purged":["Strike_R","Decay"],"score":273,"play_id":"f101707c-15bf-4442-86e3-a86b15179e8a","local_time":"20190418151120","is_ascension_mode":false,"campfire_choices":[{"data":"Body Slam","floor":6,"key":"SMITH"},{"data":"Bash","floor":8,"key":"SMITH"},{"floor":15,"key":"REST"},{"floor":25,"key":"REST"},{"floor":27,"key":"REST"},{"floor":30,"key":"REST"},{"floor":32,"key":"REST"}],"neow_cost":"PERCENT_DAMAGE","seed_source_timestamp":10763735597948,"circlet_count":0,"master_deck":["Strike_R","Strike_R","Defend_R","Defend_R","Defend_R","Defend_R","Bash+1","Burning Pact","Pummel","Wild Strike","Shrug It Off","Iron Wave","Body Slam+1","Shockwave","Seeing Red","Metallicize","Power Through","Cleave","Impervious","Infernal Blade+1","Thunderclap+1","Armaments+1"],"relics":["Burning Blood","Art of War","Singing Bowl","Odd Mushroom","StoneCalendar","Calling Bell","Juzu Bracelet","Matryoshka","Ice Cream","Toxic Egg 2","Frozen Egg 2","PreservedInsect","Meat on the Bone","Gremlin Horn"],"potions_floor_usage":[5,5,12,18,31,33],"damage_taken":[{"damage":1,"enemies":"Cultist","floor":1,"turns":3},{"damage":4,"enemies":"2 Louse","floor":3,"turns":2},{"damage":2,"enemies":"Small Slimes","floor":4,"turns":4},{"damage":1,"enemies":"Gremlin Gang","floor":5,"turns":5},{"damage":17,"enemies":"Gremlin Nob","floor":7,"turns":4},{"damage":17,"enemies":"The Mushroom Lair","floor":10,"turns":7},{"damage":39,"enemies":"Lagavulin","floor":11,"turns":6},{"damage":0,"enemies":"2 Fungi Beasts","floor":12,"turns":5},{"damage":4,"enemies":"Lots of Slimes","floor":14,"turns":6},{"damage":34,"enemies":"Slime Boss","floor":16,"turns":7},{"damage":24,"enemies":"2 Thieves","floor":18,"turns":4},{"damage":31,"enemies":"Spheric Guardian","floor":20,"turns":7},{"damage":36,"enemies":"Slavers","floor":23,"turns":7},{"damage":23,"enemies":"Snake Plant","floor":31,"turns":7},{"damage":91,"enemies":"Collector","floor":33,"turns":11}],"seed_played":"-6776087916537494079","potions_obtained":[{"floor":1,"key":"SteroidPotion"},{"floor":3,"key":"FearPotion"},{"floor":11,"key":"Regen Potion"},{"floor":16,"key":"FearPotion"},{"floor":23,"key":"SpeedPotion"},{"floor":31,"key":"Swift Potion"}],"is_trial":false,"path_per_floor":["M","$","M","M","M","R","E","R","T","?","E","M","?","M","R","B",null,"M","$","M","?","$","E","?","R","T","R","?","?","R","M","R","B"],"character_chosen":"IRONCLAD","items_purchased":["Toxic Egg 2","Frozen Egg 2"],"campfire_rested":5,"item_purchase_floors":[19,19],"current_hp_per_floor":[61,61,63,67,72,72,61,61,61,50,17,37,37,39,63,35,80,62,62,39,39,39,9,9,33,33,57,57,49,73,56,80,0],"gold":61,"neow_bonus":"TRANSFORM_TWO_CARDS","is_prod":false,"is_daily":false,"chose_seed":false,"campfire_upgraded":2,"win_rate":0,"timestamp":1555564280,"path_taken":["M","?","M","M","M","R","E","R","T","?","E","M","?","M","R","BOSS","M","$","M","?","$","E","?","R","T","R","?","?","R","M","R","BOSS"],"build_version":"2019-01-23","purchased_purges":2,"victory":false,"max_hp_per_floor":[80,80,80,80,80,80,80,80,80,80,80,80,80,80,80,80,80,80,80,82,82,82,82,82,82,82,82,82,82,82,82,82,82],"card_choices":[{"not_picked":["Hemokinesis","Perfected Strike"],"picked":"Wild Strike","floor":1},{"not_picked":["Warcry","Fire Breathing"],"picked":"Shrug It Off","floor":3},{"not_picked":["Warcry","Thunderclap"],"picked":"Iron Wave","floor":4},{"not_picked":["Juggernaut","Headbutt"],"picked":"Body Slam","floor":5},{"not_picked":["Bloodletting","Fire Breathing"],"picked":"Shockwave","floor":7},{"not_picked":["Battle Trance","Flame Barrier"],"picked":"Seeing Red","floor":10},{"not_picked":["Perfected Strike","Infernal Blade"],"picked":"Metallicize","floor":11},{"not_picked":["Anger","Pommel Strike"],"picked":"Power Through","floor":12},{"not_picked":["Body Slam","Burning Pact"],"picked":"Cleave","floor":14},{"not_picked":["Reaper","Double Tap"],"picked":"Impervious","floor":16},{"not_picked":["Burning Pact","Anger+1"],"picked":"Infernal Blade+1","floor":18},{"not_picked":["Sword Boomerang","Warcry+1","Cleave"],"picked":"Singing Bowl","floor":20},{"not_picked":["Rupture+1","Clothesline"],"picked":"Thunderclap+1","floor":23},{"not_picked":["Body Slam","Carnage"],"picked":"Armaments+1","floor":31}],"player_experience":330103,"relics_obtained":[{"floor":7,"key":"Art of War"},{"floor":9,"key":"Singing Bowl"},{"floor":10,"key":"Odd Mushroom"},{"floor":11,"key":"StoneCalendar"},{"floor":17,"key":"Juzu Bracelet"},{"floor":17,"key":"Matryoshka"},{"floor":17,"key":"Ice Cream"},{"floor":23,"key":"PreservedInsect"},{"floor":26,"key":"Meat on the Bone"},{"floor":26,"key":"Gremlin Horn"}],"event_choices":[{"damage_healed":0,"gold_gain":0,"player_choice":"Fought Mushrooms","damage_taken":0,"max_hp_gain":0,"max_hp_loss":0,"event_name":"Mushrooms","floor":10,"gold_loss":0},{"damage_healed":0,"gold_gain":275,"player_choice":"Desecrate","damage_taken":0,"max_hp_gain":0,"max_hp_loss":0,"event_name":"Golden Shrine","floor":13,"gold_loss":0,"cards_obtained":["Regret"]},{"damage_healed":0,"gold_gain":0,"player_choice":"Smashed Altar","damage_taken":0,"max_hp_gain":0,"max_hp_loss":0,"event_name":"Forgotten Altar","floor":21,"gold_loss":0,"cards_obtained":["Decay"]},{"damage_healed":0,"gold_gain":0,"cards_transformed":["Regret"],"player_choice":"Transformed","damage_taken":0,"max_hp_gain":0,"max_hp_loss":0,"event_name":"Transmorgrifier","floor":24,"gold_loss":0,"cards_obtained":["Normality"]},{"cards_removed":["Normality","Decay","Injury","Writhe"],"damage_healed":0,"gold_gain":0,"player_choice":"Removed Curses","damage_taken":0,"max_hp_gain":0,"max_hp_loss":0,"event_name":"Fountain of Cleansing","floor":28,"gold_loss":0},{"damage_healed":0,"gold_gain":0,"player_choice":"","damage_taken":8,"max_hp_gain":0,"max_hp_loss":0,"event_name":"Knowing Skull","floor":29,"potions_obtained":[],"gold_loss":0,"cards_obtained":[]}],"is_beta":false,"boss_relics":[{"not_picked":["Astrolabe","Ectoplasm"],"picked":"Calling Bell"}],"items_purged_floors":[2,19],"is_endless":false,"potions_floor_spawned":[1,3,11,16,23,31],"killed_by":"Collector","ascension_level":0}