{"gold_per_floor":[113,127,147,5,16,50,50,81,81,99,99,249,265,289,289,368,418,429,429,93,93,112,112,143,153,153,153],"floor_reached":27,"playtime":1935,"items_purged":["Shame"],"score":536,"play_id":"fbf4b36e-6227-43df-b803-81cdbfad978f","local_time":"20190104114121","is_ascension_mode":true,"campfire_choices":[{"floor":7.0,"key":"DIG"},{"floor":15.0,"key":"REST"},{"floor":23.0,"key":"REST"}],"neow_cost":"PERCENT_DAMAGE","seed_source_timestamp":813662687662348,"circlet_count":0,"master_deck":["AscendersBane","Defend_G","Defend_G","Defend_G","Defend_G+1","Defend_G","Strike_G","Strike_G","Strike_G+1","Strike_G","Strike_G","Survivor","Neutralize","Blade Dance","Dash","Sucker Punch+1","Well Laid Plans","Dagger Throw","Deadly Poison","Dodge and Roll","PiercingWail","Outmaneuver","Doubt","Acrobatics","Deflect","Adrenaline","Blur","Sucker Punch+1","Mind Blast","Bouncing Flask","Calculated Gamble","Skewer","Blur"],"special_seed":0,"relics":["Ring of the Snake","Ginger","Shovel","Strawberry","Prayer Wheel","Mercury Hourglass","Whetstone","Tiny House","Omamori","Ancient Tea Set","Anchor"],"potions_floor_usage":[24,24,25],"damage_taken":[{"damage":1.0,"enemies":"Cultist","floor":1.0,"turns":5.0},{"damage":2.0,"enemies":"2 Louse","floor":2.0,"turns":3.0},{"damage":2.0,"enemies":"Jaw Worm","floor":3.0,"turns":5.0},{"damage":2.0,"enemies":"3 Louse","floor":5.0,"turns":4.0},{"damage":0.0,"enemies":"Gremlin Nob","floor":6.0,"turns":3.0},{"damage":29.0,"enemies":"Lagavulin","floor":8.0,"turns":6.0},{"damage":0.0,"enemies":"2 Fungi Beasts","floor":10.0,"turns":3.0},{"damage":0.0,"enemies":"Exordium Wildlife","floor":13.0,"turns":4.0},{"damage":34.0,"enemies":"The Guardian","floor":16.0,"turns":14.0},{"damage":23.0,"enemies":"Shell Parasite","floor":18.0,"turns":10.0},{"damage":14.0,"enemies":"2 Thieves","floor":22.0,"turns":5.0},{"damage":17,"enemies":"Gremlin Leader","floor":24,"turns":7},{"damage":4,"enemies":"Snecko","floor":25,"turns":6},{"damage":25,"enemies":"Slavers","floor":27,"turns":3}],"seed_played":"-7269157577338379544","potions_obtained":[{"floor":2.0,"key":"AttackPotion"},{"floor":8.0,"key":"Poison Potion"},{"floor":10.0,"key":"Swift Potion"},{"floor":13.0,"key":"Block Potion"},{"floor":16.0,"key":"Explosive Potion"},{"floor":17.0,"key":"Weak Potion"},{"floor":18.0,"key":"FearPotion"},{"floor":22.0,"key":"Fire Potion"},{"floor":24,"key":"Block Potion"}],"is_trial":false,"path_per_floor":["M","M","M","$","M","E","R","E","T","M","?","?","M","T","R","B",null,"M","?","$","?","M","R","E","M","T","E"],"character_chosen":"THE_SILENT","items_purchased":["Well Laid Plans","FearPotion","Mind Blast","Ancient Tea Set"],"campfire_rested":2,"item_purchase_floors":[4,4,20,20],"current_hp_per_floor":[43,41,39,39,37,37,44,15,15,15,15,15,15,15,36,2,60,37,37,37,37,23,46,29,25,25,0],"gold":153,"neow_bonus":"ONE_RARE_RELIC","is_prod":false,"is_daily":false,"chose_seed":false,"campfire_upgraded":0,"win_rate":0,"timestamp":1546620081,"path_taken":["M","M","M","$","M","E","R","E","T","M","?","?","M","?","R","BOSS","M","?","$","?","M","R","E","M","T","E"],"build_version":"2019-01-03v3","purchased_purges":1,"victory":false,"max_hp_per_floor":[66,66,66,66,66,66,73,73,73,73,73,73,73,73,73,73,78,78,78,78,78,78,78,78,78,78,78],"card_choices":[{"not_picked":["Calculated Gamble","Prepared"],"picked":"Blade Dance","floor":1.0},{"not_picked":["Underhanded Strike","Reflex"],"picked":"Dash","floor":2.0},{"not_picked":["Bane","Slice"],"picked":"Sucker Punch","floor":3.0},{"not_picked":["Acrobatics","Blade Dance"],"picked":"Dagger Throw","floor":5.0},{"not_picked":["Masterful Stab","Acrobatics"],"picked":"Deadly Poison","floor":6.0},{"not_picked":["Predator","Prepared"],"picked":"Dodge and Roll","floor":8.0},{"not_picked":["Dodge and Roll","Tools of the Trade"],"picked":"PiercingWail","floor":10.0},{"not_picked":["Sucker Punch","Catalyst"],"picked":"Outmaneuver","floor":10.0},{"not_picked":["Slice","Setup"],"picked":"Acrobatics","floor":13.0},{"not_picked":["Riddle With Holes","Eviscerate"],"picked":"Deflect","floor":13.0},{"not_picked":["Bullet Time","Storm of Steel"],"picked":"Adrenaline","floor":16.0},{"not_picked":["Dash","Acrobatics"],"picked":"Blur","floor":17.0},{"not_picked":["Cloak And Dagger","Well Laid Plans+1"],"picked":"Sucker Punch+1","floor":18.0},{"not_picked":["Dagger Throw","Prepared","Poisoned Stab"],"picked":"SKIP","floor":18.0},{"not_picked":["Dagger Throw","Prepared","Poisoned Stab"],"picked":"SKIP","floor":18.0},{"not_picked":["Blade Dance","Flying Knee"],"picked":"Bouncing Flask","floor":22.0},{"not_picked":["Masterful Stab","Quick Slash"],"picked":"Calculated Gamble","floor":22.0},{"not_picked":["Setup","All Out Attack"],"picked":"Skewer","floor":24},{"not_picked":["Bane","Backflip"],"picked":"Blur","floor":25},{"not_picked":["Dodge and Roll","Quick Slash+1","Dagger Spray"],"picked":"SKIP","floor":25}],"player_experience":1149645,"relics_obtained":[{"floor":6.0,"key":"Shovel"},{"floor":7.0,"key":"Strawberry"},{"floor":8.0,"key":"Prayer Wheel"},{"floor":9.0,"key":"Mercury Hourglass"},{"floor":14.0,"key":"Whetstone"},{"floor":24,"key":"Anchor"}],"event_choices":[{"damage_healed":0.0,"max_hp_gain":0.0,"max_hp_loss":0.0,"gold_gain":0.0,"event_name":"Shining Light","player_choice":"Ignored","floor":11.0,"gold_loss":0.0,"damage_taken":0.0},{"damage_healed":0.0,"max_hp_gain":0.0,"max_hp_loss":0.0,"gold_gain":150.0,"event_name":"Liars Game","player_choice":"AGREE","floor":12.0,"gold_loss":0.0,"damage_taken":0.0,"cards_obtained":["Doubt"]},{"damage_healed":0.0,"max_hp_gain":0.0,"max_hp_loss":0.0,"gold_gain":0.0,"event_name":"Addict","player_choice":"Stole Relic","floor":19.0,"gold_loss":0.0,"damage_taken":0.0,"relics_obtained":["Omamori"],"cards_obtained":["Shame"]},{"damage_healed":0.0,"max_hp_gain":0.0,"max_hp_loss":0.0,"gold_gain":0.0,"event_name":"Forgotten Altar","player_choice":"Smashed Altar","floor":21.0,"gold_loss":0.0,"damage_taken":0.0,"cards_obtained":["Decay"]}],"is_beta":false,"boss_relics":[{"not_picked":["Runic Dome","Snecko Eye"],"picked":"Tiny House"}],"items_purged_floors":[20],"is_endless":false,"potions_floor_spawned":[2,8,10,13,16,18,22,24],"killed_by":"Slavers","ascension_level":20}