{"gold_per_floor":[117,67,67,88,113,113,127,166,166,166,179,179,179,26,26,150,150,150],"floor_reached":18,"playtime":3399,"items_purged":["Parasite"],"score":240,"play_id":"9ec8d16c-ab20-401e-99ff-e40421a2ba98","local_time":"20181104220049","is_ascension_mode":true,"campfire_choices":[{"data":"Coolheaded","floor":6,"key":"SMITH"},{"data":"Consume","floor":13,"key":"SMITH"},{"data":"Chaos","floor":15,"key":"SMITH"}],"neow_cost":"NONE","seed_source_timestamp":697047536807676,"circlet_count":0,"master_deck":["AscendersBane","Strike_B","Defend_B","Defend_B","Defend_B","Zap","Dualcast","Go for the Eyes","Hologram","Coolheaded+1","Sweeping Beam","Consume+1","Chaos+1","Hello World+1","Amplify","Heatsinks+1","Auto Shields+1","Buffer+1"],"relics":["Philosopher\u0027s Stone","Golden Idol","Symbiotic Virus","Frozen Egg 2","Sundial","Astrolabe"],"potions_floor_usage":[7,16],"damage_taken":[{"damage":2,"enemies":"Jaw Worm","floor":1,"turns":6},{"damage":6,"enemies":"Small Slimes","floor":4,"turns":4},{"damage":12,"enemies":"2 Louse","floor":5,"turns":4},{"damage":17,"enemies":"Large Slime","floor":7,"turns":6},{"damage":11,"enemies":"Lagavulin","floor":8,"turns":8},{"damage":0,"enemies":"Looter","floor":11,"turns":4},{"damage":9,"enemies":"Hexaghost","floor":16,"turns":11},{"damage":58,"enemies":"3 Byrds","floor":18,"turns":2}],"seed_played":"-5156633751643535575","potions_obtained":[{"floor":5,"key":"PowerPotion"},{"floor":8,"key":"Dexterity Potion"}],"is_trial":false,"path_per_floor":["M","?","?","M","M","R","M","E","T","?","M","T","R","$","R","B",null,"M"],"character_chosen":"DEFECT","items_purchased":["Hello World+1"],"campfire_rested":0,"item_purchase_floors":[14],"current_hp_per_floor":[66,66,66,60,48,48,31,20,20,37,37,37,37,37,37,28,57,0],"gold":150,"neow_bonus":"BOSS_RELIC","is_prod":false,"is_daily":false,"chose_seed":false,"campfire_upgraded":3,"win_rate":0,"timestamp":1541386849,"path_taken":["M","?","?","M","M","R","M","E","T","?","M","?","R","$","R","BOSS","M"],"build_version":"2018-11-01","purchased_purges":1,"victory":false,"max_hp_per_floor":[75,75,69,69,69,69,69,69,69,69,69,69,69,66,66,66,66,66],"card_choices":[{"not_picked":["Ball Lightning","Compile Driver"],"picked":"Go for the Eyes","floor":1},{"not_picked":["BootSequence","Beam Cell"],"picked":"Hologram","floor":4},{"not_picked":["Reprogram","Redo"],"picked":"Coolheaded","floor":5},{"not_picked":["Turbo","Gash"],"picked":"Sweeping Beam","floor":7},{"not_picked":["Barrage","Darkness"],"picked":"Consume","floor":8},{"not_picked":["Coolheaded","Ball Lightning"],"picked":"Chaos","floor":11},{"not_picked":["Thunder Strike","Machine Learning+1"],"picked":"Amplify","floor":16}],"player_experience":616638,"relics_obtained":[{"floor":8,"key":"Symbiotic Virus"},{"floor":9,"key":"Frozen Egg 2"},{"floor":12,"key":"Sundial"}],"event_choices":[{"cards_removed":["Strike_B"],"damage_healed":0,"gold_gain":0,"player_choice":"Card Removal","damage_taken":0,"max_hp_gain":0,"max_hp_loss":0,"event_name":"The Cleric","floor":2,"gold_loss":50},{"damage_healed":0,"gold_gain":0,"player_choice":"Lose Max HP","damage_taken":0,"relics_obtained":["Golden Idol"],"max_hp_gain":0,"max_hp_loss":6,"event_name":"Golden Idol","floor":3,"gold_loss":0},{"damage_healed":17,"gold_gain":0,"player_choice":"Healed and dodged fight","damage_taken":0,"max_hp_gain":0,"max_hp_loss":0,"event_name":"Mushrooms","floor":10,"gold_loss":0,"cards_obtained":["Parasite"]}],"is_beta":false,"boss_relics":[{"not_picked":["White Beast Statue","Cursed Key"],"picked":"Astrolabe"}],"items_purged_floors":[14],"is_endless":false,"potions_floor_spawned":[5,8],"killed_by":"3 Byrds","ascension_level":10}