{"gold_per_floor":[113,113,128,128,141,141,160,160,185,211,227,227,262,47,47,125,125,139,64,23,23,23,58,58,58,58,58,93,93,108,140,140,211,211,223,234,234,234,334,360,379,408,408,422,456,456,481,481,481,481,481],"floor_reached":51,"playtime":3368,"items_purged":[],"score":1629,"play_id":"ff3e1989-03a4-49e5-b4b3-8d2cd6137704","local_time":"20190502112110","is_ascension_mode":true,"campfire_choices":[{"data":"All Out Attack","floor":6,"key":"SMITH"},{"data":"Sucker Punch","floor":8,"key":"SMITH"},{"floor":12,"key":"REST"},{"data":"Neutralize","floor":15,"key":"SMITH"},{"data":"Wraith Form v2","floor":24,"key":"SMITH"},{"floor":27,"key":"REST"},{"floor":29,"key":"REST"},{"data":"Bullet Time","floor":32,"key":"SMITH"},{"floor":46,"key":"REST"},{"floor":49,"key":"RECALL"}],"neow_cost":"NONE","seed_source_timestamp":692174053898827,"circlet_count":0,"master_deck":["AscendersBane","Defend_G+1","Defend_G+1","Defend_G+1","Defend_G+1","Defend_G+1","Survivor","Neutralize+1","Caltrops+1","All Out Attack+1","Sucker Punch+1","Dagger Spray","Deadly Poison","Wraith Form v2+1","Bullet Time+1","Terror","Heel Hook","Bite","Bite","Bite","Bite","Bite","Cloak And Dagger+1","Infinite Blades","Die Die Die","Infinite Blades","Leg Sweep+1","Caltrops","Cloak And Dagger+1","Cloak And Dagger"],"relics":["Ring of the Snake","NeowsBlessing","Omamori","Ancient Tea Set","Shuriken","Lee\u0027s Waffle","Runic Pyramid","MutagenicStrength","Orichalcum","Pantograph","Smiling Mask","Bottled Lightning","Sozu","PreservedInsect","Mango","Bottled Tornado","Strawberry","Meat on the Bone","Dodecahedron"],"potions_floor_usage":[13,13,23,31,33],"damage_taken":[{"damage":0,"enemies":"Small Slimes","floor":1,"turns":1},{"damage":0,"enemies":"Cultist","floor":3,"turns":1},{"damage":0,"enemies":"2 Louse","floor":5,"turns":1},{"damage":9,"enemies":"Exordium Wildlife","floor":7,"turns":2},{"damage":42,"enemies":"Gremlin Nob","floor":10,"turns":5},{"damage":0,"enemies":"3 Louse","floor":11,"turns":1},{"damage":17,"enemies":"Lagavulin","floor":13,"turns":7},{"damage":41,"enemies":"The Guardian","floor":16,"turns":13},{"damage":19,"enemies":"Spheric Guardian","floor":18,"turns":5},{"damage":35,"enemies":"Slavers","floor":23,"turns":5},{"damage":28,"enemies":"Gremlin Leader","floor":28,"turns":5},{"damage":0,"enemies":"2 Thieves","floor":30,"turns":2},{"damage":2,"enemies":"Book of Stabbing","floor":31,"turns":3},{"damage":51,"enemies":"Champ","floor":33,"turns":9},{"damage":2,"enemies":"3 Shapes","floor":35,"turns":4},{"damage":0,"enemies":"Orb Walker","floor":36,"turns":3},{"damage":0,"enemies":"Mind Bloom Boss Battle","floor":39,"turns":6},{"damage":50,"enemies":"Reptomancer","floor":40,"turns":6},{"damage":5,"enemies":"4 Shapes","floor":41,"turns":10},{"damage":3,"enemies":"Giant Head","floor":42,"turns":8},{"damage":21,"enemies":"Writhing Mass","floor":44,"turns":6},{"damage":0,"enemies":"Nemesis","floor":45,"turns":5},{"damage":3,"enemies":"Giant Head","floor":47,"turns":7},{"damage":80,"enemies":"Donu and Deca","floor":50,"turns":10},{"damage":67,"enemies":"Time Eater","floor":51,"turns":10}],"seed_played":"-2152829589504360528","potions_obtained":[{"floor":3,"key":"PowerPotion"},{"floor":10,"key":"Explosive Potion"},{"floor":16,"key":"Explosive Potion"},{"floor":30,"key":"Fire Potion"},{"floor":31,"key":"Poison Potion"}],"is_trial":false,"path_per_floor":["M","?","M","?","M","R","M","R","T","E","M","R","E","$","R","B",null,"M","?","$","?","?","E","R","?","T","R","E","R","M","E","R","B",null,"M","M","?","T","?","E","M","E","T","M","E","R","E","?","R","B","B"],"character_chosen":"THE_SILENT","items_purchased":["Lee\u0027s Waffle","Heel Hook"],"campfire_rested":4,"item_purchase_floors":[14,20],"current_hp_per_floor":[59,59,59,59,59,59,50,50,50,8,8,27,10,73,73,32,63,44,44,44,44,44,21,21,21,21,36,20,35,41,47,47,22,44,48,51,51,51,65,21,26,46,46,35,43,64,72,72,72,20,0],"gold":481,"neow_bonus":"THREE_ENEMY_KILL","is_prod":false,"is_daily":false,"chose_seed":false,"campfire_upgraded":5,"win_rate":0,"timestamp":1556810470,"path_taken":["M","?","?","?","M","R","M","R","T","E","M","R","E","?","R","BOSS","M","?","?","?","?","E","R","?","T","R","E","R","M","E","R","BOSS","M","M","?","?","?","E","M","E","T","?","E","R","E","?","R","BOSS","BOSS"],"build_version":"2019-01-23","purchased_purges":0,"victory":false,"max_hp_per_floor":[66,66,66,66,66,66,66,66,66,66,66,66,66,73,73,73,73,73,73,73,73,51,51,51,51,51,51,51,51,51,51,51,51,51,51,51,51,51,65,65,65,72,72,72,72,72,72,72,72,72,72],"card_choices":[{"not_picked":["Dodge and Roll","All Out Attack"],"picked":"Caltrops","floor":1},{"not_picked":["Sucker Punch","Prepared"],"picked":"All Out Attack","floor":3},{"not_picked":["Setup","Backflip"],"picked":"Sucker Punch","floor":5},{"not_picked":["Slice","Dodge and Roll"],"picked":"Dagger Throw","floor":7},{"not_picked":["Grand Finale","Deadly Poison"],"picked":"Dagger Spray","floor":10},{"not_picked":["Blade Dance","Eviscerate"],"picked":"Deadly Poison","floor":11},{"not_picked":["Sucker Punch","Blade Dance"],"picked":"Wraith Form v2","floor":13},{"not_picked":["Venomology","Corpse Explosion"],"picked":"Bullet Time","floor":16},{"not_picked":["Bane","Calculated Gamble"],"picked":"Terror","floor":18},{"not_picked":["Leg Sweep","Flechettes"],"picked":"Cloak And Dagger+1","floor":23},{"not_picked":["Reflex","Leg Sweep","Dagger Spray"],"picked":"SKIP","floor":28},{"not_picked":["Catalyst","Bane"],"picked":"Infinite Blades","floor":30},{"not_picked":["Backflip","Caltrops","Outmaneuver"],"picked":"SKIP","floor":31},{"not_picked":["Phantasmal Killer","Night Terror"],"picked":"Die Die Die","floor":33},{"not_picked":["Bane","Caltrops"],"picked":"Infinite Blades","floor":35},{"not_picked":["Bane","Flying Knee"],"picked":"Leg Sweep+1","floor":36},{"not_picked":["Noxious Fumes","All Out Attack"],"picked":"Caltrops","floor":39},{"not_picked":["Crippling Poison","Terror+1","Underhanded Strike"],"picked":"SKIP","floor":40},{"not_picked":["Tactician","Eviscerate"],"picked":"Cloak And Dagger+1","floor":41},{"not_picked":["Riddle With Holes","Phantasmal Killer","Dagger Throw"],"picked":"SKIP","floor":42},{"not_picked":["Sucker Punch","Footwork","Flying Knee"],"picked":"SKIP","floor":44},{"not_picked":["Outmaneuver","Well Laid Plans+1","Slice+1"],"picked":"SKIP","floor":45},{"not_picked":["Tactician","Outmaneuver"],"picked":"Cloak And Dagger","floor":47}],"player_experience":1348960,"relics_obtained":[{"floor":9,"key":"Omamori"},{"floor":10,"key":"Ancient Tea Set"},{"floor":13,"key":"Shuriken"},{"floor":23,"key":"Orichalcum"},{"floor":26,"key":"Pantograph"},{"floor":28,"key":"Smiling Mask"},{"floor":31,"key":"Bottled Lightning"},{"floor":38,"key":"PreservedInsect"},{"floor":39,"key":"Mango"},{"floor":40,"key":"Bottled Tornado"},{"floor":42,"key":"Strawberry"},{"floor":45,"key":"Meat on the Bone"},{"floor":47,"key":"Dodecahedron"}],"event_choices":[{"damage_healed":0,"gold_gain":0,"player_choice":"Upgraded","damage_taken":0,"max_hp_gain":0,"max_hp_loss":0,"event_name":"Upgrade Shrine","floor":2,"gold_loss":0,"cards_upgraded":["Caltrops"]},{"damage_healed":0,"gold_gain":0,"player_choice":"Ignored","damage_taken":0,"max_hp_gain":0,"max_hp_loss":0,"event_name":"Liars Game","floor":4,"gold_loss":0},{"cards_removed":["Strike_G"],"damage_healed":0,"gold_gain":0,"player_choice":"Gave Gold","damage_taken":0,"max_hp_gain":0,"max_hp_loss":0,"event_name":"Beggar","floor":19,"gold_loss":75},{"damage_healed":0,"gold_gain":0,"player_choice":"Inject Mutagens","damage_taken":0,"relics_obtained":["MutagenicStrength"],"max_hp_gain":0,"max_hp_loss":0,"event_name":"Drug Dealer","floor":21,"gold_loss":0},{"damage_healed":0,"gold_gain":0,"player_choice":"Became a vampire","damage_taken":0,"max_hp_gain":0,"max_hp_loss":22,"event_name":"Vampires","floor":22,"gold_loss":0,"cards_obtained":["Bite","Bite","Bite","Bite","Bite"]},{"damage_healed":0,"gold_gain":0,"player_choice":"Simplicity","damage_taken":0,"max_hp_gain":0,"max_hp_loss":0,"event_name":"Back to Basics","floor":25,"gold_loss":0,"cards_upgraded":["Defend_G","Defend_G","Defend_G","Defend_G","Defend_G"]},{"cards_removed":["Dagger Throw"],"damage_healed":0,"gold_gain":0,"player_choice":"Removed Attack","damage_taken":0,"max_hp_gain":0,"max_hp_loss":0,"event_name":"Falling","floor":37,"gold_loss":0},{"damage_healed":0,"gold_gain":0,"player_choice":"Fight","damage_taken":0,"max_hp_gain":0,"max_hp_loss":0,"event_name":"MindBloom","floor":39,"gold_loss":0},{"damage_healed":0,"gold_gain":0,"player_choice":"Ignored","damage_taken":0,"max_hp_gain":0,"max_hp_loss":0,"event_name":"SecretPortal","floor":48,"gold_loss":0}],"is_beta":false,"boss_relics":[{"not_picked":["Pandora\u0027s Box","Coffee Dripper"],"picked":"Runic Pyramid"},{"not_picked":["Lizard Tail","WristBlade"],"picked":"Sozu"}],"items_purged_floors":[],"is_endless":false,"potions_floor_spawned":[3,10,16,30,31,36,40,44,47],"killed_by":"Time Eater","ascension_level":20}