{"gold_per_floor":[118,118,132,147,158,186,206,206,206,206,220,220,77,411,411,509,509,523,71,89,0,0,0,10,10,80,80,97,196,196,48,48,146,146,166,10,10,29,39,39,39,69,69,89,89,89,103,103,103,103,103,103,28,57,57],"floor_reached":55,"playtime":3212,"items_purged":["Parasite"],"score":871,"play_id":"6fa169b5-aff3-47d7-8f91-47782d27638f","local_time":"20190911132809","is_ascension_mode":true,"campfire_choices":[{"floor":8,"key":"REST"},{"floor":10,"key":"RECALL"},{"floor":15,"key":"REST"},{"floor":23,"key":"REST"},{"data":"Offering","floor":27,"key":"SMITH"},{"data":"Inflame","floor":32,"key":"SMITH"},{"data":"Heavy Blade","floor":40,"key":"SMITH"},{"data":"Shrug It Off","floor":45,"key":"SMITH"},{"data":"Entrench","floor":49,"key":"SMITH"},{"data":"Bludgeon","floor":52,"key":"SMITH"}],"neow_cost":"NONE","seed_source_timestamp":79815739507700,"circlet_count":0,"master_deck":["Strike_R+1","Strike_R+1","Strike_R+1","Strike_R+1","Strike_R+1","Defend_R+1","Defend_R+1","Defend_R+1","Defend_R+1","Bash","Twin Strike","Rampage","Armaments","Inflame+1","Heavy Blade+1","Shrug It Off+1","Bludgeon+1","Offering+1","Corruption+1","Pommel Strike+1","Havoc+1","True Grit+1","Reaper","Uppercut+1","Havoc","Inflame+1","Spot Weakness+1","Entrench+1","Flash of Steel","Havoc+1","Dramatic Entrance","Bash","Feel No Pain+1"],"relics":["Burning Blood","Question Card","Centennial Puzzle","Strawberry","Old Coin","Snecko Eye","Dodecahedron","Brimstone","Meat on the Bone","Vajra","Runic Cube","Oddly Smooth Stone","Bottled Lightning","Blood Vial","Paper Frog"],"potions_floor_usage":[20,35,55,55],"damage_taken":[{"damage":1,"enemies":"Cultist","floor":1,"turns":3},{"damage":2,"enemies":"Jaw Worm","floor":3,"turns":5},{"damage":10,"enemies":"2 Louse","floor":4,"turns":2},{"damage":15,"enemies":"Looter","floor":5,"turns":4},{"damage":46,"enemies":"Lagavulin","floor":6,"turns":8},{"damage":2,"enemies":"2 Fungi Beasts","floor":7,"turns":3},{"damage":12,"enemies":"3 Louse","floor":11,"turns":4},{"damage":24,"enemies":"Gremlin Nob","floor":14,"turns":4},{"damage":31,"enemies":"Slime Boss","floor":16,"turns":11},{"damage":6,"enemies":"Spheric Guardian","floor":18,"turns":2},{"damage":53,"enemies":"3 Byrds","floor":20,"turns":4},{"damage":6,"enemies":"3 Cultists","floor":24,"turns":3},{"damage":15,"enemies":"Centurion and Healer","floor":28,"turns":3},{"damage":22,"enemies":"Champ","floor":33,"turns":5},{"damage":24,"enemies":"Orb Walker","floor":35,"turns":4},{"damage":41,"enemies":"3 Darklings","floor":38,"turns":5},{"damage":0,"enemies":"Sphere and 2 Shapes","floor":39,"turns":3},{"damage":6,"enemies":"Reptomancer","floor":42,"turns":2},{"damage":7,"enemies":"4 Shapes","floor":44,"turns":4},{"damage":0,"enemies":"Writhing Mass","floor":47,"turns":3},{"damage":107,"enemies":"Awakened One","floor":50,"turns":7},{"damage":71,"enemies":"Shield and Spear","floor":54,"turns":5},{"damage":67,"enemies":"The Heart","floor":55,"turns":2}],"seed_played":"1600703019315482461","potions_obtained":[{"floor":4,"key":"AttackPotion"},{"floor":6,"key":"EssenceOfSteel"},{"floor":7,"key":"Ancient Potion"},{"floor":20,"key":"Dexterity Potion"},{"floor":38,"key":"Regen Potion"}],"is_trial":false,"path_per_floor":["M","$","M","M","M","E","M","R","T","R","M","T","$","E","R","B",null,"M","$","M","?","?","R","M","?","T","R","M","?","?","$","R","B",null,"M","$","$","M","M","R","$","E","T","M","R","?","M","?","R","B",null,"R","$","E","B"],"character_chosen":"IRONCLAD","items_purchased":["Strawberry","Dodecahedron","Brimstone","Vajra","Oddly Smooth Stone"],"campfire_rested":3,"item_purchase_floors":[13,19,19,31,36],"current_hp_per_floor":[88,88,88,84,75,35,39,65,65,65,59,59,66,48,76,51,95,95,95,48,48,48,76,76,76,76,76,67,67,67,67,67,63,95,77,77,77,95,95,95,95,95,95,94,94,94,95,95,95,48,95,95,92,55,0],"gold":57,"neow_bonus":"TEN_PERCENT_HP_BONUS","is_prod":false,"is_daily":false,"chose_seed":false,"campfire_upgraded":6,"win_rate":0,"timestamp":1568226489,"path_taken":["M","$","M","M","M","E","M","R","T","R","M","?","$","E","R","BOSS","M","$","M","?","?","R","M","?","T","R","M","?","?","$","R","BOSS","M","?","$","M","M","R","$","E","T","?","R","?","M","?","R","BOSS","R","$","E","BOSS"],"build_version":"2019-07-17","purchased_purges":1,"victory":false,"max_hp_per_floor":[88,88,88,88,88,88,88,88,88,88,88,88,95,95,95,95,95,95,95,95,95,95,95,95,95,95,95,95,95,95,95,95,95,95,95,95,95,95,95,95,95,95,95,95,95,95,95,95,95,95,95,95,92,92,92],"card_choices":[{"not_picked":["Headbutt","Anger"],"picked":"Twin Strike","floor":1},{"not_picked":["Heavy Blade","Blood for Blood"],"picked":"Rampage","floor":3},{"not_picked":["Rage","Anger"],"picked":"Armaments","floor":4},{"not_picked":["Thunderclap","Twin Strike"],"picked":"Inflame","floor":5},{"not_picked":["Wild Strike","Combust"],"picked":"Heavy Blade","floor":6},{"not_picked":["Disarm","Headbutt","Inflame"],"picked":"Shrug It Off","floor":7},{"not_picked":["Perfected Strike","Clothesline","Disarm"],"picked":"Corruption","floor":11},{"not_picked":["Offering","Reckless Charge","Iron Wave"],"picked":"Bludgeon","floor":14},{"not_picked":["Immolate","Dark Embrace","Barricade"],"picked":"Offering","floor":16},{"not_picked":["Ghostly Armor","Uppercut","Sword Boomerang"],"picked":"Corruption+1","floor":18},{"not_picked":["Wild Strike","Twin Strike","Reckless Charge+1"],"picked":"Pommel Strike+1","floor":20},{"not_picked":["Pommel Strike","Armaments","Intimidate"],"picked":"Havoc+1","floor":24},{"not_picked":["Sever Soul+1","Thunderclap","Berserk"],"picked":"True Grit+1","floor":28},{"not_picked":["Fiend Fire","Offering","Feed"],"picked":"Reaper","floor":33},{"not_picked":["True Grit","Second Wind+1","Thunderclap+1"],"picked":"Uppercut+1","floor":35},{"not_picked":["Armaments","Thunderclap+1","Twin Strike"],"picked":"Havoc","floor":38},{"not_picked":["Warcry","Bloodletting","Hemokinesis+1"],"picked":"Inflame+1","floor":39},{"not_picked":["Wild Strike+1","Offering","Cleave"],"picked":"Spot Weakness+1","floor":42},{"not_picked":["Bloodletting+1","Wild Strike","Thunderclap"],"picked":"Entrench","floor":44},{"not_picked":["Purity","Enlightenment","Chrysalis"],"picked":"Flash of Steel","floor":46},{"not_picked":["Flame Barrier","Dual Wield","Hemokinesis"],"picked":"Havoc+1","floor":47},{"not_picked":["Second Wind","Juggernaut","Double Tap"],"picked":"Feel No Pain+1","floor":54}],"player_experience":331900,"relics_obtained":[{"floor":6,"key":"Question Card"},{"floor":12,"key":"Centennial Puzzle"},{"floor":14,"key":"Old Coin"},{"floor":26,"key":"Meat on the Bone"},{"floor":42,"key":"Bottled Lightning"},{"floor":43,"key":"Blood Vial"},{"floor":54,"key":"Paper Frog"}],"event_choices":[{"damage_healed":0,"gold_gain":0,"player_choice":"Paid Fearfully","damage_taken":0,"max_hp_gain":0,"max_hp_loss":0,"event_name":"Masked Bandits","floor":21,"gold_loss":89},{"damage_healed":0,"gold_gain":0,"player_choice":"Simplicity","damage_taken":0,"max_hp_gain":0,"max_hp_loss":0,"event_name":"Back to Basics","floor":22,"gold_loss":0,"cards_upgraded":["Strike_R","Strike_R","Strike_R","Strike_R","Strike_R","Defend_R","Defend_R","Defend_R","Defend_R"]},{"damage_healed":0,"gold_gain":0,"player_choice":"Ignored","damage_taken":0,"max_hp_gain":0,"max_hp_loss":0,"event_name":"Ghosts","floor":25,"gold_loss":0},{"damage_healed":0,"gold_gain":99,"player_choice":"Stole From Cult","damage_taken":0,"max_hp_gain":0,"max_hp_loss":0,"event_name":"Nest","floor":29,"gold_loss":0},{"cards_removed":["Corruption"],"damage_healed":0,"gold_gain":0,"player_choice":"Purged","damage_taken":0,"max_hp_gain":0,"max_hp_loss":0,"event_name":"Purifier","floor":30,"gold_loss":0},{"damage_healed":0,"gold_gain":0,"player_choice":"Memory 1","damage_taken":0,"max_hp_gain":0,"max_hp_loss":0,"event_name":"SensoryStone","floor":46,"gold_loss":0},{"damage_healed":0,"gold_gain":0,"player_choice":"2 cards matched","damage_taken":0,"max_hp_gain":0,"max_hp_loss":0,"event_name":"Match and Keep!","floor":48,"gold_loss":0,"cards_obtained":["Dramatic Entrance","Bash"]}],"is_beta":false,"boss_relics":[{"not_picked":["Orrery","Mark of Pain"],"picked":"Snecko Eye"},{"not_picked":["Busted Crown","Pandora\u0027s Box"],"picked":"Runic Cube"}],"items_purged_floors":[53],"is_endless":false,"potions_floor_spawned":[4,6,7,14,20,24,38,44],"killed_by":"The Heart","ascension_level":4}