{"gold_per_floor":[114,114,189,22,22,22,39,66,66,66,131,131,149,16,16,87,87,97,112,112,27,53,53,83,83,83,83,112,112,130,146,146,220,220,238,31,41,41,41,41,57,57],"floor_reached":42,"playtime":2424,"items_purged":[],"score":864,"play_id":"660808aa-7485-4de1-b9d1-833701e40b47","local_time":"20190810212906","is_ascension_mode":true,"campfire_choices":[{"data":"Bash","floor":6.0,"key":"SMITH"},{"data":"Disarm","floor":10.0,"key":"SMITH"},{"floor":12.0,"key":"REST"},{"data":"Evolve","floor":15.0,"key":"SMITH"},{"data":"Intimidate","floor":23.0,"key":"SMITH"},{"data":"Corruption","floor":25.0,"key":"SMITH"},{"data":"Dark Embrace","floor":27.0,"key":"SMITH"},{"data":"Demon Form","floor":32.0,"key":"SMITH"},{"floor":40.0,"key":"REST"}],"neow_cost":"NONE","seed_source_timestamp":9620449106916,"circlet_count":0,"master_deck":["AscendersBane","Strike_R","Strike_R","Defend_R","Defend_R","Defend_R","Defend_R","Bash+1","Anger+1","Disarm+1","Feed+1","Clothesline+1","Evolve+1","Immolate+1","Pommel Strike+1","Corruption+1","True Grit","Body Slam+1","Power Through","Dark Embrace+1","True Grit","Intimidate+1","Demon Form+1","Warcry","Reaper+1","Shrug It Off","Dropkick+1","Berserk","Pain","Doubt","Writhe","Entrench+1","Shrug It Off+1","Exhume+1","Headbutt+1","Apotheosis+1","Entrench+1"],"special_seed":0,"relics":["Burning Blood","Juzu Bracelet","Molten Egg 2","Letter Opener","Mercury Hourglass","Tiny Chest","Orrery","Happy Flower","Pen Nib","Oddly Smooth Stone","Mummified Hand","Art of War","Calling Bell","Toxic Egg 2","Vajra","Calipers","Singing Bowl"],"potions_floor_usage":[],"damage_taken":[{"damage":4.0,"enemies":"Small Slimes","floor":1.0,"turns":4.0},{"damage":10.0,"enemies":"2 Louse","floor":7.0,"turns":2.0},{"damage":20.0,"enemies":"Lagavulin","floor":8.0,"turns":5.0},{"damage":16.0,"enemies":"Gremlin Nob","floor":11.0,"turns":3.0},{"damage":2.0,"enemies":"Jaw Worm","floor":13.0,"turns":2.0},{"damage":15.0,"enemies":"Slime Boss","floor":16.0,"turns":7.0},{"damage":13.0,"enemies":"3 Byrds","floor":18.0,"turns":4.0},{"damage":14.0,"enemies":"Spheric Guardian","floor":19.0,"turns":4.0},{"damage":21.0,"enemies":"Slavers","floor":24.0,"turns":4.0},{"damage":11.0,"enemies":"Book of Stabbing","floor":28.0,"turns":4.0},{"damage":1.0,"enemies":"Snecko","floor":30.0,"turns":5.0},{"damage":0.0,"enemies":"Snake Plant","floor":31.0,"turns":3.0},{"damage":51.0,"enemies":"Automaton","floor":33.0,"turns":8.0},{"damage":20.0,"enemies":"3 Shapes","floor":35.0,"turns":6.0},{"damage":81.0,"enemies":"3 Darklings","floor":37.0,"turns":8.0},{"damage":24.0,"enemies":"Maw","floor":41.0,"turns":7.0},{"damage":44,"enemies":"Nemesis","floor":42,"turns":4}],"seed_played":"2413023666019178546","potions_obtained":[{"floor":7.0,"key":"AttackPotion"},{"floor":8.0,"key":"AttackPotion"},{"floor":11.0,"key":"Block Potion"},{"floor":13.0,"key":"SpeedPotion"},{"floor":19.0,"key":"Explosive Potion"},{"floor":28.0,"key":"SteroidPotion"},{"floor":30.0,"key":"Weak Potion"}],"is_trial":false,"path_per_floor":["M","?","?","$","?","R","M","E","T","R","E","R","M","$","R","B",null,"M","M","?","?","T","R","E","R","T","R","E","?","M","M","R","B",null,"M","$","M","T","?","R","M","E"],"character_chosen":"IRONCLAD","items_purchased":["Juzu Bracelet","Evolve","Fire Potion","Shrug It Off+1","Exhume+1"],"campfire_rested":2,"item_purchase_floors":[4,14,14,36,36],"current_hp_per_floor":[77,82,71,71,71,71,67,53,53,53,43,69,73,73,73,68,85,82,74,74,74,74,74,63,63,63,63,62,62,79,85,85,73,96,94,94,19,19,19,49,43,0],"gold":57,"neow_bonus":"TEN_PERCENT_HP_BONUS","is_prod":false,"is_daily":false,"chose_seed":false,"campfire_upgraded":7,"win_rate":0,"timestamp":1565436546,"path_taken":["M","?","?","$","?","R","M","E","T","R","E","R","M","?","R","BOSS","M","M","?","?","?","R","E","R","T","R","E","?","M","M","R","BOSS","M","$","M","?","?","R","M","E"],"build_version":"2019-07-17","purchased_purges":0,"victory":false,"max_hp_per_floor":[82,87,87,87,87,87,87,87,87,87,87,87,87,87,87,91,91,95,95,95,95,95,95,99,99,99,99,103,103,103,103,103,103,103,103,103,103,103,103,103,103,103],"card_choices":[{"not_picked":["Twin Strike","Armaments"],"picked":"Dropkick","floor":1.0},{"not_picked":["Clash+1","Fire Breathing"],"picked":"Anger+1","floor":7.0},{"not_picked":["Warcry","Anger+1"],"picked":"Disarm","floor":8.0},{"not_picked":["True Grit","Ghostly Armor"],"picked":"Feed+1","floor":11.0},{"not_picked":["Flex","Reckless Charge+1"],"picked":"Clothesline+1","floor":13.0},{"not_picked":["Offering","Exhume"],"picked":"Immolate+1","floor":16.0},{"not_picked":["Fire Breathing","Anger+1"],"picked":"Pommel Strike+1","floor":17.0},{"not_picked":["Cleave+1","Whirlwind+1"],"picked":"Corruption","floor":17.0},{"not_picked":["Clothesline+1","Heavy Blade+1"],"picked":"True Grit","floor":17.0},{"not_picked":["Rupture","Entrench"],"picked":"Body Slam+1","floor":17.0},{"not_picked":["Dropkick+1","Body Slam+1"],"picked":"Power Through","floor":17.0},{"not_picked":["Heavy Blade+1","True Grit"],"picked":"Dark Embrace","floor":18.0},{"not_picked":["Pommel Strike+1","Dual Wield"],"picked":"True Grit","floor":19.0},{"not_picked":["Combust","Second Wind+1"],"picked":"Warcry","floor":24.0},{"not_picked":["Infernal Blade","Fiend Fire+1"],"picked":"Reaper+1","floor":28.0},{"not_picked":["Sword Boomerang+1","Headbutt+1"],"picked":"Shrug It Off","floor":30.0},{"not_picked":["Flex","Thunderclap+1"],"picked":"Dropkick+1","floor":31.0},{"not_picked":["Bludgeon+1","Feed+1"],"picked":"Berserk","floor":33.0},{"not_picked":["Ghostly Armor+1","Disarm+1"],"picked":"Entrench+1","floor":35.0},{"not_picked":["Warcry+1","Rampage+1"],"picked":"Headbutt+1","floor":37.0},{"not_picked":["Metamorphosis+1","Violence+1"],"picked":"Apotheosis+1","floor":39.0},{"not_picked":["Perfected Strike+1","Rage+1"],"picked":"Entrench+1","floor":41.0}],"player_experience":1178968,"relics_obtained":[{"floor":8.0,"key":"Letter Opener"},{"floor":9.0,"key":"Mercury Hourglass"},{"floor":11.0,"key":"Tiny Chest"},{"floor":22.0,"key":"Pen Nib"},{"floor":24.0,"key":"Oddly Smooth Stone"},{"floor":26.0,"key":"Mummified Hand"},{"floor":28.0,"key":"Art of War"},{"floor":34.0,"key":"Toxic Egg 2"},{"floor":34.0,"key":"Vajra"},{"floor":34.0,"key":"Calipers"},{"floor":38.0,"key":"Singing Bowl"}],"event_choices":[{"damage_healed":0.0,"max_hp_gain":5.0,"max_hp_loss":0.0,"gold_gain":0.0,"event_name":"Big Fish","player_choice":"Donut","floor":2.0,"gold_loss":0.0,"damage_taken":0.0},{"damage_healed":0.0,"max_hp_gain":0.0,"max_hp_loss":0.0,"gold_gain":75.0,"event_name":"World of Goop","player_choice":"Gather Gold","floor":3.0,"gold_loss":0.0,"damage_taken":11.0},{"cards_removed":["Dropkick"],"damage_healed":0.0,"max_hp_gain":0.0,"max_hp_loss":0.0,"gold_gain":0.0,"event_name":"WeMeetAgain","player_choice":"Gave Card","floor":5.0,"gold_loss":0.0,"damage_taken":0.0,"relics_obtained":["Molten Egg 2"]},{"damage_healed":0.0,"max_hp_gain":0.0,"max_hp_loss":0.0,"gold_gain":0.0,"cards_transformed":["Strike_R","Strike_R"],"event_name":"Drug Dealer","player_choice":"Became Test Subject","floor":20.0,"gold_loss":0.0,"damage_taken":0.0,"cards_obtained":["Intimidate","Demon Form"]},{"damage_healed":0.0,"max_hp_gain":0.0,"max_hp_loss":0.0,"gold_gain":0.0,"event_name":"Addict","player_choice":"Obtained Relic","floor":21.0,"gold_loss":85.0,"damage_taken":0.0,"relics_obtained":["Happy Flower"]},{"cards_removed":["Strike_R"],"damage_healed":0.0,"max_hp_gain":0.0,"max_hp_loss":0.0,"gold_gain":0.0,"event_name":"Bonfire Elementals","player_choice":"Offered Basic","floor":29.0,"gold_loss":0.0,"damage_taken":0.0},{"damage_healed":0.0,"max_hp_gain":0.0,"max_hp_loss":0.0,"gold_gain":0.0,"event_name":"SensoryStone","player_choice":"Memory 1","floor":39.0,"gold_loss":0.0,"damage_taken":0.0}],"is_beta":false,"boss_relics":[{"not_picked":["Sozu","Runic Dome"],"picked":"Orrery"},{"not_picked":["Coffee Dripper","Velvet Choker"],"picked":"Calling Bell"}],"items_purged_floors":[],"is_endless":false,"potions_floor_spawned":[7,8,11,13,19,28,30],"killed_by":"Nemesis","ascension_level":17}