{"gold_per_floor":[362,375,443,443,457,457,487,487,487,487,487,504,152,163,163,163],"floor_reached":16,"playtime":4072,"items_purged":[],"score":100,"play_id":"62ae647f-c84b-4919-874d-ef6aaec2669c","local_time":"20190329002550","is_ascension_mode":false,"campfire_choices":[{"data":"Infernal Blade","floor":6,"key":"SMITH"},{"floor":8,"key":"REST"},{"data":"True Grit","floor":10,"key":"SMITH"},{"data":"Armaments","floor":15,"key":"SMITH"}],"neow_cost":"PERCENT_DAMAGE","seed_source_timestamp":34140358337813,"circlet_count":0,"master_deck":["Strike_R","Strike_R","Strike_R","Strike_R","Strike_R","Defend_R","Defend_R","Defend_R","Defend_R","Bash+1","Infernal Blade+1","True Grit+1","Iron Wave","Clothesline","Rampage+1","Wild Strike+1","Shrug It Off","Armaments+1","Cleave+1","Flame Barrier"],"relics":["Burning Blood","Sundial","Turnip","Molten Egg 2","Membership Card","Bag of Marbles"],"potions_floor_usage":[7,7],"damage_taken":[{"damage":8,"enemies":"Cultist","floor":1,"turns":5},{"damage":9,"enemies":"Jaw Worm","floor":2,"turns":3},{"damage":0,"enemies":"2 Louse","floor":5,"turns":2},{"damage":45,"enemies":"Gremlin Nob","floor":7,"turns":6},{"damage":11,"enemies":"Lots of Slimes","floor":12,"turns":5},{"damage":0,"enemies":"2 Fungi Beasts","floor":14,"turns":1},{"damage":67,"enemies":"Slime Boss","floor":16,"turns":12}],"seed_played":"2970311622969134488","potions_obtained":[{"floor":2,"key":"Regen Potion"},{"floor":5,"key":"BloodPotion"}],"is_trial":false,"path_per_floor":["M","M","T","?","M","R","E","R","T","R","?","M","$","M","R","B"],"character_chosen":"IRONCLAD","items_purchased":["Membership Card","Bag of Marbles","Wild Strike+1","Shrug It Off","Armaments","Cleave+1"],"campfire_rested":1,"item_purchase_floors":[13,13,13,13,13,13],"current_hp_per_floor":[54,51,51,51,57,57,41,65,65,65,65,60,60,66,66,0],"gold":163,"neow_bonus":"TWO_FIFTY_GOLD","is_prod":false,"is_daily":false,"chose_seed":false,"campfire_upgraded":3,"win_rate":0,"timestamp":1553783150,"path_taken":["M","M","?","?","?","R","E","R","T","R","?","M","$","M","R","BOSS"],"build_version":"2019-01-23","purchased_purges":0,"victory":false,"max_hp_per_floor":[80,80,80,80,80,80,80,80,80,80,80,80,80,80,80,80],"card_choices":[{"not_picked":["True Grit","Pommel Strike"],"picked":"Infernal Blade","floor":1},{"not_picked":["Feel No Pain","Battle Trance"],"picked":"True Grit","floor":2},{"not_picked":["Havoc","Heavy Blade"],"picked":"Iron Wave","floor":5},{"not_picked":["Battle Trance","Brutality"],"picked":"Clothesline","floor":7},{"not_picked":["Flex","Anger+1"],"picked":"Rampage+1","floor":12},{"not_picked":["Pommel Strike+1","Clash+1"],"picked":"Flame Barrier","floor":14}],"player_experience":258521,"relics_obtained":[{"floor":3,"key":"Sundial"},{"floor":7,"key":"Turnip"},{"floor":9,"key":"Molten Egg 2"}],"event_choices":[{"damage_healed":0,"gold_gain":0,"player_choice":"Bought 0 Potions","damage_taken":0,"max_hp_gain":0,"max_hp_loss":0,"event_name":"The Woman in Blue","floor":4,"gold_loss":0},{"damage_healed":0,"gold_gain":0,"player_choice":"Upgraded","damage_taken":0,"max_hp_gain":0,"max_hp_loss":0,"event_name":"Upgrade Shrine","floor":11,"gold_loss":0,"cards_upgraded":["Bash"]}],"is_beta":false,"boss_relics":[],"items_purged_floors":[],"is_endless":false,"potions_floor_spawned":[2,5],"killed_by":"Slime Boss","ascension_level":0}