{"gold_per_floor":[111,69,69,69,69,69,82,82,82,106,149,229,229],"floor_reached":13,"playtime":436,"items_purged":[],"score":162,"play_id":"8a5ccfd5-2b65-4bf3-9cd7-eb5c1b0c095e","local_time":"20190106211252","is_ascension_mode":true,"campfire_choices":[{"data":"Flechettes","floor":6,"key":"SMITH"},{"data":"Dagger Spray","floor":8,"key":"SMITH"}],"neow_cost":"NONE","seed_source_timestamp":0,"circlet_count":0,"master_deck":["AscendersBane","Defend_G","Defend_G","Defend_G","Defend_G","Defend_G","Strike_G","Strike_G","Strike_G","Strike_G","Strike_G","Survivor","Neutralize+1","Flying Knee","Crippling Poison","Flechettes+1","Dagger Spray+1","Cloak And Dagger"],"special_seed":0,"relics":["Ring of the Snake","Golden Idol","Bag of Preparation","Ornamental Fan","Ninja Scroll"],"potions_floor_usage":[7],"damage_taken":[{"damage":0,"enemies":"2 Louse","floor":1,"turns":3},{"damage":1,"enemies":"Jaw Worm","floor":7,"turns":4},{"damage":0,"enemies":"Cultist","floor":10,"turns":2},{"damage":36,"enemies":"3 Sentries","floor":11,"turns":10},{"damage":32,"enemies":"Gremlin Nob","floor":13,"turns":4}],"seed_played":"8883869077276570660","potions_obtained":[{"floor":1,"key":"Block Potion"},{"floor":11,"key":"Explosive Potion"}],"is_trial":false,"path_per_floor":["M","$","?","?","?","R","M","R","T","M","E","T","E"],"character_chosen":"THE_SILENT","items_purchased":["Flechettes"],"campfire_rested":0,"item_purchase_floors":[2],"current_hp_per_floor":[59,59,59,64,64,64,63,63,63,63,27,27,0],"gold":229,"neow_bonus":"THREE_CARDS","is_prod":false,"is_daily":false,"chose_seed":false,"campfire_upgraded":2,"win_rate":0,"timestamp":1546827172,"path_taken":["M","$","?","?","?","R","M","R","T","?","E","?","E"],"build_version":"2019-01-03v4","purchased_purges":0,"victory":false,"max_hp_per_floor":[66,66,60,65,65,65,65,65,65,65,65,65,65],"card_choices":[{"not_picked":["Dodge and Roll","Infinite Blades"],"picked":"Flying Knee","floor":0},{"not_picked":["Underhanded Strike","Dodge and Roll"],"picked":"Crippling Poison","floor":1},{"not_picked":["PiercingWail","Bouncing Flask"],"picked":"Dagger Spray","floor":7},{"not_picked":["Caltrops","Flechettes"],"picked":"Cloak And Dagger","floor":10},{"not_picked":["Predator","Underhanded Strike","Calculated Gamble"],"picked":"SKIP","floor":11}],"player_experience":1164189,"relics_obtained":[{"floor":9,"key":"Bag of Preparation"},{"floor":11,"key":"Ornamental Fan"},{"floor":12,"key":"Ninja Scroll"}],"event_choices":[{"damage_healed":0,"gold_gain":0,"player_choice":"Lose Max HP","damage_taken":0,"relics_obtained":["Golden Idol"],"max_hp_gain":0,"max_hp_loss":6,"event_name":"Golden Idol","floor":3,"gold_loss":0},{"damage_healed":0,"gold_gain":0,"player_choice":"Donut","damage_taken":0,"max_hp_gain":5,"max_hp_loss":0,"event_name":"Big Fish","floor":4,"gold_loss":0},{"damage_healed":0,"gold_gain":0,"player_choice":"Grow","damage_taken":0,"max_hp_gain":0,"max_hp_loss":0,"event_name":"Living Wall","floor":5,"gold_loss":0,"cards_upgraded":["Neutralize"]}],"is_beta":false,"boss_relics":[],"items_purged_floors":[],"is_endless":false,"potions_floor_spawned":[1,11],"killed_by":"Gremlin Nob","ascension_level":20}