{"path_per_floor":["M","M","M","?","M","R","$","E","T","R","M","?","M","?","R"],"character_chosen":"IRONCLAD","items_purchased":["Transmutation"],"gold_per_floor":[109,122,133,208,218,218,15,41,109,109,124,124,139,139,139,139],"floor_reached":16,"campfire_rested":3,"playtime":907,"item_purchase_floors":[7],"current_hp_per_floor":[80,80,80,69,52,76,76,42,42,66,38,38,40,40,64,0],"items_purged":[],"gold":139,"score":122,"play_id":"d6107b7b-e2f3-43c7-9625-b367be7b6d07","local_time":"20180621225542","is_prod":false,"is_daily":false,"chose_seed":false,"is_ascension_mode":true,"campfire_upgraded":0,"win_rate":0,"timestamp":1529636142,"campfire_choices":[{"floor":6,"key":"REST"},{"floor":10,"key":"REST"},{"floor":15,"key":"REST"}],"path_taken":["M","M","M","?","M","R","?","E","T","R","?","?","M","?","R","BOSS"],"build_version":"2018-06-21","seed_source_timestamp":124910904008963,"purchased_purges":0,"circlet_count":0,"victory":false,"master_deck":["Strike_R","Strike_R","Strike_R","Strike_R","Strike_R","Defend_R","Defend_R","Defend_R","Bash","Armaments","Anger","Rage","Offering","Transmutation","Second Wind","Iron Wave","Shrug It Off","Warcry"],"max_hp_per_floor":[80,80,80,80,80,80,80,80,80,80,80,80,80,80,80,80],"relics":["Burning Blood","NeowsBlessing","Thread and Needle","Bottled Lightning"],"card_choices":[{"not_picked":["Sever Soul","Heavy Blade"],"picked":"Armaments","floor":1},{"not_picked":["Reckless Charge","Pommel Strike"],"picked":"Anger","floor":2},{"not_picked":["Anger","Rupture"],"picked":"Rage","floor":3},{"not_picked":["Fire Breathing","Twin Strike"],"picked":"Offering","floor":5},{"not_picked":["Twin Strike","Pummel"],"picked":"Second Wind","floor":8},{"not_picked":["Pummel","Clothesline"],"picked":"Iron Wave","floor":11},{"not_picked":["True Grit","Twin Strike"],"picked":"Shrug It Off","floor":13}],"player_experience":252417,"potions_floor_usage":[13,16],"damage_taken":[{"damage":0,"enemies":"Small Slimes","floor":1,"turns":1},{"damage":0,"enemies":"2 Louse","floor":2,"turns":1},{"damage":0,"enemies":"Cultist","floor":3,"turns":1},{"damage":23,"enemies":"Red Slaver","floor":5,"turns":6},{"damage":40,"enemies":"Lagavulin","floor":8,"turns":7},{"damage":34,"enemies":"Exordium Wildlife","floor":11,"turns":6},{"damage":4,"enemies":"Large Slime","floor":13,"turns":5},{"damage":67,"enemies":"Hexaghost","floor":16,"turns":10}],"relics_obtained":[{"floor":8,"key":"Thread and Needle"},{"floor":9,"key":"Bottled Lightning"}],"event_choices":[{"event_name":"World of Goop","player_choice":"Gather Gold","floor":4,"damage_taken":0},{"event_name":"Liars Game","player_choice":"disagreed","floor":12,"damage_taken":0},{"event_name":"Living Wall","player_choice":"Change","floor":14,"damage_taken":0}],"boss_relics":[],"items_purged_floors":[],"is_endless":false,"potions_floor_spawned":[3,11,13],"seed_played":"6476898092363624517","killed_by":"Hexaghost","ascension_level":4,"potions_obtained":[{"floor":3,"key":"SpeedPotion"},{"floor":11,"key":"Dexterity Potion"},{"floor":13,"key":"LiquidBronze"}],"is_trial":false}