{"gold_per_floor":[109,109,129,139,239,274,287,307,358,376,376,394,394,26,26,122,122,135,122,122,135,49,49,83,99,123,123,133,133,232,257,257,352,352,372,594,97,111,125,125,125,125],"floor_reached":42,"playtime":2472,"items_purged":["Regret","Strike_R","Doubt"],"score":466,"play_id":"824d1de2-7fab-4cce-b58d-07ead6bf7617","local_time":"20190913195209","is_ascension_mode":true,"campfire_choices":[{"data":"Shockwave","floor":15,"key":"SMITH"},{"data":"True Grit","floor":23,"key":"SMITH"},{"data":"Barricade","floor":29,"key":"SMITH"},{"floor":32,"key":"REST"},{"data":"Dark Embrace","floor":41,"key":"SMITH"}],"neow_cost":"NONE","seed_source_timestamp":149027487170700,"circlet_count":0,"master_deck":["Strike_R","Strike_R+1","Defend_R","Defend_R","Defend_R","Bash","Berserk","Wild Strike","Pommel Strike","Shockwave+1","Flex","Power Through","Sword Boomerang","Body Slam","Warcry","Metallicize","Ghostly Armor","Flash of Steel+1","Dark Embrace+1","Sever Soul","True Grit+1","Pommel Strike","Flame Barrier","Barricade+1","Thunderclap","J.A.X.","Shrug It Off","Impervious","Headbutt+1","Burning Pact","Shockwave","Shrug It Off+1","Feel No Pain","Clumsy"],"relics":["Black Blood","Pen Nib","Sundial","Oddly Smooth Stone","Membership Card","Cursed Key","Strawberry","Whetstone","Red Mask","Molten Egg 2","Self Forming Clay","Brimstone"],"potions_floor_usage":[24,28,28,31,31,31,33,42],"damage_taken":[{"damage":9,"enemies":"Small Slimes","floor":1,"turns":4},{"damage":2,"enemies":"Jaw Worm","floor":3,"turns":3},{"damage":2,"enemies":"Cultist","floor":4,"turns":3},{"damage":25,"enemies":"Gremlin Nob","floor":6,"turns":5},{"damage":18,"enemies":"Blue Slaver","floor":7,"turns":3},{"damage":19,"enemies":"Gremlin Gang","floor":8,"turns":5},{"damage":3,"enemies":"Exordium Wildlife","floor":10,"turns":4},{"damage":1,"enemies":"Exordium Thugs","floor":12,"turns":4},{"damage":15,"enemies":"Hexaghost","floor":16,"turns":10},{"damage":11,"enemies":"Shell Parasite","floor":18,"turns":5},{"damage":22,"enemies":"2 Thieves","floor":19,"turns":4},{"damage":17,"enemies":"3 Cultists","floor":21,"turns":7},{"damage":26,"enemies":"Book of Stabbing","floor":24,"turns":6},{"damage":12,"enemies":"Snake Plant","floor":25,"turns":6},{"damage":17,"enemies":"Cultist and Chosen","floor":28,"turns":8},{"damage":27,"enemies":"Masked Bandits","floor":31,"turns":5},{"damage":26,"enemies":"Champ","floor":33,"turns":10},{"damage":9,"enemies":"Orb Walker","floor":35,"turns":8},{"damage":10,"enemies":"3 Shapes","floor":38,"turns":6},{"damage":20,"enemies":"Transient","floor":39,"turns":5},{"damage":99,"enemies":"Reptomancer","floor":42,"turns":5}],"seed_played":"585679886964655882","potions_obtained":[{"floor":1,"key":"Swift Potion"},{"floor":4,"key":"BloodPotion"},{"floor":12,"key":"EntropicBrew"},{"floor":24,"key":"Energy Potion"},{"floor":25,"key":"Block Potion"},{"floor":31,"key":"BloodPotion"},{"floor":33,"key":"Ancient Potion"},{"floor":35,"key":"SteroidPotion"}],"is_trial":false,"path_per_floor":["M","?","M","M","?","E","M","M","T","M","?","M","?","$","R","B",null,"M","M","?","M","$","R","E","M","T","?","M","R","?","?","R","B",null,"M","?","$","M","M","T","R","E"],"character_chosen":"IRONCLAD","items_purchased":["Membership Card","Metallicize","Ghostly Armor","Flash of Steel","Flame Barrier","Burning Pact","Molten Egg 2","Self Forming Clay","Brimstone","Shockwave"],"campfire_rested":1,"item_purchase_floors":[14,14,14,14,22,37,37,37,37,37],"current_hp_per_floor":[77,77,80,80,80,61,49,36,36,39,39,44,37,37,37,28,80,75,59,59,48,48,48,55,49,49,49,38,38,38,22,48,28,87,87,87,87,87,77,77,77,0],"gold":125,"neow_bonus":"ONE_RANDOM_RARE_CARD","is_prod":false,"is_daily":false,"chose_seed":false,"campfire_upgraded":4,"win_rate":0,"timestamp":1568371929,"path_taken":["M","?","M","M","?","E","M","M","T","?","?","?","?","$","R","BOSS","M","M","?","M","?","R","E","M","T","?","M","R","?","?","R","BOSS","M","?","$","M","M","?","R","E"],"build_version":"2019-07-17","purchased_purges":3,"victory":false,"max_hp_per_floor":[80,80,80,80,80,80,80,80,80,80,80,80,80,80,80,80,80,80,80,80,80,80,80,87,87,87,87,87,87,87,87,87,87,87,87,87,87,87,87,87,87,87],"card_choices":[{"not_picked":["Dual Wield","Sever Soul"],"picked":"Wild Strike","floor":1},{"not_picked":["Dual Wield","Wild Strike"],"picked":"Pommel Strike","floor":3},{"not_picked":["Flex","Clothesline"],"picked":"Shockwave","floor":4},{"not_picked":["Seeing Red","Entrench"],"picked":"Flex","floor":6},{"not_picked":["Ghostly Armor","Shrug It Off"],"picked":"Power Through","floor":7},{"not_picked":["Flex","Clash"],"picked":"Sword Boomerang","floor":8},{"not_picked":["Clothesline","Infernal Blade"],"picked":"Body Slam","floor":10},{"not_picked":["Bludgeon","Perfected Strike"],"picked":"Warcry","floor":12},{"not_picked":["Exhume","Impervious"],"picked":"Dark Embrace","floor":16},{"not_picked":["Armaments","Corruption"],"picked":"Sever Soul","floor":18},{"not_picked":["Pommel Strike+1","Metallicize"],"picked":"True Grit","floor":19},{"not_picked":["Bloodletting","Perfected Strike+1"],"picked":"Pommel Strike","floor":21},{"not_picked":["True Grit+1","Thunderclap"],"picked":"Barricade","floor":24},{"not_picked":["True Grit","Sever Soul+1"],"picked":"Thunderclap","floor":25},{"not_picked":["Sword Boomerang","Flex","Thunderclap"],"picked":"SKIP","floor":28},{"not_picked":["Iron Wave","Heavy Blade+1"],"picked":"Shrug It Off","floor":31},{"not_picked":["Exhume","Reaper"],"picked":"Impervious","floor":33},{"not_picked":["Carnage+1","True Grit+1"],"picked":"Headbutt+1","floor":35},{"not_picked":["Warcry+1","Pommel Strike+1"],"picked":"Shrug It Off+1","floor":38},{"not_picked":["Burning Pact+1","Clothesline+1"],"picked":"Feel No Pain","floor":39}],"player_experience":57648,"relics_obtained":[{"floor":6,"key":"Sundial"},{"floor":9,"key":"Oddly Smooth Stone"},{"floor":24,"key":"Strawberry"},{"floor":26,"key":"Whetstone"},{"floor":31,"key":"Red Mask"}],"event_choices":[{"damage_healed":0,"gold_gain":0,"player_choice":"Box","damage_taken":0,"relics_obtained":["Pen Nib"],"max_hp_gain":0,"max_hp_loss":0,"event_name":"Big Fish","floor":2,"gold_loss":0,"cards_obtained":["Regret"]},{"damage_healed":0,"gold_gain":100,"player_choice":"Gold","damage_taken":0,"max_hp_gain":0,"max_hp_loss":0,"event_name":"Wheel of Change","floor":5,"gold_loss":0},{"cards_removed":["Strike_R"],"damage_healed":0,"gold_gain":0,"player_choice":"Purged","damage_taken":0,"max_hp_gain":0,"max_hp_loss":0,"event_name":"Purifier","floor":11,"gold_loss":0},{"cards_removed":["Strike_R"],"damage_healed":0,"gold_gain":0,"player_choice":"Card Removal","damage_taken":7,"max_hp_gain":0,"max_hp_loss":0,"event_name":"Golden Wing","floor":13,"gold_loss":0},{"cards_removed":["Defend_R"],"damage_healed":0,"gold_gain":0,"player_choice":"Purged","damage_taken":0,"max_hp_gain":0,"max_hp_loss":0,"event_name":"Purifier","floor":20,"gold_loss":0},{"damage_healed":0,"gold_gain":0,"player_choice":"Obtain J.A.X.","damage_taken":0,"max_hp_gain":0,"max_hp_loss":0,"event_name":"Drug Dealer","floor":27,"gold_loss":0,"cards_obtained":["J.A.X."]},{"damage_healed":0,"gold_gain":99,"player_choice":"Stole From Cult","damage_taken":0,"max_hp_gain":0,"max_hp_loss":0,"event_name":"Nest","floor":30,"gold_loss":0},{"damage_healed":0,"gold_gain":0,"player_choice":"Fought Bandits","damage_taken":0,"max_hp_gain":0,"max_hp_loss":0,"event_name":"Masked Bandits","floor":31,"gold_loss":0},{"damage_healed":0,"gold_gain":222,"player_choice":"Wore Mask","damage_taken":0,"max_hp_gain":0,"max_hp_loss":0,"event_name":"Tomb of Lord Red Mask","floor":36,"gold_loss":0}],"is_beta":false,"boss_relics":[{"not_picked":["Coffee Dripper","Calling Bell"],"picked":"Cursed Key"},{"not_picked":["Snecko Eye","Philosopher\u0027s Stone"],"picked":"Black Blood"}],"items_purged_floors":[14,22,37],"is_endless":false,"potions_floor_spawned":[1,4,12,19,24,25,31,33,35],"killed_by":"Reptomancer","ascension_level":1}