{"gold_per_floor":[110,35,35,45,145,163,163,174,197,236,267,289,301,325,337,449,461,487,499,522,514,544,583,595,642,700,60,78,92,92,104,104,208,208,218,218,228,242,93,93,125,142,224,100,112,161,172,184,184,184],"floor_reached":50,"playtime":3418,"items_purged":["Strike_G","Strike_G"],"score":545,"play_id":"ae27815c-2628-48ce-90ee-faae441447b3","local_time":"20190530052135","is_ascension_mode":false,"campfire_choices":[{"data":"Neutralize","floor":7.0,"key":"SMITH"},{"data":"Flying Knee","floor":13.0,"key":"SMITH"},{"data":"Survivor","floor":15.0,"key":"SMITH"},{"floor":24.0,"key":"REST"},{"floor":30.0,"key":"REST"},{"floor":32.0,"key":"REST"},{"data":"Poisoned Stab","floor":40.0,"key":"SMITH"},{"floor":49,"key":"REST"}],"neow_cost":"NONE","seed_source_timestamp":0,"circlet_count":0,"master_deck":["Defend_G","Defend_G","Defend_G","Defend_G+1","Defend_G","Strike_G","Strike_G","Strike_G","Survivor+1","Neutralize+1","Flying Knee+1","Dagger Spray","Underhanded Strike","Cloak And Dagger+1","PiercingWail","Poisoned Stab+1","Backflip+1","Flying Knee+1","Deflect","Poisoned Stab","Deadly Poison","Slice+1","Cloak And Dagger+1"],"special_seed":0,"relics":["Ring of the Serpent","NeowsBlessing","Anchor","MawBank","Pocketwatch","War Paint","Ice Cream","Snake Skull","TwistedFunnel","The Specimen","Busted Crown","PreservedInsect","Boot","Darkstone Periapt","Torii"],"potions_floor_usage":[50],"damage_taken":[{"damage":0.0,"enemies":"Small Slimes","floor":1.0,"turns":1.0},{"damage":0.0,"enemies":"Cultist","floor":4.0,"turns":1.0},{"damage":0.0,"enemies":"2 Louse","floor":6.0,"turns":1.0},{"damage":1.0,"enemies":"Red Slaver","floor":8.0,"turns":4.0},{"damage":20.0,"enemies":"Lagavulin","floor":10.0,"turns":6.0},{"damage":0.0,"enemies":"Looter","floor":11.0,"turns":3.0},{"damage":0.0,"enemies":"Exordium Thugs","floor":12.0,"turns":4.0},{"damage":14.0,"enemies":"Gremlin Gang","floor":14.0,"turns":4.0},{"damage":10.0,"enemies":"The Guardian","floor":16.0,"turns":18.0},{"damage":0.0,"enemies":"3 Byrds","floor":18.0,"turns":5.0},{"damage":14.0,"enemies":"Spheric Guardian","floor":20.0,"turns":6.0},{"damage":13.0,"enemies":"3 Cultists","floor":22.0,"turns":8.0},{"damage":13.0,"enemies":"Slavers","floor":23.0,"turns":10.0},{"damage":29.0,"enemies":"Book of Stabbing","floor":25.0,"turns":10.0},{"damage":0.0,"enemies":"Snecko","floor":28.0,"turns":5.0},{"damage":1.0,"enemies":"Centurion and Healer","floor":29.0,"turns":6.0},{"damage":6.0,"enemies":"Snake Plant","floor":31.0,"turns":5.0},{"damage":38.0,"enemies":"Collector","floor":33.0,"turns":9.0},{"damage":1.0,"enemies":"3 Darklings","floor":35.0,"turns":5.0},{"damage":0.0,"enemies":"Orb Walker","floor":37.0,"turns":3.0},{"damage":21.0,"enemies":"Sphere and 2 Shapes","floor":38.0,"turns":6.0},{"damage":17.0,"enemies":"Giant Head","floor":41.0,"turns":8.0},{"damage":0.0,"enemies":"4 Shapes","floor":42.0,"turns":5.0},{"damage":0.0,"enemies":"Writhing Mass","floor":45.0,"turns":5.0},{"damage":8.0,"enemies":"2 Orb Walkers","floor":46.0,"turns":5.0},{"damage":1.0,"enemies":"Spire Growth","floor":47.0,"turns":4.0},{"damage":10,"enemies":"Transient","floor":48,"turns":5},{"damage":45,"enemies":"Time Eater","floor":50,"turns":13}],"seed_played":"8148677863700868651","potions_obtained":[{"floor":4.0,"key":"SteroidPotion"},{"floor":6.0,"key":"Ancient Potion"},{"floor":8.0,"key":"GhostInAJar"},{"floor":10.0,"key":"Poison Potion"},{"floor":18.0,"key":"Poison Potion"},{"floor":21.0,"key":"Dexterity Potion"},{"floor":28.0,"key":"SkillPotion"},{"floor":29.0,"key":"Ancient Potion"},{"floor":33.0,"key":"FearPotion"},{"floor":35.0,"key":"SkillPotion"},{"floor":38.0,"key":"Fire Potion"},{"floor":41.0,"key":"Fire Potion"},{"floor":42.0,"key":"Dexterity Potion"}],"is_trial":false,"path_per_floor":["M","$","?","M","?","M","R","M","T","E","M","M","R","M","R","B",null,"M","$","M","?","M","E","R","E","T","$","M","M","R","M","R","B",null,"M","?","M","M","$","R","E","M","T","$","M","?","M","M","R","B"],"character_chosen":"THE_SILENT","items_purchased":["TwistedFunnel","The Specimen","AttackPotion","PreservedInsect","Deadly Poison","GhostInAJar"],"campfire_rested":4,"item_purchase_floors":[27,27,27,39,44,44],"current_hp_per_floor":[70,70,70,70,70,70,70,69,69,49,49,49,49,35,35,25,70,70,70,56,56,43,30,51,22,22,22,22,21,42,36,57,19,70,69,69,69,48,48,48,31,31,31,31,31,23,22,12,33,0],"gold":184,"neow_bonus":"THREE_ENEMY_KILL","is_prod":false,"is_daily":false,"chose_seed":false,"campfire_upgraded":4,"win_rate":0,"timestamp":1559208095,"path_taken":["M","$","?","?","?","M","R","?","T","E","M","M","R","M","R","BOSS","M","$","M","?","M","E","R","E","T","$","M","M","R","M","R","BOSS","M","?","M","?","?","R","E","M","T","$","M","?","M","M","R","BOSS"],"build_version":"2019-01-23","purchased_purges":2,"victory":false,"max_hp_per_floor":[70,70,70,70,70,70,70,70,70,70,70,70,70,70,70,70,70,70,70,70,70,70,70,70,70,70,70,70,70,70,70,70,70,70,70,70,70,70,70,70,70,70,70,70,70,70,70,70,70,70],"card_choices":[{"not_picked":["Bane","Backstab"],"picked":"Dagger Throw","floor":1.0},{"not_picked":["Cloak And Dagger","Blur"],"picked":"Flying Knee","floor":4.0},{"not_picked":["Prepared","Slice"],"picked":"Dagger Spray","floor":6.0},{"not_picked":["Backflip","Dagger Spray"],"picked":"Underhanded Strike","floor":8.0},{"not_picked":["Concentrate","Slice","Outmaneuver"],"picked":"SKIP","floor":10.0},{"not_picked":["Heel Hook","Deflect"],"picked":"Cloak And Dagger","floor":11.0},{"not_picked":["Dash","Blur","Tools of the Trade"],"picked":"SKIP","floor":12.0},{"not_picked":["Quick Slash","Terror","Skewer"],"picked":"SKIP","floor":14.0},{"not_picked":["Underhanded Strike+1","Cloak And Dagger","Distraction"],"picked":"SKIP","floor":18.0},{"not_picked":["Blade Dance","Infinite Blades+1"],"picked":"PiercingWail","floor":20.0},{"not_picked":["Catalyst+1","Reflex+1"],"picked":"Poisoned Stab","floor":22.0},{"not_picked":["Leg Sweep","Finisher+1"],"picked":"Backflip+1","floor":23.0},{"not_picked":["Cloak And Dagger+1","Blade Dance"],"picked":"Flying Knee+1","floor":25.0},{"not_picked":["Backflip","Prepared"],"picked":"Deflect","floor":28.0},{"not_picked":["Dagger Throw","Underhanded Strike","Noxious Fumes"],"picked":"SKIP","floor":29.0},{"not_picked":["Slice+1","Prepared+1"],"picked":"Poisoned Stab","floor":31.0},{"not_picked":["Prepared+1"],"picked":"SKIP","floor":35.0},{"not_picked":["Predator+1"],"picked":"SKIP","floor":37.0},{"not_picked":["Predator+1"],"picked":"SKIP","floor":38.0},{"not_picked":["Bullet Time"],"picked":"SKIP","floor":41.0},{"not_picked":["Expertise"],"picked":"SKIP","floor":42.0},{"not_picked":["Deflect"],"picked":"SKIP","floor":45.0},{"not_picked":[],"picked":"Slice+1","floor":46.0},{"not_picked":["Predator"],"picked":"SKIP","floor":47.0},{"not_picked":[],"picked":"Cloak And Dagger+1","floor":48}],"player_experience":1568238,"relics_obtained":[{"floor":9.0,"key":"MawBank"},{"floor":10.0,"key":"Pocketwatch"},{"floor":23.0,"key":"War Paint"},{"floor":25.0,"key":"Ice Cream"},{"floor":26.0,"key":"Snake Skull"},{"floor":41.0,"key":"Boot"},{"floor":43.0,"key":"Darkstone Periapt"},{"floor":46.0,"key":"Torii"}],"event_choices":[{"cards_removed":["Dagger Throw"],"damage_healed":0.0,"max_hp_gain":0.0,"max_hp_loss":0.0,"gold_gain":0.0,"event_name":"WeMeetAgain","player_choice":"Gave Card","floor":3.0,"gold_loss":0.0,"damage_taken":0.0,"relics_obtained":["Anchor"]},{"damage_healed":0.0,"max_hp_gain":0.0,"max_hp_loss":0.0,"gold_gain":100.0,"event_name":"Golden Shrine","player_choice":"Pray","floor":5.0,"gold_loss":0.0,"damage_taken":0.0},{"damage_healed":0.0,"max_hp_gain":0.0,"max_hp_loss":0.0,"gold_gain":0.0,"event_name":"The Woman in Blue","player_choice":"Bought 1 Potion","floor":21.0,"gold_loss":0.0,"damage_taken":0.0},{"damage_healed":0.0,"max_hp_gain":0.0,"max_hp_loss":0.0,"gold_gain":0.0,"event_name":"Lab","player_choice":"Got Potions","floor":36.0,"gold_loss":0.0,"damage_taken":0.0},{"damage_healed":0.0,"max_hp_gain":0.0,"max_hp_loss":0.0,"gold_gain":0.0,"event_name":"Mysterious Sphere","player_choice":"Fight","floor":46.0,"gold_loss":0.0,"damage_taken":0.0}],"is_beta":false,"boss_relics":[{"not_picked":["Snecko Eye","Velvet Choker"],"picked":"Ring of the Serpent"},{"not_picked":["Coffee Dripper","Black Star"],"picked":"Busted Crown"}],"items_purged_floors":[2,27],"is_endless":false,"potions_floor_spawned":[4,6,8,10,18,28,29,33,35,38,41,42],"killed_by":"Time Eater","ascension_level":0}