{"gold_per_floor":[114,126,146,200,214,214,230,230,230,257,290,239,256,1,1,74,74,93,93,106,120,5,5,5,15,15,35,35,35,52,77,77,77],"floor_reached":33,"playtime":1486,"items_purged":[],"score":663,"play_id":"70886033-33be-407f-8348-7dee903b5057","local_time":"20190824170937","is_ascension_mode":true,"campfire_choices":[{"data":"Poisoned Stab","floor":6.0,"key":"SMITH"},{"data":"Neutralize","floor":8.0,"key":"SMITH"},{"floor":15.0,"key":"REST"},{"data":"Leg Sweep","floor":23.0,"key":"SMITH"},{"data":"Noxious Fumes","floor":29.0,"key":"SMITH"},{"floor":32.0,"key":"REST"}],"neow_cost":"NONE","seed_source_timestamp":671705046343390,"circlet_count":0,"master_deck":["AscendersBane","Strike_G","Strike_G","Strike_G","Strike_G","Defend_G","Defend_G","Defend_G","Defend_G","Defend_G","Survivor","Neutralize+1","Flying Knee","Dagger Throw","Poisoned Stab+1","Deflect","Backstab","Finisher+1","PiercingWail","Sucker Punch+1","Leg Sweep+1","Corpse Explosion","Backstab+1","Neutralize+1","Slice+1","Heel Hook+1","Backstab+1","Noxious Fumes+1","Footwork","Predator+1","Backstab+1"],"special_seed":0,"relics":["Ring of the Snake","Omamori","Bag of Preparation","Molten Egg 2","Odd Mushroom","Potion Belt","Regal Pillow","Philosopher\u0027s Stone","Mummified Hand","Toxic Egg 2"],"potions_floor_usage":[33],"damage_taken":[{"damage":1.0,"enemies":"Cultist","floor":1.0,"turns":6.0},{"damage":3.0,"enemies":"2 Louse","floor":2.0,"turns":4.0},{"damage":1.0,"enemies":"Jaw Worm","floor":3.0,"turns":4.0},{"damage":4.0,"enemies":"2 Fungi Beasts","floor":5.0,"turns":4.0},{"damage":4.0,"enemies":"Exordium Thugs","floor":7.0,"turns":5.0},{"damage":0.0,"enemies":"The Mushroom Lair","floor":10.0,"turns":4.0},{"damage":31.0,"enemies":"3 Sentries","floor":11.0,"turns":12.0},{"damage":0.0,"enemies":"Exordium Wildlife","floor":13.0,"turns":1.0},{"damage":20.0,"enemies":"Hexaghost","floor":16.0,"turns":8.0},{"damage":0.0,"enemies":"Chosen","floor":18.0,"turns":3.0},{"damage":11.0,"enemies":"Shell Parasite","floor":20.0,"turns":2.0},{"damage":6.0,"enemies":"Centurion and Healer","floor":21.0,"turns":3.0},{"damage":7.0,"enemies":"Sentry and Sphere","floor":25.0,"turns":3.0},{"damage":0.0,"enemies":"Snecko","floor":27.0,"turns":4.0},{"damage":18.0,"enemies":"Snake Plant","floor":30.0,"turns":3.0},{"damage":0.0,"enemies":"Gremlin Leader","floor":31.0,"turns":3.0},{"damage":51,"enemies":"Champ","floor":33,"turns":14}],"seed_played":"3032791939428577220","potions_obtained":[{"floor":1.0,"key":"Energy Potion"},{"floor":3.0,"key":"AttackPotion"},{"floor":11.0,"key":"Poison Potion"},{"floor":13.0,"key":"Poison Potion"},{"floor":16.0,"key":"GhostInAJar"},{"floor":18.0,"key":"Explosive Potion"},{"floor":20.0,"key":"SmokeBomb"},{"floor":25.0,"key":"LiquidBronze"}],"is_trial":false,"path_per_floor":["M","M","M","T","M","R","M","R","T","?","E","?","M","$","R","B",null,"M","?","M","M","$","R","$","M","T","M","?","R","M","E","R","B"],"character_chosen":"THE_SILENT","items_purchased":["Regal Pillow","Leg Sweep","Backstab+1","Noxious Fumes"],"campfire_rested":2,"item_purchase_floors":[14,14,22,22],"current_hp_per_floor":[58,55,54,54,50,50,46,46,46,46,15,15,15,15,49,29,57,57,57,46,40,40,40,40,33,33,33,33,33,15,15,49,0],"gold":77,"neow_bonus":"RANDOM_COMMON_RELIC","is_prod":false,"is_daily":false,"chose_seed":false,"campfire_upgraded":4,"win_rate":0,"timestamp":1566684577,"path_taken":["M","M","M","?","M","R","M","R","T","?","E","?","M","$","R","BOSS","M","?","M","M","?","R","$","M","T","M","?","R","?","E","R","BOSS"],"build_version":"2019-07-17","purchased_purges":0,"victory":false,"max_hp_per_floor":[66,66,66,66,66,66,66,66,66,66,66,66,66,66,66,66,66,66,66,66,66,66,66,66,66,66,66,66,66,66,66,66,66],"card_choices":[{"not_picked":["Catalyst","Skewer"],"picked":"Flying Knee","floor":1.0},{"not_picked":["Sucker Punch","Quick Slash"],"picked":"Dagger Throw","floor":2.0},{"not_picked":["Blur","Endless Agony"],"picked":"Poisoned Stab","floor":3.0},{"not_picked":["Dagger Throw","Acrobatics"],"picked":"Deflect","floor":5.0},{"not_picked":["Cloak And Dagger","Distraction"],"picked":"Backstab","floor":7.0},{"not_picked":["Quick Slash+1","Dash+1"],"picked":"Finisher+1","floor":10.0},{"not_picked":["Dagger Throw+1","Predator+1"],"picked":"PiercingWail","floor":11.0},{"not_picked":["Finisher+1","Flying Knee+1"],"picked":"Sucker Punch+1","floor":13.0},{"not_picked":["A Thousand Cuts","Phantasmal Killer"],"picked":"Corpse Explosion","floor":16.0},{"not_picked":["Flying Knee+1","Concentrate"],"picked":"Backstab+1","floor":18.0},{"not_picked":["Acrobatics","Prepared"],"picked":"Slice+1","floor":20.0},{"not_picked":["Blade Dance","Flying Knee+1"],"picked":"Heel Hook+1","floor":21.0},{"not_picked":["Flechettes+1","Heel Hook+1"],"picked":"Footwork","floor":25.0},{"not_picked":["Escape Plan","Bane+1"],"picked":"Predator+1","floor":27.0},{"not_picked":["Sucker Punch+1","Bullet Time"],"picked":"Backstab+1","floor":30.0},{"not_picked":["Flying Knee+1","Expertise","Finisher+1"],"picked":"SKIP","floor":31.0}],"player_experience":286880,"relics_obtained":[{"floor":4.0,"key":"Bag of Preparation"},{"floor":9.0,"key":"Molten Egg 2"},{"floor":10.0,"key":"Odd Mushroom"},{"floor":11.0,"key":"Potion Belt"},{"floor":26.0,"key":"Mummified Hand"},{"floor":31.0,"key":"Toxic Egg 2"}],"event_choices":[{"damage_healed":0.0,"max_hp_gain":0.0,"max_hp_loss":0.0,"gold_gain":0.0,"event_name":"Mushrooms","player_choice":"Fought Mushrooms","floor":10.0,"gold_loss":0.0,"damage_taken":0.0},{"damage_healed":0.0,"max_hp_gain":0.0,"max_hp_loss":0.0,"gold_gain":0.0,"event_name":"World of Goop","player_choice":"Left Gold","floor":12.0,"gold_loss":51.0,"damage_taken":0.0},{"damage_healed":0.0,"max_hp_gain":0.0,"max_hp_loss":0.0,"gold_gain":0.0,"event_name":"Duplicator","player_choice":"Copied","floor":19.0,"gold_loss":0.0,"damage_taken":0.0,"cards_obtained":["Neutralize"]},{"cards_removed":["Strike_G"],"damage_healed":0.0,"max_hp_gain":0.0,"max_hp_loss":0.0,"gold_gain":0.0,"event_name":"Purifier","player_choice":"Purged","floor":28.0,"gold_loss":0.0,"damage_taken":0.0}],"is_beta":false,"boss_relics":[{"not_picked":["WristBlade","Black Star"],"picked":"Philosopher\u0027s Stone"}],"items_purged_floors":[],"is_endless":false,"potions_floor_spawned":[1,3,11,13,16,18,20,25],"killed_by":"Champ","ascension_level":20}