{"gold_per_floor":[111,111,125,50,50,88,88,104,131,131,26,26,26,70,70,190,190,206,220,240,240,99,99,122,122],"floor_reached":25,"playtime":1340,"items_purged":["Strike_B","Strike_B"],"score":261,"play_id":"879922f5-b9aa-4e1a-ab30-9dcef652a280","local_time":"20190721174439","is_ascension_mode":true,"campfire_choices":[{"floor":7.0,"key":"REST"},{"data":"Zap","floor":10.0,"key":"SMITH"},{"data":"Dualcast","floor":12.0,"key":"SMITH"},{"data":"Hologram","floor":15.0,"key":"SMITH"},{"floor":23.0,"key":"REST"}],"neow_cost":"NONE","seed_source_timestamp":93260027218297,"circlet_count":0,"master_deck":["Strike_B","Strike_B","Defend_B+1","Defend_B","Defend_B+1","Defend_B","Zap+1","Dualcast+1","Hologram+1","Barrage","Genetic Algorithm","Capacitor","Echo Form","Cold Snap+1","Coolheaded","Loop","Conserve Battery+1"],"special_seed":0,"relics":["Cracked Core","Orichalcum","Golden Idol","War Paint","Singing Bowl","Cursed Key"],"potions_floor_usage":[],"damage_taken":[{"damage":3.0,"enemies":"Jaw Worm","floor":1.0,"turns":3.0},{"damage":0.0,"enemies":"2 Louse","floor":3.0,"turns":2.0},{"damage":48.0,"enemies":"Lagavulin","floor":6.0,"turns":6.0},{"damage":0.0,"enemies":"Cultist","floor":8.0,"turns":3.0},{"damage":2.0,"enemies":"Gremlin Nob","floor":14.0,"turns":3.0},{"damage":20.0,"enemies":"Hexaghost","floor":16.0,"turns":9.0},{"damage":6.0,"enemies":"Shell Parasite","floor":18.0,"turns":5.0},{"damage":30.0,"enemies":"2 Thieves","floor":19.0,"turns":4.0},{"damage":7.0,"enemies":"Centurion and Healer","floor":20.0,"turns":6.0},{"damage":13.0,"enemies":"Chosen and Byrds","floor":24.0,"turns":5.0},{"damage":37,"enemies":"Book of Stabbing","floor":25,"turns":5}],"seed_played":"-4174397988932643619","potions_obtained":[{"floor":6.0,"key":"Poison Potion"},{"floor":13.0,"key":"EntropicBrew"},{"floor":13.0,"key":"Poison Potion"},{"floor":16.0,"key":"Weak Potion"},{"floor":19.0,"key":"AttackPotion"},{"floor":20.0,"key":"FocusPotion"}],"is_trial":false,"path_per_floor":["M","?","M","$","?","E","R","M","T","R","$","R","?","E","R","B",null,"M","M","M","?","$","R","M","E"],"character_chosen":"DEFECT","items_purchased":["Genetic Algorithm","Capacitor","Loop"],"campfire_rested":2,"item_purchase_floors":[11,11,22],"current_hp_per_floor":[72,77,77,77,57,9,33,33,33,33,33,33,33,31,31,13,65,59,31,24,24,24,49,36,0],"gold":122,"neow_bonus":"RANDOM_COMMON_RELIC","is_prod":false,"is_daily":false,"chose_seed":false,"campfire_upgraded":3,"win_rate":0,"timestamp":1563723879,"path_taken":["M","?","M","$","?","E","R","M","T","R","?","R","?","E","R","BOSS","M","?","?","?","$","R","M","E"],"build_version":"2019-07-17","purchased_purges":2,"victory":false,"max_hp_per_floor":[75,80,80,80,80,80,80,80,80,80,80,80,80,80,80,82,82,82,84,84,84,84,84,84,84],"card_choices":[{"not_picked":["Compile Driver","Ball Lightning","Force Field"],"picked":"SKIP","floor":1.0},{"not_picked":["Redo","Chaos","Gash"],"picked":"SKIP","floor":3.0},{"not_picked":["Chill","Cold Snap"],"picked":"Hologram","floor":6.0},{"not_picked":["Rebound","Doom and Gloom"],"picked":"Barrage","floor":8.0},{"not_picked":["Electrodynamics","Heatsinks"],"picked":"Echo Form","floor":14.0},{"not_picked":["Thunder Strike","Electrodynamics","Amplify"],"picked":"Singing Bowl","floor":16.0},{"not_picked":["Skim","Scrape+1"],"picked":"Cold Snap+1","floor":18.0},{"not_picked":["Conserve Battery","Capacitor","Skim"],"picked":"Singing Bowl","floor":19.0},{"not_picked":["Go for the Eyes","Conserve Battery"],"picked":"Coolheaded","floor":20.0},{"not_picked":["Fusion","Seek"],"picked":"Conserve Battery+1","floor":24.0}],"player_experience":63703,"relics_obtained":[{"floor":6.0,"key":"War Paint"},{"floor":14.0,"key":"Singing Bowl"}],"event_choices":[{"damage_healed":0.0,"max_hp_gain":5.0,"max_hp_loss":0.0,"gold_gain":0.0,"event_name":"Big Fish","player_choice":"Donut","floor":2.0,"gold_loss":0.0,"damage_taken":0.0},{"damage_healed":0.0,"max_hp_gain":0.0,"max_hp_loss":0.0,"gold_gain":0.0,"event_name":"Golden Idol","player_choice":"Take Damage","floor":5.0,"gold_loss":0.0,"damage_taken":20.0,"relics_obtained":["Golden Idol"]},{"damage_healed":0.0,"max_hp_gain":0.0,"max_hp_loss":0.0,"gold_gain":0.0,"event_name":"Lab","player_choice":"Got Potions","floor":13.0,"gold_loss":0.0,"damage_taken":0.0},{"damage_healed":0.0,"max_hp_gain":0.0,"max_hp_loss":0.0,"gold_gain":0.0,"event_name":"Ghosts","player_choice":"Ignored","floor":21.0,"gold_loss":0.0,"damage_taken":0.0}],"is_beta":false,"boss_relics":[{"not_picked":["Philosopher\u0027s Stone","Orrery"],"picked":"Cursed Key"}],"items_purged_floors":[4,22],"is_endless":false,"potions_floor_spawned":[6,14,16,19,20],"killed_by":"Book of Stabbing","ascension_level":5}