{"gold_per_floor":[367,367,387,2,2,2,18,47,74,74,102,120,140,140,140,214,214,225,225,244,36,36,36],"floor_reached":23,"playtime":1183,"items_purged":[],"score":398,"play_id":"a4467fe1-717e-43e1-9479-35f750b19c4d","local_time":"20190803235300","is_ascension_mode":true,"campfire_choices":[{"floor":6,"key":"REST"},{"floor":10,"key":"REST"},{"data":"True Grit","floor":15,"key":"SMITH"}],"neow_cost":"CURSE","seed_source_timestamp":634610404508509,"circlet_count":0,"master_deck":["AscendersBane","Strike_B","Strike_B","Strike_B","Strike_B","Defend_B","Defend_B","Defend_B","Defend_B","Zap","Dualcast","Rebound","Cold Snap","Core Surge","Terror","True Grit+1","Leap","Carnage","Defragment","Juggernaut","Shame","Flying Knee","Meteor Strike","Coolheaded","Writhe"],"relics":["Cracked Core","PrismaticShard","Blood Vial","Girya","Dream Catcher","Pen Nib","Sozu","Ice Cream","Turnip"],"potions_floor_usage":[11,16,16],"damage_taken":[{"damage":13,"enemies":"Jaw Worm","floor":1,"turns":5},{"damage":1,"enemies":"2 Louse","floor":3,"turns":2},{"damage":10,"enemies":"Small Slimes","floor":7,"turns":3},{"damage":34,"enemies":"3 Sentries","floor":8,"turns":8},{"damage":14,"enemies":"Gremlin Nob","floor":11,"turns":4},{"damage":8,"enemies":"3 Louse","floor":12,"turns":2},{"damage":5,"enemies":"2 Fungi Beasts","floor":13,"turns":3},{"damage":8,"enemies":"Hexaghost","floor":16,"turns":8},{"damage":19,"enemies":"Spheric Guardian","floor":18,"turns":4},{"damage":33,"enemies":"Shell Parasite","floor":20,"turns":4},{"damage":18,"enemies":"Slavers","floor":23,"turns":1}],"seed_played":"8623090716091852468","potions_obtained":[{"floor":7,"key":"Weak Potion"},{"floor":8,"key":"Strength Potion"},{"floor":12,"key":"SteroidPotion"}],"is_trial":false,"path_per_floor":["M","?","M","$","?","R","M","E","T","R","E","M","M","?","R","B",null,"M","?","M","$","?","E"],"character_chosen":"DEFECT","items_purchased":["PrismaticShard","Core Surge","Meteor Strike","Coolheaded"],"campfire_rested":2,"item_purchase_floors":[4,4,21,21],"current_hp_per_floor":[51,44,43,43,32,53,45,13,13,34,22,16,13,36,36,30,61,44,44,13,13,13,0],"gold":36,"neow_bonus":"TWO_FIFTY_GOLD","is_prod":false,"is_daily":false,"chose_seed":false,"campfire_upgraded":1,"win_rate":0,"timestamp":1564890780,"path_taken":["M","?","M","$","?","R","?","E","T","R","E","M","M","?","R","BOSS","M","?","M","$","?","E"],"build_version":"2019-07-17","purchased_purges":0,"victory":false,"max_hp_per_floor":[71,71,71,71,71,71,71,71,71,71,71,71,71,71,71,71,71,71,71,71,71,71,71],"card_choices":[{"not_picked":["Conserve Battery","Double Energy"],"picked":"Rebound","floor":1},{"not_picked":["Stack","Aggregate"],"picked":"Cold Snap","floor":3},{"not_picked":["Leap","Enlightenment"],"picked":"Terror","floor":7},{"not_picked":["Quick Slash","Steam Power"],"picked":"True Grit","floor":8},{"not_picked":["Accuracy","Outmaneuver"],"picked":"Leap","floor":10},{"not_picked":["Beam Cell","Gash","Bandage Up"],"picked":"SKIP","floor":11},{"not_picked":["Backflip","Sword Boomerang"],"picked":"Carnage","floor":12},{"not_picked":["Dagger Throw","Sword Boomerang"],"picked":"Defragment","floor":13},{"not_picked":["Offering","Burst"],"picked":"Juggernaut","floor":16},{"not_picked":["Blade Dance","Perfected Strike","Spot Weakness"],"picked":"SKIP","floor":18},{"not_picked":["Streamline","Thunderclap"],"picked":"Flying Knee","floor":20}],"player_experience":1699922,"relics_obtained":[{"floor":8,"key":"Girya"},{"floor":9,"key":"Dream Catcher"},{"floor":11,"key":"Pen Nib"}],"event_choices":[{"cards_removed":["Decay"],"damage_healed":0,"gold_gain":0,"player_choice":"Card Removal","damage_taken":7,"max_hp_gain":0,"max_hp_loss":0,"event_name":"Golden Wing","floor":2,"gold_loss":0},{"damage_healed":0,"gold_gain":0,"player_choice":"Success","damage_taken":11,"relics_obtained":["Blood Vial"],"max_hp_gain":0,"max_hp_loss":0,"event_name":"Scrap Ooze","floor":5,"gold_loss":0},{"damage_healed":23,"gold_gain":0,"player_choice":"Banana","damage_taken":0,"max_hp_gain":0,"max_hp_loss":0,"event_name":"Big Fish","floor":14,"gold_loss":0},{"damage_healed":0,"gold_gain":0,"player_choice":"Stole Relic","damage_taken":0,"relics_obtained":["Ice Cream"],"max_hp_gain":0,"max_hp_loss":0,"event_name":"Addict","floor":19,"gold_loss":0,"cards_obtained":["Shame"]},{"damage_healed":0,"gold_gain":0,"player_choice":"Opened","damage_taken":0,"relics_obtained":["Turnip"],"max_hp_gain":0,"max_hp_loss":0,"event_name":"The Mausoleum","floor":22,"gold_loss":0,"cards_obtained":["Writhe"]}],"is_beta":false,"boss_relics":[{"not_picked":["Nuclear Battery","Coffee Dripper"],"picked":"Sozu"}],"items_purged_floors":[],"is_endless":false,"potions_floor_spawned":[7,8,12,18],"killed_by":"Slavers","ascension_level":20}