{"gold_per_floor":[114,114,39,52,63,95,107,107,107,123,143,143,163,163,163,268,268,278,292,207,207],"floor_reached":21,"playtime":1079,"items_purged":["Strike_R"],"score":262,"play_id":"afa42c07-ebc7-46ec-96b5-151714fb5cc3","local_time":"20180917095207","is_ascension_mode":true,"campfire_choices":[{"floor":8,"key":"REST"},{"data":"Iron Wave","floor":12,"key":"SMITH"},{"floor":15,"key":"REST"}],"neow_cost":"","seed_source_timestamp":357530880447060,"circlet_count":0,"master_deck":["Strike_R","Strike_R","Strike_R","Strike_R","Defend_R","Defend_R","Defend_R","Defend_R","Bash","Sever Soul+1","Iron Wave+1","Sentinel+1","Second Wind+1","True Grit+1","True Grit+1","Intimidate+1","Offering+1","Burning Pact+1","Dark Embrace","Shrug It Off+1","Warcry+1"],"relics":["Burning Blood","Toxic Egg 2","Question Card","Odd Mushroom","Lizard Tail","Ice Cream"],"potions_floor_usage":[10,11,16],"damage_taken":[{"damage":8,"enemies":"2 Louse","floor":1,"turns":3},{"damage":7,"enemies":"Small Slimes","floor":4,"turns":3},{"damage":9,"enemies":"Jaw Worm","floor":5,"turns":3},{"damage":22,"enemies":"Gremlin Nob","floor":6,"turns":4},{"damage":27,"enemies":"Large Slime","floor":7,"turns":7},{"damage":1,"enemies":"Looter","floor":10,"turns":3},{"damage":36,"enemies":"The Mushroom Lair","floor":11,"turns":6},{"damage":7,"enemies":"Lots of Slimes","floor":13,"turns":5},{"damage":43,"enemies":"Hexaghost","floor":16,"turns":9},{"damage":25,"enemies":"Chosen","floor":18,"turns":5},{"damage":51,"enemies":"3 Byrds","floor":19,"turns":8},{"damage":56,"enemies":"Shelled Parasite and Fungi","floor":21,"turns":6}],"seed_played":"8148180172977015765","potions_obtained":[{"floor":1,"key":"GamblersBrew"},{"floor":5,"key":"Weak Potion"},{"floor":7,"key":"Fire Potion"},{"floor":19,"key":"Strength Potion"}],"is_trial":false,"path_per_floor":["M","?","$","M","M","E","M","R","T","M","?","R","M","?","R","B",null,"M","M","?"],"character_chosen":"IRONCLAD","items_purchased":[],"campfire_rested":2,"item_purchase_floors":[],"current_hp_per_floor":[70,70,70,69,66,50,29,53,53,58,28,28,27,27,51,14,64,45,46,46,0],"gold":207,"neow_bonus":"","is_prod":false,"is_daily":false,"chose_seed":false,"campfire_upgraded":1,"win_rate":0,"timestamp":1537192327,"path_taken":["M","?","$","M","M","E","M","R","T","M","?","R","?","?","R","BOSS","M","M","?","?"],"build_version":"2018-09-06","purchased_purges":1,"victory":false,"max_hp_per_floor":[80,80,80,80,80,80,80,80,80,80,80,80,80,80,80,80,80,80,80,80,80],"card_choices":[{"not_picked":["Headbutt","Heavy Blade"],"picked":"Sever Soul","floor":1},{"not_picked":["Heavy Blade","Twin Strike"],"picked":"Iron Wave","floor":4},{"not_picked":["Heavy Blade","Metallicize","Anger"],"picked":"SKIP","floor":5},{"not_picked":["Combust","Reaper"],"picked":"Sentinel","floor":6},{"not_picked":["Twin Strike","Battle Trance+1"],"picked":"Second Wind+1","floor":7},{"not_picked":["Fire Breathing","Corruption","Anger"],"picked":"True Grit+1","floor":10},{"not_picked":["Sword Boomerang","Clothesline","Cleave"],"picked":"True Grit+1","floor":11},{"not_picked":["Pommel Strike","Metallicize","Rampage"],"picked":"Intimidate+1","floor":13},{"not_picked":["Brutality","Fiend Fire","Barricade"],"picked":"Dark Embrace","floor":16},{"not_picked":["Fire Breathing","Clothesline+1","Combust+1"],"picked":"Shrug It Off+1","floor":18},{"not_picked":["Sword Boomerang","Inflame+1","Thunderclap"],"picked":"Warcry+1","floor":19}],"player_experience":534095,"relics_obtained":[{"floor":6,"key":"Toxic Egg 2"},{"floor":9,"key":"Question Card"},{"floor":11,"key":"Odd Mushroom"}],"event_choices":[{"event_name":"Living Wall","player_choice":"Grow","floor":2,"damage_taken":0},{"event_name":"Mushrooms","player_choice":"Fought Mushrooms","floor":11,"damage_taken":0},{"event_name":"Match and Keep!","player_choice":"2 cards matched","floor":14,"damage_taken":0},{"event_name":"Addict","player_choice":"Obtained Relic","floor":20,"damage_taken":0}],"is_beta":false,"boss_relics":[{"not_picked":["Snecko Eye","Runic Pyramid"],"picked":"Lizard Tail"}],"items_purged_floors":[3],"is_endless":false,"potions_floor_spawned":[1,5,7,19],"killed_by":"Shelled Parasite and Fungi","ascension_level":9}