{"gold_per_floor":[114,125,200,200,211,244,244,419,419,16,16,41,41,41,41,41],"floor_reached":16,"playtime":458,"items_purged":["Doubt"],"score":180,"play_id":"c73afa00-0de5-4055-80c5-d8d216b5142b","local_time":"20181218101807","is_ascension_mode":true,"campfire_choices":[{"data":"Survivor","floor":7,"key":"SMITH"},{"floor":15,"key":"REST"}],"neow_cost":"NONE","seed_source_timestamp":399116040254336,"circlet_count":0,"master_deck":["AscendersBane","Defend_G","Defend_G","Defend_G","Defend_G","Defend_G","Strike_G","Strike_G","Strike_G","Strike_G","Survivor+1","Neutralize","Calculated Gamble","Sucker Punch","Poisoned Stab","Heel Hook","Eviscerate","Dagger Throw"],"relics":["Ring of the Snake","NeowsBlessing","Turnip","Ornamental Fan","Orichalcum","Blue Candle"],"potions_floor_usage":[6,6,12],"damage_taken":[{"damage":0,"enemies":"Cultist","floor":1,"turns":1},{"damage":0,"enemies":"2 Louse","floor":2,"turns":1},{"damage":0,"enemies":"Small Slimes","floor":5,"turns":1},{"damage":27,"enemies":"Gremlin Nob","floor":6,"turns":5},{"damage":20,"enemies":"3 Sentries","floor":12,"turns":8},{"damage":36,"enemies":"The Guardian","floor":16,"turns":11}],"seed_played":"-3672045854276069117","potions_obtained":[{"floor":1,"key":"Dexterity Potion"},{"floor":2,"key":"SteroidPotion"}],"is_trial":false,"path_per_floor":["M","M","?","?","M","E","R","?","T","$","?","E","T","$","R","B"],"character_chosen":"THE_SILENT","items_purchased":["Eviscerate","Ornamental Fan","PowerPotion"],"campfire_rested":1,"item_purchase_floors":[10,10,10],"current_hp_per_floor":[59,59,48,41,41,14,14,14,14,14,36,16,16,16,35,0],"gold":41,"neow_bonus":"THREE_ENEMY_KILL","is_prod":false,"is_daily":false,"chose_seed":false,"campfire_upgraded":1,"win_rate":0,"timestamp":1545146287,"path_taken":["M","?","?","?","M","E","R","?","T","$","?","E","?","?","R","BOSS"],"build_version":"2018-12-13","purchased_purges":1,"victory":false,"max_hp_per_floor":[66,66,66,66,66,66,66,66,66,66,66,66,66,66,66,66],"card_choices":[{"not_picked":["Infinite Blades","Deadly Poison"],"picked":"Calculated Gamble","floor":1},{"not_picked":["Cloak And Dagger","PiercingWail"],"picked":"Sucker Punch","floor":2},{"not_picked":["Deadly Poison","Reflex"],"picked":"Poisoned Stab","floor":5},{"not_picked":["Reflex","PiercingWail"],"picked":"Heel Hook","floor":6},{"not_picked":["Blur","Distraction"],"picked":"Dagger Throw","floor":12}],"player_experience":893580,"relics_obtained":[{"floor":6,"key":"Turnip"},{"floor":12,"key":"Orichalcum"},{"floor":13,"key":"Blue Candle"}],"event_choices":[{"damage_healed":0,"gold_gain":75,"player_choice":"Gather Gold","damage_taken":11,"max_hp_gain":0,"max_hp_loss":0,"event_name":"World of Goop","floor":3,"gold_loss":0},{"cards_removed":["Strike_G"],"damage_healed":0,"gold_gain":0,"player_choice":"Card Removal","damage_taken":7,"max_hp_gain":0,"max_hp_loss":0,"event_name":"Golden Wing","floor":4,"gold_loss":0},{"damage_healed":0,"gold_gain":175,"player_choice":"AGREE","damage_taken":0,"max_hp_gain":0,"max_hp_loss":0,"event_name":"Liars Game","floor":8,"gold_loss":0,"cards_obtained":["Doubt"]},{"damage_healed":22,"gold_gain":0,"player_choice":"Banana","damage_taken":0,"max_hp_gain":0,"max_hp_loss":0,"event_name":"Big Fish","floor":11,"gold_loss":0}],"is_beta":false,"boss_relics":[],"items_purged_floors":[10],"is_endless":false,"potions_floor_spawned":[1,2,5],"killed_by":"The Guardian","ascension_level":14}