{"gold_per_floor":[110,20,20,20,37,64,64,78,78,93,93,125,125,138,138,238,238,252,252,177,177,157,157,187,198,223,233,252,252,73,102,102,102],"floor_reached":33,"playtime":3284,"items_purged":["Strike_G","Strike_G"],"score":537,"play_id":"81045bfc-f902-45f4-91b4-41fbb474018d","local_time":"20181211122753","is_ascension_mode":true,"campfire_choices":[{"floor":7,"key":"RECALL"},{"data":"Sucker Punch","floor":11,"key":"SMITH"},{"data":"Flechettes","floor":13,"key":"SMITH"},{"floor":15,"key":"REST"},{"data":"Doppelganger","floor":23,"key":"SMITH"},{"floor":29,"key":"REST"},{"data":"Leg Sweep","floor":32,"key":"SMITH"}],"neow_cost":"NONE","seed_source_timestamp":642385249891510,"circlet_count":0,"master_deck":["AscendersBane","Defend_G","Defend_G","Defend_G","Defend_G","Defend_G","Strike_G","Strike_G","Survivor","Neutralize","Dagger Throw+1","Prepared","Tactician+1","Poisoned Stab","Leg Sweep+1","Sucker Punch+1","Flechettes+1","Heel Hook","Doppelganger+1","All Out Attack+1","Ghostly","Ghostly","Ghostly","Ghostly","Ghostly","Acrobatics","Bouncing Flask+1","Terror"],"relics":["Ring of the Snake","NeowsBlessing","Paper Crane","WingedGreaves","Runic Dome","PreservedInsect","Dream Catcher","Darkstone Periapt"],"potions_floor_usage":[10,12,14,25,33],"damage_taken":[{"damage":0,"enemies":"2 Louse","floor":1,"turns":1},{"damage":0,"enemies":"Cultist","floor":5,"turns":1},{"damage":0,"enemies":"Gremlin Nob","floor":6,"turns":1},{"damage":0,"enemies":"Small Slimes","floor":8,"turns":3},{"damage":12,"enemies":"Exordium Thugs","floor":10,"turns":8},{"damage":11,"enemies":"Lagavulin","floor":12,"turns":6},{"damage":10,"enemies":"Gremlin Gang","floor":14,"turns":4},{"damage":15,"enemies":"The Guardian","floor":16,"turns":16},{"damage":4,"enemies":"3 Byrds","floor":18,"turns":7},{"damage":2,"enemies":"2 Thieves","floor":22,"turns":4},{"damage":29,"enemies":"Gremlin Leader","floor":24,"turns":9},{"damage":0,"enemies":"Snake Plant","floor":25,"turns":7},{"damage":0,"enemies":"Centurion and Healer","floor":27,"turns":9},{"damage":5,"enemies":"3 Cultists","floor":28,"turns":7},{"damage":3,"enemies":"Slavers","floor":31,"turns":5},{"damage":40,"enemies":"Collector","floor":33,"turns":6}],"seed_played":"-8184524509301443913","potions_obtained":[{"floor":5,"key":"PowerPotion"},{"floor":6,"key":"SkillPotion"},{"floor":12,"key":"SpeedPotion"},{"floor":16,"key":"Regen Potion"},{"floor":18,"key":"Weak Potion"},{"floor":27,"key":"PowerPotion"}],"is_trial":false,"path_per_floor":["M","$","?","?","M","E","R","M","T","M","R","E","R","M","R","B",null,"M","?","$","?","M","R","E","M","T","M","M","R","$","E","R","B"],"character_chosen":"THE_SILENT","items_purchased":["Prepared","Tactician","Terror"],"campfire_rested":2,"item_purchase_floors":[2,2,30],"current_hp_per_floor":[63,63,63,63,63,63,63,63,63,51,51,40,40,30,51,36,62,58,35,35,35,33,33,4,19,19,19,14,24,24,21,21,0],"gold":102,"neow_bonus":"THREE_ENEMY_KILL","is_prod":false,"is_daily":false,"chose_seed":false,"campfire_upgraded":4,"win_rate":0,"timestamp":1544549273,"path_taken":["M","$","?","?","?","E","R","?","T","M","R","E","R","M","R","BOSS","M","?","$","?","?","R","E","M","T","M","M","R","?","E","R","BOSS"],"build_version":"2018-12-06","purchased_purges":2,"victory":false,"max_hp_per_floor":[70,70,70,70,70,70,70,70,70,70,70,70,70,70,70,70,70,70,35,35,35,35,35,35,35,35,35,35,35,35,35,35,35],"card_choices":[{"not_picked":["Prepared","Bouncing Flask"],"picked":"Dagger Throw","floor":1},{"not_picked":["Bane","Slice"],"picked":"Poisoned Stab","floor":5},{"not_picked":["Die Die Die","Dagger Spray"],"picked":"Leg Sweep","floor":6},{"not_picked":["Poisoned Stab","Prepared"],"picked":"Sucker Punch","floor":8},{"not_picked":["Dagger Throw","Acrobatics","Venomology"],"picked":"SKIP","floor":10},{"not_picked":["Underhanded Strike","Caltrops"],"picked":"Flechettes","floor":12},{"not_picked":["Outmaneuver","PiercingWail"],"picked":"Heel Hook","floor":14},{"not_picked":["Unload","Die Die Die"],"picked":"Doppelganger","floor":16},{"not_picked":["Cloak And Dagger","Dagger Throw"],"picked":"All Out Attack+1","floor":18},{"not_picked":["Slice","Cloak And Dagger"],"picked":"Acrobatics","floor":22},{"not_picked":["Predator","Sucker Punch+1","All Out Attack+1"],"picked":"SKIP","floor":24},{"not_picked":["Acrobatics","Quick Slash","Grand Finale"],"picked":"SKIP","floor":25},{"not_picked":["PiercingWail","Blade Dance","Riddle With Holes"],"picked":"SKIP","floor":27},{"not_picked":["Noxious Fumes","PiercingWail"],"picked":"Bouncing Flask+1","floor":28},{"not_picked":["PiercingWail","Endless Agony","Sucker Punch"],"picked":"SKIP","floor":31}],"player_experience":855652,"relics_obtained":[{"floor":6,"key":"Paper Crane"},{"floor":12,"key":"WingedGreaves"},{"floor":24,"key":"PreservedInsect"},{"floor":26,"key":"Dream Catcher"},{"floor":31,"key":"Darkstone Periapt"}],"event_choices":[{"damage_healed":0,"gold_gain":0,"player_choice":"Grow","damage_taken":0,"max_hp_gain":0,"max_hp_loss":0,"event_name":"Living Wall","floor":3,"gold_loss":0,"cards_upgraded":["Dagger Throw"]},{"damage_healed":0,"gold_gain":0,"player_choice":"Upgraded","damage_taken":0,"max_hp_gain":0,"max_hp_loss":0,"event_name":"Upgrade Shrine","floor":4,"gold_loss":0,"cards_upgraded":["Tactician"]},{"damage_healed":0,"gold_gain":0,"player_choice":"Became a Ghost","damage_taken":0,"max_hp_gain":0,"max_hp_loss":35,"event_name":"Ghosts","floor":19,"gold_loss":0,"cards_obtained":["Ghostly","Ghostly","Ghostly","Ghostly","Ghostly"]},{"cards_removed":["Strike_G"],"damage_healed":0,"gold_gain":0,"player_choice":"Offered Basic","damage_taken":0,"max_hp_gain":0,"max_hp_loss":0,"event_name":"Bonfire Elementals","floor":21,"gold_loss":0}],"is_beta":false,"boss_relics":[{"not_picked":["Tiny House","Coffee Dripper"],"picked":"Runic Dome"}],"items_purged_floors":[20,30],"is_endless":false,"potions_floor_spawned":[5,6,12,16,18,24,27,28],"killed_by":"Collector","ascension_level":12}