{"gold_per_floor":[119,139,158,158,42,42,74,94,94,22,22,41,68,68,68,172,172,183,183,194,213,228,228,244,244,244,244,129,129,44,44,44,143,143,162,177,188,40,0,25,25,44,44,44,56,83,83,22,22,22],"floor_reached":50,"playtime":1992,"items_purged":["Redo"],"score":640,"play_id":"1b47f3c3-9717-4ec4-8b5d-ce7cdc779695","local_time":"20190429114414","is_ascension_mode":true,"campfire_choices":[{"data":"Zap","floor":6,"key":"SMITH"},{"floor":11,"key":"REST"},{"floor":15,"key":"REST"},{"floor":23,"key":"REST"},{"data":"Dualcast","floor":25,"key":"SMITH"},{"floor":27,"key":"REST"},{"data":"Loop","floor":29,"key":"SMITH"},{"data":"Seek","floor":32,"key":"SMITH"},{"data":"Darkness","floor":41,"key":"SMITH"},{"data":"Redo","floor":44,"key":"PURGE"},{"data":"Parasite","floor":47,"key":"PURGE"},{"floor":49,"key":"REST"}],"neow_cost":"NONE","seed_source_timestamp":25760684831857,"circlet_count":0,"master_deck":["Zap+1","Dualcast+1","Doom and Gloom","Loop+1","Sunder","Cold Snap","Electrodynamics","Auto Shields","Beam Cell","Seek+1","Reboot","Leap","Darkness+1","Multi-Cast","Skim","Conserve Battery","Cold Snap","White Noise+1","Conserve Battery","Redo+1","Defragment+1","Capacitor+1","Amplify","Buffer+1","Genetic Algorithm+1","BootSequence+1","Force Field+1","Recycle","Defragment+1","Mayhem+1","Stack","Loop+1","Defragment+1","Lockon+1","Static Discharge+1","Self Repair+1","Echo Form+1"],"relics":["Cracked Core","NeowsBlessing","Symbiotic Virus","Meat on the Bone","Frozen Egg 2","Pandora\u0027s Box","Dream Catcher","The Courier","Mummified Hand","Astrolabe","Red Mask","Bronze Scales","Peace Pipe","Darkstone Periapt"],"potions_floor_usage":[7,13,37,40],"damage_taken":[{"damage":0,"enemies":"Small Slimes","floor":1,"turns":1},{"damage":0,"enemies":"Cultist","floor":2,"turns":1},{"damage":0,"enemies":"2 Louse","floor":3,"turns":1},{"damage":37,"enemies":"Gremlin Nob","floor":7,"turns":4},{"damage":12,"enemies":"Looter","floor":8,"turns":3},{"damage":12,"enemies":"Blue Slaver","floor":12,"turns":3},{"damage":20,"enemies":"3 Sentries","floor":13,"turns":6},{"damage":39,"enemies":"The Guardian","floor":16,"turns":9},{"damage":32,"enemies":"Shell Parasite","floor":18,"turns":4},{"damage":11,"enemies":"Spheric Guardian","floor":20,"turns":3},{"damage":25,"enemies":"Centurion and Healer","floor":21,"turns":4},{"damage":17,"enemies":"Shelled Parasite and Fungi","floor":22,"turns":5},{"damage":12,"enemies":"Cultist and Chosen","floor":24,"turns":4},{"damage":1,"enemies":"Champ","floor":33,"turns":9},{"damage":11,"enemies":"3 Shapes","floor":35,"turns":5},{"damage":17,"enemies":"Orb Walker","floor":36,"turns":3},{"damage":0,"enemies":"Transient","floor":37,"turns":5},{"damage":0,"enemies":"Nemesis","floor":40,"turns":7},{"damage":11,"enemies":"3 Darklings","floor":42,"turns":5},{"damage":5,"enemies":"Writhing Mass","floor":45,"turns":4},{"damage":14,"enemies":"Reptomancer","floor":46,"turns":5},{"damage":63,"enemies":"Awakened One","floor":50,"turns":4}],"seed_played":"-2483442648284614007","potions_obtained":[{"floor":1,"key":"AttackPotion"},{"floor":12,"key":"LiquidBronze"},{"floor":18,"key":"AttackPotion"},{"floor":24,"key":"SkillPotion"},{"floor":33,"key":"FocusPotion"},{"floor":42,"key":"Weak Potion"},{"floor":45,"key":"AttackPotion"}],"is_trial":false,"path_per_floor":["M","M","M","?","$","R","E","M","T","$","R","M","E","?","R","B",null,"M","?","M","M","M","R","M","R","T","R","$","R","?","T","R","B",null,"M","M","M","$","?","E","R","M","T","R","M","E","R","$","R","B"],"character_chosen":"DEFECT","items_purchased":["Loop","Sunder","Electrodynamics","Capacitor+1","Mayhem+1","Stack","Self Repair+1"],"campfire_rested":5,"item_purchase_floors":[5,5,10,28,38,38,48],"current_hp_per_floor":[75,75,75,75,75,75,38,26,26,26,48,48,40,25,47,20,75,43,43,44,31,26,48,48,48,48,70,70,70,70,70,70,69,75,64,47,47,47,47,47,47,48,48,48,43,41,41,41,62,0],"gold":22,"neow_bonus":"THREE_ENEMY_KILL","is_prod":false,"is_daily":false,"chose_seed":false,"campfire_upgraded":5,"win_rate":0,"timestamp":1556502254,"path_taken":["M","M","M","?","$","R","E","?","T","$","R","M","E","?","R","BOSS","M","?","M","M","M","R","M","R","T","R","$","R","?","?","R","BOSS","M","M","M","?","?","E","R","M","T","R","M","E","R","?","R","BOSS"],"build_version":"2019-01-23","purchased_purges":1,"victory":false,"max_hp_per_floor":[75,75,75,75,75,75,75,75,75,75,75,75,75,75,75,75,75,75,75,75,75,75,75,75,75,75,75,75,75,75,75,75,75,75,75,75,75,75,75,75,75,75,75,75,75,75,72,72,72,72],"card_choices":[{"not_picked":["Sunder","Compile Driver"],"picked":"Go for the Eyes","floor":1},{"not_picked":["Conserve Battery","Compile Driver"],"picked":"Doom and Gloom","floor":2},{"not_picked":["Double Energy","Gash"],"picked":"Redo","floor":3},{"not_picked":["Gash","Tempest"],"picked":"Cold Snap","floor":7},{"not_picked":["Tempest","Steam"],"picked":"Redo","floor":8},{"not_picked":["Sunder","White Noise"],"picked":"Auto Shields","floor":12},{"not_picked":["Streamline","Meteor Strike"],"picked":"Beam Cell","floor":13},{"not_picked":["Reboot","Buffer+1"],"picked":"Seek","floor":16},{"not_picked":["Tempest","Turbo"],"picked":"Conserve Battery","floor":18},{"not_picked":["Coolheaded","Conserve Battery"],"picked":"Cold Snap","floor":20},{"not_picked":["Compile Driver","Turbo"],"picked":"White Noise+1","floor":21},{"not_picked":["Reboot","Beam Cell"],"picked":"Conserve Battery","floor":22},{"not_picked":["Melter","Doom and Gloom"],"picked":"Redo+1","floor":24},{"not_picked":["BootSequence","White Noise"],"picked":"Defragment+1","floor":27},{"not_picked":["Fission","Thunder Strike"],"picked":"Amplify","floor":33},{"not_picked":["Turbo+1","Compile Driver+1"],"picked":"Force Field+1","floor":35},{"not_picked":["Chill","Rebound+1"],"picked":"Recycle","floor":36},{"not_picked":["Cold Snap","Coolheaded"],"picked":"Defragment+1","floor":37},{"not_picked":["Double Energy","Go for the Eyes+1"],"picked":"Loop+1","floor":40},{"not_picked":["Conserve Battery+1","Compile Driver+1"],"picked":"Defragment+1","floor":42},{"not_picked":["Gash","Stack"],"picked":"Lockon+1","floor":45},{"not_picked":["Streamline","Coolheaded"],"picked":"Static Discharge+1","floor":46},{"not_picked":["Barrage+1","Tempest"],"picked":"Echo Form+1","floor":49}],"player_experience":505351,"relics_obtained":[{"floor":7,"key":"Symbiotic Virus"},{"floor":9,"key":"Meat on the Bone"},{"floor":13,"key":"Frozen Egg 2"},{"floor":26,"key":"Dream Catcher"},{"floor":31,"key":"Mummified Hand"},{"floor":40,"key":"Bronze Scales"},{"floor":43,"key":"Peace Pipe"},{"floor":46,"key":"Darkstone Periapt"}],"event_choices":[{"cards_removed":["Strike_B"],"damage_healed":0,"gold_gain":0,"player_choice":"Purged","damage_taken":0,"max_hp_gain":0,"max_hp_loss":0,"event_name":"Purifier","floor":4,"gold_loss":0},{"damage_healed":0,"gold_gain":0,"player_choice":"Entered Light","damage_taken":15,"max_hp_gain":0,"max_hp_loss":0,"event_name":"Shining Light","floor":14,"gold_loss":0,"cards_upgraded":["Strike_B","Defend_B"]},{"damage_healed":0,"gold_gain":0,"player_choice":"Ignored","damage_taken":0,"max_hp_gain":0,"max_hp_loss":0,"event_name":"Vampires","floor":19,"gold_loss":0},{"damage_healed":0,"gold_gain":0,"player_choice":"Obtained Relic","damage_taken":0,"relics_obtained":["The Courier"],"max_hp_gain":0,"max_hp_loss":0,"event_name":"Addict","floor":30,"gold_loss":85},{"damage_healed":0,"gold_gain":0,"player_choice":"Paid","damage_taken":0,"relics_obtained":["Red Mask"],"max_hp_gain":0,"max_hp_loss":0,"event_name":"Tomb of Lord Red Mask","floor":39,"gold_loss":40}],"is_beta":false,"boss_relics":[{"not_picked":["Tiny House","Calling Bell"],"picked":"Pandora\u0027s Box"},{"not_picked":["Velvet Choker","Busted Crown"],"picked":"Astrolabe"}],"items_purged_floors":[28],"is_endless":false,"potions_floor_spawned":[1,12,18,24,33,35,42,45],"killed_by":"Awakened One","ascension_level":3}