{"path_per_floor":["M","M","M","M","?","M","?","M","T","R","M","M","M","M","R"],"character_chosen":"THE_SILENT","items_purchased":[],"gold_per_floor":[118,137,152,166,166,181,255,274,274,274,293,318,343,356,356],"floor_reached":16,"campfire_rested":2,"playtime":1566,"current_hp_per_floor":[70,68,68,60,60,58,38,25,25,44,42,34,21,14,33],"items_purged":[],"gold":356,"score":100,"play_id":"2df3a1a0-69e0-40a5-a8c6-9db8e9fac668","local_time":"20180319015923","is_prod":false,"is_daily":false,"is_ascension_mode":false,"campfire_upgraded":0,"timestamp":1521439163,"path_taken":["M","M","M","?","?","M","?","M","T","R","M","M","?","M","R","BOSS"],"build_version":"2018-03-15v3","purchased_purges":0,"victory":false,"master_deck":["Defend_G","Defend_G","Defend_G","Defend_G","Defend_G","Strike_G","Strike_G","Strike_G","Strike_G","Strike_G","Survivor","Neutralize","Well Laid Plans","All Out Attack","Eviscerate","Caltrops","Slice","Underhanded Strike","Prepared","Sucker Punch","Outmaneuver","PiercingWail","Prepared"],"max_hp_per_floor":[70,70,70,70,65,65,65,65,65,65,65,65,65,65,65],"relics":["Ring of the Snake","Golden Idol","Ice Cream","Peace Pipe"],"card_choices":[{"not_picked":["Dagger Spray","Quick Slash"],"picked":"Well Laid Plans"},{"not_picked":["Masterful Stab","Escape Plan"],"picked":"All Out Attack"},{"not_picked":["Slice","Dagger Spray"],"picked":"Eviscerate"},{"not_picked":["Distraction","Predator"],"picked":"Caltrops"},{"not_picked":["Caltrops","Heel Hook"],"picked":"Slice"},{"not_picked":["Dagger Spray","Quick Slash"],"picked":"Underhanded Strike"},{"not_picked":["Backflip","Bullet Time"],"picked":"Prepared"},{"not_picked":["Underhanded Strike","Slice"],"picked":"Sucker Punch"},{"not_picked":["Underhanded Strike","Blur"],"picked":"Outmaneuver"},{"not_picked":["Flechettes","Poisoned Stab"],"picked":"PiercingWail"},{"not_picked":["Choke","Escape Plan"],"picked":"Prepared"}],"player_experience":2262,"potions_floor_usage":[7,8,16,16,16],"damage_taken":[{"damage":0,"enemies":"Cultist","floor":1,"turns":4},{"damage":2,"enemies":"Small Slimes","floor":2,"turns":5},{"damage":0,"enemies":"Jaw Worm","floor":3,"turns":5},{"damage":8,"enemies":"Lots of Slimes","floor":4,"turns":2},{"damage":2,"enemies":"Blue Slaver","floor":6,"turns":5},{"damage":20,"enemies":"Gremlin Nob","floor":7,"turns":5},{"damage":13,"enemies":"Large Slime","floor":8,"turns":7},{"damage":2,"enemies":"2 Fungi Beasts","floor":11,"turns":3},{"damage":8,"enemies":"Gremlin Gang","floor":12,"turns":4},{"damage":13,"enemies":"Exordium Wildlife","floor":13,"turns":4},{"damage":7,"enemies":"3 Louse","floor":14,"turns":4},{"damage":48,"enemies":"Hexaghost","floor":16,"turns":9}],"event_choices":[{"event_name":"Golden Idol","player_choice":"Lose Max HP","floor":5,"damage_taken":0},{"event_name":"Dead Adventurer","player_choice":"Searched \u00271\u0027 times","floor":7,"damage_taken":0}],"boss_relics":[],"potions_floor_spawned":[3,4,8,11,12,13],"seed_played":"-9159193412680130926","killed_by":"Hexaghost","ascension_level":0,"is_trial":false}