{"gold_per_floor":[116,131,131,131,148,148,52,71,71,88,154,204,204],"floor_reached":13,"playtime":981,"items_purged":[],"score":92,"play_id":"abccea40-9fed-478a-b7fd-a9a422429383","local_time":"20190912164357","is_ascension_mode":true,"campfire_choices":[{"floor":6,"key":"RECALL"}],"neow_cost":"NONE","seed_source_timestamp":88077366480500,"circlet_count":0,"master_deck":["Strike_G","Strike_G","Strike_G","Strike_G","Strike_G","Defend_G","Defend_G","Defend_G","Defend_G","Defend_G","Survivor","Neutralize+1","Reflex","PiercingWail","PiercingWail","Predator","Cloak And Dagger","Tools of the Trade"],"relics":["Ring of the Snake","SsserpentHead","Potion Belt","Blue Candle"],"potions_floor_usage":[8,13,13],"damage_taken":[{"damage":0,"enemies":"Small Slimes","floor":1,"turns":4},{"damage":0,"enemies":"Cultist","floor":2,"turns":4},{"damage":9,"enemies":"Jaw Worm","floor":5,"turns":7},{"damage":2,"enemies":"Exordium Wildlife","floor":8,"turns":10},{"damage":17,"enemies":"Gremlin Gang","floor":10,"turns":6},{"damage":0,"enemies":"2 Fungi Beasts","floor":11,"turns":4},{"damage":30,"enemies":"Lagavulin","floor":13,"turns":11}],"seed_played":"-7256763999137527804","potions_obtained":[{"floor":1,"key":"Swift Potion"},{"floor":2,"key":"Strength Potion"},{"floor":10,"key":"SneckoOil"}],"is_trial":false,"path_per_floor":["M","M","$","?","M","R","$","M","T","M","M","?","E"],"character_chosen":"THE_SILENT","items_purchased":["Potion Belt"],"campfire_rested":0,"item_purchase_floors":[7],"current_hp_per_floor":[70,70,70,70,61,61,61,59,59,42,42,30,0],"gold":204,"neow_bonus":"UPGRADE_CARD","is_prod":false,"is_daily":false,"chose_seed":false,"campfire_upgraded":0,"win_rate":0,"timestamp":1568324637,"path_taken":["M","M","$","?","M","R","?","M","T","M","?","?","E"],"build_version":"2019-07-17","purchased_purges":0,"victory":false,"max_hp_per_floor":[70,70,70,70,70,70,70,70,70,70,70,70,70],"card_choices":[{"not_picked":["Terror","Blade Dance"],"picked":"Reflex","floor":1},{"not_picked":["Poisoned Stab","Outmaneuver"],"picked":"PiercingWail","floor":2},{"not_picked":["Underhanded Strike","Eviscerate"],"picked":"PiercingWail","floor":5},{"not_picked":["Dagger Throw","Dagger Spray"],"picked":"Predator","floor":8},{"not_picked":["PiercingWail","Endless Agony"],"picked":"Cloak And Dagger","floor":10},{"not_picked":["Dagger Spray","Flying Knee"],"picked":"Tools of the Trade","floor":11}],"player_experience":359374,"relics_obtained":[],"event_choices":[{"damage_healed":0,"gold_gain":0,"player_choice":"Trade","damage_taken":0,"relics_obtained":["SsserpentHead"],"max_hp_gain":0,"max_hp_loss":0,"event_name":"FaceTrader","floor":4,"gold_loss":0},{"damage_healed":0,"gold_gain":0,"player_choice":"Success","damage_taken":12,"relics_obtained":["Blue Candle"],"max_hp_gain":0,"max_hp_loss":0,"event_name":"Scrap Ooze","floor":12,"gold_loss":0}],"is_beta":false,"boss_relics":[],"items_purged_floors":[],"is_endless":false,"potions_floor_spawned":[1,2,10],"killed_by":"Lagavulin","ascension_level":4}