{"gold_per_floor":[110,110,129,139,156,156,156,189,234,234,266,280,77,94,94,168,168,181,195,208,15,31,31,31,65,88,288,300,300,319,419,419,495,495,511,5,5,25,5,5,38,49,94,94,122,122,142,156,156,156],"floor_reached":51,"playtime":3820,"items_purged":["Strike_B"],"score":1275,"play_id":"4c02b9ba-a6b0-49c3-97bb-4b82a70dfafa","local_time":"20190803005558","is_ascension_mode":true,"campfire_choices":[{"data":"Defragment","floor":6.0,"key":"SMITH"},{"floor":10.0,"key":"REST"},{"data":"Dualcast","floor":15.0,"key":"SMITH"},{"data":"Seek","floor":23.0,"key":"SMITH"},{"data":"Coolheaded","floor":29.0,"key":"SMITH"},{"data":"Echo Form","floor":32.0,"key":"SMITH"},{"data":"Defragment","floor":40,"key":"SMITH"},{"data":"Consume","floor":44,"key":"SMITH"},{"data":"Panacea","floor":49,"key":"SMITH"}],"neow_cost":"NONE","seed_source_timestamp":0,"circlet_count":0,"master_deck":["AscendersBane","Strike_B","Strike_B","Defend_B+1","Defend_B+1","Defend_B","Defend_B","Zap+1","Dualcast+1","Glacier+1","BootSequence+1","Self Repair","Defragment+1","Sweeping Beam","Reinforced Body","Auto Shields","Compile Driver","Echo Form+1","Coolheaded+1","Seek+1","Capacitor","White Noise","Static Discharge+1","Creative AI","Cold Snap+1","Defragment+1","Consume+1","Loop","Melter","Bandage Up","Panacea+1","Ball Lightning"],"special_seed":0,"relics":["Cracked Core","NeowsBlessing","Gremlin Horn","Oddly Smooth Stone","Bag of Preparation","Art of War","Snecko Eye","Membership Card","War Paint","Blood Vial","FossilizedHelix","Question Card","Busted Crown","Bird Faced Urn","Bottled Tornado","Medical Kit","Bronze Scales","Omamori","Dead Branch"],"potions_floor_usage":[38,41,47],"damage_taken":[{"damage":0.0,"enemies":"Small Slimes","floor":1.0,"turns":1.0},{"damage":0.0,"enemies":"2 Louse","floor":3.0,"turns":1.0},{"damage":0.0,"enemies":"Jaw Worm","floor":4.0,"turns":1.0},{"damage":0.0,"enemies":"Gremlin Gang","floor":5.0,"turns":4.0},{"damage":23.0,"enemies":"Lagavulin","floor":8.0,"turns":8.0},{"damage":4.0,"enemies":"3 Sentries","floor":11.0,"turns":10.0},{"damage":0.0,"enemies":"Large Slime","floor":12.0,"turns":7.0},{"damage":3.0,"enemies":"Lots of Slimes","floor":14.0,"turns":4.0},{"damage":20.0,"enemies":"Slime Boss","floor":16.0,"turns":15.0},{"damage":0.0,"enemies":"Spheric Guardian","floor":18.0,"turns":6.0},{"damage":5.0,"enemies":"3 Byrds","floor":19.0,"turns":4.0},{"damage":3.0,"enemies":"Snake Plant","floor":20.0,"turns":5.0},{"damage":19.0,"enemies":"3 Cultists","floor":22.0,"turns":7.0},{"damage":9.0,"enemies":"Book of Stabbing","floor":25.0,"turns":7.0},{"damage":32.0,"enemies":"Centurion and Healer","floor":28.0,"turns":7.0},{"damage":2.0,"enemies":"Cultist and Chosen","floor":30.0,"turns":9.0},{"damage":0.0,"enemies":"Colosseum Slavers","floor":31.0,"turns":5.0},{"damage":38.0,"enemies":"Colosseum Nobs","floor":31.0,"turns":8.0},{"damage":36,"enemies":"Collector","floor":33,"turns":17},{"damage":0,"enemies":"3 Shapes","floor":35,"turns":5},{"damage":45,"enemies":"3 Darklings","floor":38,"turns":8},{"damage":14,"enemies":"Reptomancer","floor":41,"turns":6},{"damage":50,"enemies":"Transient","floor":42,"turns":5},{"damage":0,"enemies":"Giant Head","floor":45,"turns":6},{"damage":17,"enemies":"4 Shapes","floor":47,"turns":5},{"damage":14,"enemies":"3 Darklings","floor":48,"turns":4},{"damage":69,"enemies":"Donu and Deca","floor":50,"turns":7}],"seed_played":"-3319654720290411654","potions_obtained":[{"floor":1.0,"key":"Fire Potion"},{"floor":8.0,"key":"Weak Potion"},{"floor":11.0,"key":"SkillPotion"},{"floor":14.0,"key":"AttackPotion"},{"floor":18.0,"key":"LiquidBronze"},{"floor":19.0,"key":"Weak Potion"},{"floor":25.0,"key":"AttackPotion"},{"floor":33,"key":"AttackPotion"},{"floor":35,"key":"Dexterity Potion"},{"floor":42,"key":"Fire Potion"},{"floor":45,"key":"Explosive Potion"}],"is_trial":false,"path_per_floor":["M","?","M","M","M","R","?","E","T","R","E","M","$","M","R","B",null,"M","M","M","$","M","R","?","E","T","?","M","R","M","?","R","B",null,"M","$","?","M","$","R","E","M","T","R","E","?","M","M","R","B",null],"character_chosen":"DEFECT","items_purchased":["Art of War","PowerPotion","Membership Card","Bird Faced Urn","Bottled Tornado","Defragment","Consume","Medical Kit","Fire Potion","Loop"],"campfire_rested":1,"item_purchase_floors":[13,13,21,36,36,36,36,36,36,39],"current_hp_per_floor":[64,43,43,43,50,50,50,34,34,55,58,65,65,69,69,56,67,71,66,70,70,65,65,65,63,63,63,47,47,61,47,47,20,58,60,60,60,58,58,58,71,48,48,48,71,66,71,65,65,18],"gold":156,"neow_bonus":"THREE_ENEMY_KILL","is_prod":false,"is_daily":false,"chose_seed":false,"campfire_upgraded":8,"win_rate":0,"timestamp":1564757758,"path_taken":["M","?","M","M","M","R","?","E","T","R","E","M","$","M","R","BOSS","M","M","M","$","M","R","?","E","T","?","M","R","?","?","R","BOSS","M","$","?","?","?","R","E","M","T","R","E","?","M","M","R","BOSS"],"build_version":"2019-07-17","purchased_purges":1,"victory":true,"max_hp_per_floor":[71,71,71,71,71,71,71,71,71,71,71,71,71,71,71,71,71,71,71,71,71,71,71,71,71,71,71,71,71,71,71,71,71,71,71,71,71,71,71,71,71,71,71,71,71,71,71,71,71,71],"card_choices":[{"not_picked":["Melter","Beam Cell"],"picked":"Glacier","floor":1.0},{"not_picked":["Rebound","Conserve Battery"],"picked":"BootSequence","floor":3.0},{"not_picked":["Hello World","Rebound"],"picked":"Self Repair","floor":4.0},{"not_picked":["Melter","Turbo"],"picked":"Defragment","floor":5.0},{"not_picked":["Machine Learning","Thunder Strike"],"picked":"Sweeping Beam","floor":8.0},{"not_picked":["Turbo","Skim"],"picked":"Reinforced Body","floor":11.0},{"not_picked":["Auto Shields","Rebound","Blizzard"],"picked":"SKIP","floor":12.0},{"not_picked":["Rebound","Blizzard"],"picked":"Auto Shields","floor":12.0},{"not_picked":["Rebound","Turbo"],"picked":"Compile Driver","floor":14.0},{"not_picked":["Meteor Strike","Thunder Strike"],"picked":"Echo Form","floor":16.0},{"not_picked":["Fusion","Redo"],"picked":"Coolheaded","floor":18.0},{"not_picked":["Stack+1","Heatsinks","Rebound"],"picked":"SKIP","floor":19.0},{"not_picked":["Steam Power","Gash"],"picked":"Seek","floor":20.0},{"not_picked":["Steam","Steam Power","Conserve Battery"],"picked":"SKIP","floor":22.0},{"not_picked":["Ball Lightning","Heatsinks"],"picked":"White Noise","floor":25.0},{"not_picked":["Chaos","Barrage","Aggregate"],"picked":"SKIP","floor":28.0},{"not_picked":["Leap","Barrage","Force Field"],"picked":"SKIP","floor":30.0},{"not_picked":["Darkness","Skim+1"],"picked":"Static Discharge+1","floor":31.0},{"not_picked":["Electrodynamics","Amplify","Seek"],"picked":"Creative AI","floor":33},{"not_picked":["Steam+1"],"picked":"Cold Snap+1","floor":35},{"not_picked":["Sweeping Beam","Static Discharge"],"picked":"SKIP","floor":38},{"not_picked":["Rebound+1","Conserve Battery"],"picked":"SKIP","floor":41},{"not_picked":["Turbo"],"picked":"Melter","floor":42},{"not_picked":["Creative AI","Rip and Tear"],"picked":"SKIP","floor":45},{"not_picked":["Good Instincts"],"picked":"Bandage Up","floor":46},{"not_picked":["Forethought"],"picked":"Panacea","floor":46},{"not_picked":["Leap"],"picked":"Ball Lightning","floor":47},{"not_picked":["Beam Cell","Doom and Gloom"],"picked":"SKIP","floor":48}],"player_experience":1097886,"relics_obtained":[{"floor":8.0,"key":"Gremlin Horn"},{"floor":9.0,"key":"Oddly Smooth Stone"},{"floor":11.0,"key":"Bag of Preparation"},{"floor":25.0,"key":"War Paint"},{"floor":26.0,"key":"Blood Vial"},{"floor":31.0,"key":"FossilizedHelix"},{"floor":31.0,"key":"Question Card"},{"floor":41,"key":"Bronze Scales"},{"floor":43,"key":"Omamori"},{"floor":45,"key":"Dead Branch"}],"event_choices":[{"damage_healed":0.0,"max_hp_gain":0.0,"max_hp_loss":0.0,"gold_gain":0.0,"event_name":"Shining Light","player_choice":"Entered Light","floor":2.0,"gold_loss":0.0,"damage_taken":21.0,"cards_upgraded":["Defend_B","Defend_B"]},{"damage_healed":0.0,"max_hp_gain":0.0,"max_hp_loss":0.0,"gold_gain":0.0,"event_name":"Living Wall","player_choice":"Grow","floor":7.0,"gold_loss":0.0,"damage_taken":0.0,"cards_upgraded":["Zap"]},{"damage_healed":0.0,"max_hp_gain":0.0,"max_hp_loss":0.0,"gold_gain":0.0,"event_name":"The Library","player_choice":"Read","floor":24.0,"gold_loss":0.0,"damage_taken":0.0,"cards_obtained":["Capacitor"]},{"damage_healed":0.0,"max_hp_gain":0.0,"max_hp_loss":0.0,"gold_gain":250.0,"event_name":"The Joust","player_choice":"Bet on Owner","floor":27.0,"gold_loss":50.0,"damage_taken":0.0},{"damage_healed":0.0,"max_hp_gain":0.0,"max_hp_loss":0.0,"gold_gain":0.0,"event_name":"Colosseum","player_choice":"Fight","floor":31.0,"gold_loss":0.0,"damage_taken":0.0},{"damage_healed":0.0,"max_hp_gain":0.0,"max_hp_loss":0.0,"gold_gain":0.0,"event_name":"Colosseum","player_choice":"Fought Nobs","floor":31.0,"gold_loss":0.0,"damage_taken":0.0},{"cards_removed":["Strike_B"],"damage_healed":0,"gold_gain":0,"player_choice":"Purged","damage_taken":0,"max_hp_gain":0,"max_hp_loss":0,"event_name":"Purifier","floor":37,"gold_loss":0},{"damage_healed":0,"gold_gain":0,"player_choice":"Memory 2","damage_taken":5,"max_hp_gain":0,"max_hp_loss":0,"event_name":"SensoryStone","floor":46,"gold_loss":0}],"is_beta":false,"boss_relics":[{"not_picked":["Inserter","Eternal Feather"],"picked":"Snecko Eye"},{"not_picked":["FrozenCore","Orrery"],"picked":"Busted Crown"}],"items_purged_floors":[36],"is_endless":false,"potions_floor_spawned":[1,8,11,14,18,19,20,25,33,35,42,45],"ascension_level":15}