{"gold_per_floor":[114,134,153,1,13,38,38,63,89,89,100,112,112,112],"floor_reached":14,"playtime":472,"items_purged":["Strike_R"],"score":163,"play_id":"a33aad71-a7b7-4b18-b5d3-e5040a728f03","local_time":"20181202194139","is_ascension_mode":true,"campfire_choices":[{"data":"Whirlwind","floor":7,"key":"SMITH"},{"data":"Flex","floor":10,"key":"SMITH"}],"neow_cost":"NONE","seed_source_timestamp":2851356922850,"circlet_count":0,"master_deck":["AscendersBane","Strike_R","Strike_R","Strike_R","Defend_R","Defend_R","Defend_R","Defend_R","Bash","Impatience","Flex+1","Whirlwind+1","Offering","Battle Trance","Seeing Red"],"relics":["Burning Blood","Oddly Smooth Stone","Pen Nib","PreservedInsect"],"potions_floor_usage":[6,6,14],"damage_taken":[{"damage":11,"enemies":"2 Louse","floor":1,"turns":3},{"damage":1,"enemies":"Cultist","floor":2,"turns":3},{"damage":12,"enemies":"Jaw Worm","floor":3,"turns":3},{"damage":8,"enemies":"Looter","floor":5,"turns":3},{"damage":26,"enemies":"Lagavulin","floor":6,"turns":3},{"damage":28,"enemies":"Gremlin Nob","floor":8,"turns":4},{"damage":6,"enemies":"Gremlin Gang","floor":11,"turns":1},{"damage":18,"enemies":"Exordium Thugs","floor":12,"turns":5},{"damage":13,"enemies":"Exordium Wildlife","floor":14,"turns":3}],"seed_played":"2280124529186206959","potions_obtained":[{"floor":1,"key":"PowerPotion"},{"floor":5,"key":"Energy Potion"},{"floor":12,"key":"SkillPotion"}],"is_trial":false,"path_per_floor":["M","M","M","$","M","E","R","E","T","R","M","M","?","M"],"character_chosen":"IRONCLAD","items_purchased":["Offering"],"campfire_rested":0,"item_purchase_floors":[4],"current_hp_per_floor":[67,72,66,66,64,44,44,22,22,22,22,10,10,0],"gold":112,"neow_bonus":"RANDOM_COLORLESS","is_prod":false,"is_daily":false,"chose_seed":false,"campfire_upgraded":2,"win_rate":0,"timestamp":1543797699,"path_taken":["M","M","M","$","M","E","R","E","T","R","M","M","?","?"],"build_version":"2018-11-15","purchased_purges":1,"victory":false,"max_hp_per_floor":[80,80,80,80,80,80,80,80,80,80,80,80,80,80],"card_choices":[{"not_picked":["Twin Strike","Clash"],"picked":"Flex","floor":1},{"not_picked":["Warcry","Clash","Fire Breathing"],"picked":"SKIP","floor":2},{"not_picked":["Corruption","Clash"],"picked":"Whirlwind","floor":3},{"not_picked":["Shrug It Off","Rupture","Dark Embrace"],"picked":"SKIP","floor":5},{"not_picked":["Rage","Shrug It Off"],"picked":"Battle Trance","floor":6},{"not_picked":["Sword Boomerang","Perfected Strike","Sever Soul"],"picked":"SKIP","floor":8},{"not_picked":["Twin Strike","Wild Strike"],"picked":"Seeing Red","floor":11},{"not_picked":["Second Wind","Armaments","Battle Trance"],"picked":"SKIP","floor":12}],"player_experience":768035,"relics_obtained":[{"floor":6,"key":"Oddly Smooth Stone"},{"floor":8,"key":"Pen Nib"},{"floor":9,"key":"PreservedInsect"}],"event_choices":[{"cards_removed":["Strike_R"],"damage_healed":0,"gold_gain":0,"player_choice":"Offered Basic","damage_taken":0,"max_hp_gain":0,"max_hp_loss":0,"event_name":"Bonfire Elementals","floor":13,"gold_loss":0}],"is_beta":false,"boss_relics":[],"items_purged_floors":[4],"is_endless":false,"potions_floor_spawned":[1,5,12],"killed_by":"Exordium Wildlife","ascension_level":12}