{"gold_per_floor":[109,122,102,113,19,19,48,68,68,68,99,119,32,49,49,148,148,164,79,79,93,128,128,128,128,128,128,6,17,17,30,30,127,127,139,150,150,166,166],"floor_reached":39,"playtime":1687,"items_purged":["Normality"],"score":572,"play_id":"0163c4e0-fe74-42fe-9fd4-763dac8ca618","local_time":"20190530181218","is_ascension_mode":true,"campfire_choices":[{"data":"True Grit","floor":6.0,"key":"SMITH"},{"floor":10.0,"key":"REST"},{"floor":15.0,"key":"REST"},{"floor":23.0,"key":"REST"},{"data":"Seeing Red","floor":25.0,"key":"SMITH"},{"data":"J.A.X.","floor":27.0,"key":"SMITH"},{"floor":32.0,"key":"REST"}],"neow_cost":"PERCENT_DAMAGE","seed_source_timestamp":0,"circlet_count":0,"master_deck":["Strike_R","Strike_R","Strike_R","Strike_R","Defend_R","Defend_R","Defend_R","Defend_R","Bash","Impervious","Clothesline","Pommel Strike","Perfected Strike","Whirlwind","True Grit+1","Headbutt","Bloodletting","Rupture+1","Carnage","Thunderclap","Feel No Pain+1","Seeing Red+1","Demon Form+1","Heavy Blade","J.A.X.+1","Burning Pact+1","Flame Barrier+1","Writhe","Shrug It Off","Cleave+1","Infernal Blade","Offering","Inflame+1","Flex","Double Tap","Pommel Strike+1","Body Slam+1","Sword Boomerang","Wild Strike+1","Violence","Iron Wave","Cleave"],"special_seed":0,"relics":["Burning Blood","Blood Vial","Blue Candle","Frozen Egg 2","Cursed Key","Anchor","Red Mask","Prayer Wheel","Potion Belt","Busted Crown"],"potions_floor_usage":[38,39],"damage_taken":[{"damage":11.0,"enemies":"2 Louse","floor":1.0,"turns":4.0},{"damage":2.0,"enemies":"Cultist","floor":2.0,"turns":4.0},{"damage":7.0,"enemies":"Jaw Worm","floor":4.0,"turns":3.0},{"damage":26.0,"enemies":"Lagavulin","floor":7.0,"turns":5.0},{"damage":10.0,"enemies":"2 Fungi Beasts","floor":8.0,"turns":4.0},{"damage":24.0,"enemies":"3 Sentries","floor":11.0,"turns":6.0},{"damage":6.0,"enemies":"3 Louse","floor":12.0,"turns":4.0},{"damage":9.0,"enemies":"Blue Slaver","floor":14.0,"turns":3.0},{"damage":30.0,"enemies":"Slime Boss","floor":16.0,"turns":8.0},{"damage":13.0,"enemies":"Spheric Guardian","floor":18.0,"turns":4.0},{"damage":7.0,"enemies":"Chosen","floor":21.0,"turns":4.0},{"damage":40.0,"enemies":"Masked Bandits","floor":22.0,"turns":6.0},{"damage":25.0,"enemies":"3 Cultists","floor":29.0,"turns":4.0},{"damage":17.0,"enemies":"Snake Plant","floor":31.0,"turns":2.0},{"damage":39.0,"enemies":"Collector","floor":33.0,"turns":5.0},{"damage":50.0,"enemies":"3 Darklings","floor":35.0,"turns":5.0},{"damage":9.0,"enemies":"Orb Walker","floor":36.0,"turns":3.0},{"damage":22,"enemies":"Spire Growth","floor":38,"turns":4},{"damage":33,"enemies":"Transient","floor":39,"turns":5}],"seed_played":"8419750049394645941","potions_obtained":[{"floor":1.0,"key":"SpeedPotion"},{"floor":3.0,"key":"GamblersBrew"},{"floor":7.0,"key":"Weak Potion"},{"floor":11.0,"key":"Weak Potion"},{"floor":12.0,"key":"EssenceOfSteel"},{"floor":16.0,"key":"Block Potion"},{"floor":21.0,"key":"FearPotion"},{"floor":22.0,"key":"SkillPotion"},{"floor":31.0,"key":"Fruit Juice"},{"floor":36.0,"key":"GamblersBrew"},{"floor":38,"key":"BloodPotion"}],"is_trial":false,"path_per_floor":["M","M","?","M","$","R","E","M","T","R","E","M","$","M","R","B",null,"M","?","?","M","?","R","?","R","T","R","$","M","?","M","R","B",null,"M","M","?","M","M"],"character_chosen":"IRONCLAD","items_purchased":["Whirlwind","True Grit","Thunderclap","Feel No Pain+1","Shrug It Off"],"campfire_rested":4,"item_purchase_floors":[5,5,13,13,28],"current_hp_per_floor":[46,50,50,49,49,49,29,27,27,51,35,37,37,36,60,38,70,65,65,65,66,34,58,58,58,58,58,58,41,41,32,62,31,72,30,29,29,15,0],"gold":166,"neow_bonus":"THREE_RARE_CARDS","is_prod":false,"is_daily":false,"chose_seed":false,"campfire_upgraded":3,"win_rate":0,"timestamp":1559203938,"path_taken":["M","M","?","M","$","R","E","M","T","R","E","M","?","M","R","BOSS","M","?","?","M","?","R","?","R","T","R","$","?","?","M","R","BOSS","M","M","?","M","M"],"build_version":"2019-01-23","purchased_purges":1,"victory":false,"max_hp_per_floor":[80,80,80,80,80,80,80,80,80,80,80,80,80,80,80,80,80,80,80,80,80,80,80,80,80,80,80,80,80,80,80,85,85,85,85,85,85,85,85],"card_choices":[{"not_picked":["Juggernaut","Reaper"],"picked":"Impervious","floor":0.0},{"not_picked":["Rage","Evolve"],"picked":"Clothesline","floor":1.0},{"not_picked":["Ghostly Armor","Headbutt"],"picked":"Pommel Strike","floor":2.0},{"not_picked":["Warcry","Corruption"],"picked":"Perfected Strike","floor":4.0},{"not_picked":["Warcry","Entrench"],"picked":"Headbutt","floor":7.0},{"not_picked":["Dropkick","Intimidate"],"picked":"Bloodletting","floor":8.0},{"not_picked":["True Grit","Whirlwind"],"picked":"Rupture","floor":11.0},{"not_picked":["Iron Wave","Havoc"],"picked":"Carnage","floor":12.0},{"not_picked":["Immolate","Body Slam"],"picked":"Seeing Red","floor":14.0},{"not_picked":["Dark Embrace+1","Offering"],"picked":"Demon Form+1","floor":16.0},{"not_picked":["Reckless Charge","Armaments"],"picked":"Heavy Blade","floor":18.0},{"not_picked":["True Grit","Body Slam"],"picked":"Burning Pact+1","floor":21.0},{"not_picked":["Twin Strike","Headbutt"],"picked":"Flame Barrier+1","floor":22.0},{"not_picked":["Anger","Sword Boomerang+1"],"picked":"Cleave+1","floor":29.0},{"not_picked":["Heavy Blade","True Grit"],"picked":"Infernal Blade","floor":29.0},{"not_picked":["Headbutt+1","Combust+1"],"picked":"Inflame+1","floor":31.0},{"not_picked":["Iron Wave+1","Cleave"],"picked":"Flex","floor":31.0},{"not_picked":["Berserk+1","Exhume"],"picked":"Double Tap","floor":33.0},{"not_picked":[],"picked":"Pommel Strike+1","floor":35.0},{"not_picked":[],"picked":"Body Slam+1","floor":35.0},{"not_picked":[],"picked":"Sword Boomerang","floor":36.0},{"not_picked":[],"picked":"Wild Strike+1","floor":36.0},{"not_picked":[],"picked":"Violence","floor":37.0},{"not_picked":[],"picked":"Iron Wave","floor":38},{"not_picked":[],"picked":"Cleave","floor":38}],"player_experience":750448,"relics_obtained":[{"floor":7.0,"key":"Blood Vial"},{"floor":9.0,"key":"Blue Candle"},{"floor":11.0,"key":"Frozen Egg 2"},{"floor":22.0,"key":"Red Mask"},{"floor":26.0,"key":"Potion Belt"}],"event_choices":[{"damage_healed":0.0,"max_hp_gain":0.0,"max_hp_loss":0.0,"gold_gain":0.0,"event_name":"The Woman in Blue","player_choice":"Bought 1 Potion","floor":3.0,"gold_loss":0.0,"damage_taken":0.0},{"damage_healed":0.0,"max_hp_gain":0.0,"max_hp_loss":0.0,"gold_gain":0.0,"event_name":"Addict","player_choice":"Obtained Relic","floor":19.0,"gold_loss":85.0,"damage_taken":0.0,"relics_obtained":["Anchor"]},{"damage_healed":0.0,"max_hp_gain":0.0,"max_hp_loss":0.0,"gold_gain":0.0,"event_name":"Drug Dealer","player_choice":"Obtain J.A.X.","floor":20.0,"gold_loss":0.0,"damage_taken":0.0,"cards_obtained":["J.A.X."]},{"damage_healed":0.0,"max_hp_gain":0.0,"max_hp_loss":0.0,"gold_gain":0.0,"event_name":"Masked Bandits","player_choice":"Fought Bandits","floor":22.0,"gold_loss":0.0,"damage_taken":0.0},{"damage_healed":0.0,"max_hp_gain":0.0,"max_hp_loss":0.0,"gold_gain":0.0,"event_name":"The Mausoleum","player_choice":"Opened","floor":24.0,"gold_loss":0.0,"damage_taken":0.0,"relics_obtained":["Prayer Wheel"],"cards_obtained":["Writhe"]},{"damage_healed":0.0,"max_hp_gain":0.0,"max_hp_loss":0.0,"gold_gain":0.0,"cards_transformed":["Strike_R"],"event_name":"Transmorgrifier","player_choice":"Transformed","floor":30.0,"gold_loss":0.0,"damage_taken":0.0,"cards_obtained":["Offering"]},{"damage_healed":0.0,"max_hp_gain":0.0,"max_hp_loss":0.0,"gold_gain":0.0,"event_name":"SensoryStone","player_choice":"Memory 1","floor":37.0,"gold_loss":0.0,"damage_taken":0.0}],"is_beta":false,"boss_relics":[{"not_picked":["Fusion Hammer","Black Blood"],"picked":"Cursed Key"},{"not_picked":["Black Star","Runic Dome"],"picked":"Busted Crown"}],"items_purged_floors":[28],"is_endless":false,"potions_floor_spawned":[1,7,11,12,16,21,22,31,36,38],"killed_by":"Transient","ascension_level":8}