{"gold_per_floor":[110,130,130,130,146,181,181,210,210,210,227,256,256,276,276,276],"floor_reached":16,"playtime":1425,"items_purged":[],"score":283,"play_id":"8b92ad95-c142-4f0f-bb6b-19e1d703deb1","local_time":"20190729164914","is_ascension_mode":true,"campfire_choices":[{"data":"Zap","floor":7,"key":"SMITH"},{"floor":10,"key":"REST"},{"floor":13,"key":"REST"},{"data":"Go for the Eyes","floor":15,"key":"SMITH"}],"neow_cost":"NONE","seed_source_timestamp":176932513182223,"circlet_count":0,"master_deck":["AscendersBane","Strike_B","Strike_B","Strike_B","Strike_B","Defend_B","Defend_B","Defend_B","Defend_B","Zap+1","Dualcast","Sweeping Beam","Chill","Ball Lightning","Electrodynamics","Undo","Glacier","Conserve Battery","BootSequence","Rainbow","Go for the Eyes+1"],"relics":["Cracked Core","Turnip","Girya","Prayer Wheel","Juzu Bracelet"],"potions_floor_usage":[1,6,12,16],"damage_taken":[{"damage":0,"enemies":"2 Louse","floor":1,"turns":1},{"damage":7,"enemies":"Small Slimes","floor":2,"turns":3},{"damage":0,"enemies":"Cultist","floor":5,"turns":3},{"damage":4,"enemies":"3 Sentries","floor":6,"turns":7},{"damage":43,"enemies":"Lagavulin","floor":8,"turns":6},{"damage":34,"enemies":"Gremlin Gang","floor":11,"turns":3},{"damage":0,"enemies":"3 Sentries","floor":12,"turns":4},{"damage":0,"enemies":"3 Louse","floor":14,"turns":2},{"damage":25,"enemies":"Hexaghost","floor":16,"turns":12}],"seed_played":"4868574469245340358","potions_obtained":[{"floor":0,"key":"PowerPotion"},{"floor":0,"key":"Explosive Potion"},{"floor":8,"key":"Dexterity Potion"},{"floor":11,"key":"LiquidBronze"},{"floor":12,"key":"Energy Potion"}],"is_trial":false,"path_per_floor":["M","M","?","?","M","E","R","E","T","R","M","E","R","M","R","B"],"character_chosen":"DEFECT","items_purchased":[],"campfire_rested":2,"item_purchase_floors":[],"current_hp_per_floor":[64,57,57,62,62,58,58,15,15,37,3,3,25,25,25,0],"gold":276,"neow_bonus":"THREE_SMALL_POTIONS","is_prod":false,"is_daily":false,"chose_seed":false,"campfire_upgraded":2,"win_rate":0,"timestamp":1564433354,"path_taken":["M","M","?","?","M","E","R","E","T","R","M","E","R","M","R","BOSS"],"build_version":"2019-07-17","purchased_purges":0,"victory":false,"max_hp_per_floor":[71,71,71,76,76,76,76,76,76,76,76,76,76,76,76,76],"card_choices":[{"not_picked":["Stack","Hologram"],"picked":"Sweeping Beam","floor":1},{"not_picked":["Reinforced Body","Conserve Battery"],"picked":"Chill","floor":2},{"not_picked":["Compile Driver","Glacier"],"picked":"Ball Lightning","floor":5},{"not_picked":["Rip and Tear","Sweeping Beam"],"picked":"Electrodynamics","floor":6},{"not_picked":["Streamline","Compile Driver"],"picked":"Undo","floor":8},{"not_picked":["Capacitor","Beam Cell"],"picked":"Glacier","floor":11},{"not_picked":["Stack","Melter"],"picked":"Conserve Battery","floor":11},{"not_picked":["Stack","Ball Lightning"],"picked":"BootSequence","floor":12},{"not_picked":["Reinforced Body","Conserve Battery"],"picked":"Rainbow","floor":14},{"not_picked":["Self Repair","Doom and Gloom"],"picked":"Go for the Eyes","floor":14}],"player_experience":1653179,"relics_obtained":[{"floor":6,"key":"Turnip"},{"floor":8,"key":"Girya"},{"floor":9,"key":"Prayer Wheel"},{"floor":12,"key":"Juzu Bracelet"}],"event_choices":[{"damage_healed":0,"gold_gain":0,"player_choice":"Ignored","damage_taken":0,"max_hp_gain":0,"max_hp_loss":0,"event_name":"Liars Game","floor":3,"gold_loss":0},{"damage_healed":0,"gold_gain":0,"player_choice":"Donut","damage_taken":0,"max_hp_gain":5,"max_hp_loss":0,"event_name":"Big Fish","floor":4,"gold_loss":0}],"is_beta":false,"boss_relics":[],"items_purged_floors":[],"is_endless":false,"potions_floor_spawned":[8,11,12,14],"killed_by":"Hexaghost","ascension_level":19}