{"gold_per_floor":[110,110,35,52,52,80,99,99,147,162,162,197,214,214,214,288,288,300,311,326,0,0,0,20,20,20,20,20,30,30,45,45,45],"floor_reached":33,"playtime":1551,"items_purged":["Regret","Strike_G"],"score":514,"play_id":"8c36cc29-889e-4d62-9d57-4db532f90697","local_time":"20190108150707","is_ascension_mode":true,"campfire_choices":[{"floor":8.0,"key":"REST"},{"floor":11.0,"key":"REST"},{"floor":15.0,"key":"REST"},{"data":"Bouncing Flask","floor":23.0,"key":"SMITH"},{"data":"Flechettes","floor":25.0,"key":"SMITH"},{"data":"Bane","floor":28.0,"key":"SMITH"},{"data":"Neutralize","floor":30.0,"key":"SMITH"},{"floor":32.0,"key":"REST"}],"neow_cost":"NONE","seed_source_timestamp":1172089654136827,"circlet_count":0,"master_deck":["AscendersBane","Defend_G","Defend_G","Defend_G","Defend_G","Defend_G+1","Strike_G","Survivor+1","Neutralize+1","Dagger Throw","Flechettes+1","Well Laid Plans","Bouncing Flask+1","Die Die Die","Predator+1","Poisoned Stab+1","Terror+1","Deadly Poison","Bane+1","After Image"],"special_seed":0,"relics":["Velvet Choker","War Paint","Mercury Hourglass","Centennial Puzzle","Anchor","Astrolabe","Lee\u0027s Waffle","Nilry\u0027s Codex","Matryoshka"],"potions_floor_usage":[33],"damage_taken":[{"damage":0.0,"enemies":"Small Slimes","floor":1.0,"turns":5.0},{"damage":4.0,"enemies":"2 Louse","floor":4.0,"turns":4.0},{"damage":49.0,"enemies":"Gremlin Nob","floor":6.0,"turns":5.0},{"damage":0.0,"enemies":"Cultist","floor":7.0,"turns":3.0},{"damage":9.0,"enemies":"Large Slime","floor":10.0,"turns":4.0},{"damage":24.0,"enemies":"3 Sentries","floor":12.0,"turns":7.0},{"damage":0.0,"enemies":"3 Louse","floor":13.0,"turns":2.0},{"damage":9.0,"enemies":"The Guardian","floor":16.0,"turns":8.0},{"damage":12.0,"enemies":"3 Byrds","floor":18.0,"turns":3.0},{"damage":6.0,"enemies":"Shell Parasite","floor":19.0,"turns":3.0},{"damage":0.0,"enemies":"3 Cultists","floor":20.0,"turns":4.0},{"damage":14.0,"enemies":"Centurion and Healer","floor":24.0,"turns":4.0},{"damage":0.0,"enemies":"Colosseum Slavers","floor":27.0,"turns":3.0},{"damage":14.0,"enemies":"Shelled Parasite and Fungi","floor":29.0,"turns":3.0},{"damage":4.0,"enemies":"Cultist and Chosen","floor":31.0,"turns":4.0},{"damage":46,"enemies":"Champ","floor":33,"turns":7}],"seed_played":"-6394704620770461127","potions_obtained":[{"floor":4.0,"key":"GamblersBrew"},{"floor":5.0,"key":"SteroidPotion"},{"floor":10.0,"key":"Weak Potion"},{"floor":12.0,"key":"Swift Potion"},{"floor":18.0,"key":"AttackPotion"},{"floor":24.0,"key":"AttackPotion"},{"floor":29.0,"key":"Dexterity Potion"}],"is_trial":false,"path_per_floor":["M","?","$","M","?","E","M","R","T","M","R","E","M","?","R","B",null,"M","M","M","$","?","R","M","R","T","?","R","M","R","M","R","B"],"character_chosen":"THE_SILENT","items_purchased":["Lee\u0027s Waffle"],"campfire_rested":4,"item_purchase_floors":[21],"current_hp_per_floor":[59,59,59,55,55,6,6,25,25,16,35,11,11,11,30,21,55,43,37,37,73,52,52,38,38,38,38,38,24,24,20,41,0],"gold":45,"neow_bonus":"BOSS_RELIC","is_prod":false,"is_daily":false,"chose_seed":false,"campfire_upgraded":4,"win_rate":0,"timestamp":1546978027,"path_taken":["M","?","$","M","?","E","?","R","T","M","R","E","M","?","R","BOSS","M","M","M","$","?","R","M","R","T","?","R","M","R","M","R","BOSS"],"build_version":"2019-01-03v4","purchased_purges":2,"victory":false,"max_hp_per_floor":[66,66,66,66,66,66,66,66,66,66,66,66,66,66,66,66,66,66,66,66,73,73,73,73,73,73,73,73,73,73,73,73,73],"card_choices":[{"not_picked":["Blade Dance","Acrobatics"],"picked":"Dagger Throw","floor":1.0},{"not_picked":["Flying Knee","Prepared"],"picked":"Flechettes","floor":4.0},{"not_picked":["Distraction","Dagger Throw"],"picked":"Well Laid Plans","floor":6.0},{"not_picked":["Underhanded Strike","Endless Agony"],"picked":"Bouncing Flask","floor":7.0},{"not_picked":["Flying Knee","Finisher","Blade Dance"],"picked":"SKIP","floor":10.0},{"not_picked":["Accuracy","Dagger Spray","Well Laid Plans"],"picked":"SKIP","floor":12.0},{"not_picked":["Expertise","Tactician","Setup"],"picked":"SKIP","floor":13.0},{"not_picked":["Glass Knife","Storm of Steel"],"picked":"Die Die Die","floor":16.0},{"not_picked":["Underhanded Strike","Cloak And Dagger+1","Masterful Stab"],"picked":"SKIP","floor":18.0},{"not_picked":["Cloak And Dagger","Blade Dance"],"picked":"Deadly Poison","floor":19.0},{"not_picked":["Prepared","Outmaneuver","Predator"],"picked":"SKIP","floor":20.0},{"not_picked":["Predator","Sucker Punch"],"picked":"Bane","floor":24.0},{"not_picked":["Blade Dance","Quick Slash","Sucker Punch"],"picked":"SKIP","floor":29.0},{"not_picked":["Outmaneuver","Dagger Throw"],"picked":"After Image","floor":31.0}],"player_experience":1176523,"relics_obtained":[{"floor":6.0,"key":"Mercury Hourglass"},{"floor":9.0,"key":"Centennial Puzzle"},{"floor":12.0,"key":"Anchor"},{"floor":22.0,"key":"Nilry\u0027s Codex"},{"floor":26.0,"key":"Matryoshka"}],"event_choices":[{"damage_healed":0.0,"max_hp_gain":0.0,"max_hp_loss":0.0,"gold_gain":0.0,"event_name":"Big Fish","player_choice":"Box","floor":2.0,"gold_loss":0.0,"damage_taken":0.0,"relics_obtained":["War Paint"],"cards_obtained":["Regret"]},{"damage_healed":0.0,"max_hp_gain":0.0,"max_hp_loss":0.0,"gold_gain":0.0,"event_name":"Lab","player_choice":"Got Potions","floor":5.0,"gold_loss":0.0,"damage_taken":0.0},{"damage_healed":0.0,"max_hp_gain":0.0,"max_hp_loss":0.0,"gold_gain":0.0,"event_name":"Shining Light","player_choice":"Ignored","floor":14.0,"gold_loss":0.0,"damage_taken":0.0},{"damage_healed":0.0,"max_hp_gain":0.0,"max_hp_loss":0.0,"gold_gain":0.0,"event_name":"Cursed Tome","player_choice":"Obtained Book","floor":22.0,"gold_loss":0.0,"damage_taken":21.0},{"damage_healed":0.0,"max_hp_gain":0.0,"max_hp_loss":0.0,"gold_gain":0.0,"event_name":"Colosseum","player_choice":"Fight","floor":27.0,"gold_loss":0.0,"damage_taken":0.0},{"damage_healed":0.0,"max_hp_gain":0.0,"max_hp_loss":0.0,"gold_gain":0.0,"event_name":"Colosseum","player_choice":"Fled From Nobs","floor":27.0,"gold_loss":0.0,"damage_taken":0.0},{"damage_healed":0.0,"max_hp_gain":0.0,"max_hp_loss":0.0,"gold_gain":0.0,"event_name":"Colosseum","player_choice":"Fled From Nobs","floor":27.0,"gold_loss":0.0,"damage_taken":0.0}],"is_beta":false,"boss_relics":[{"not_picked":["Empty Cage","Orrery"],"picked":"Astrolabe"}],"items_purged_floors":[3,21],"is_endless":false,"potions_floor_spawned":[4,10,12,18,24,29],"killed_by":"Champ","ascension_level":20}