{"gold_per_floor":[116,1,15,15,15,48,48,88,88,104,129,129,163,176,176,269,269,293,316,316,130,130,130,174,192,192,192,192,207,122,122,122,122],"floor_reached":33,"playtime":1384,"items_purged":["Strike_G"],"score":666,"play_id":"cc0d3f32-409c-4d2c-94a7-b68710a4e2c8","local_time":"20190505224235","is_ascension_mode":true,"campfire_choices":[{"data":"Neutralize","floor":7.0,"key":"SMITH"},{"data":"Dagger Spray","floor":12.0,"key":"SMITH"},{"data":"Finisher","floor":15.0,"key":"SMITH"},{"floor":23.0,"key":"REST"},{"floor":28,"key":"REST"},{"floor":32,"key":"REST"}],"neow_cost":"NONE","seed_source_timestamp":994204900024975,"circlet_count":0,"master_deck":["AscendersBane","Defend_G","Defend_G","Defend_G","Defend_G","Defend_G","Strike_G","Strike_G","Strike_G","Strike_G","Survivor","Neutralize+1","Footwork","Dagger Spray+1","Poisoned Stab+1","Die Die Die","Terror","Flying Knee","Backflip","Quick Slash","Finisher+1","Bullet Time","PiercingWail","Dodge and Roll","RitualDagger","Acrobatics","Backflip"],"special_seed":0,"relics":["Ring of the Snake","NeowsBlessing","Bloody Idol","Blue Candle","PreservedInsect","Kunai","Juzu Bracelet","Philosopher\u0027s Stone","Omamori","Question Card","Orichalcum"],"potions_floor_usage":[27,33],"damage_taken":[{"damage":0.0,"enemies":"Jaw Worm","floor":1.0,"turns":1.0},{"damage":0.0,"enemies":"Small Slimes","floor":3.0,"turns":1.0},{"damage":0.0,"enemies":"3 Sentries","floor":6.0,"turns":1.0},{"damage":20.0,"enemies":"Lagavulin","floor":8.0,"turns":7.0},{"damage":2.0,"enemies":"2 Louse","floor":10.0,"turns":3.0},{"damage":0.0,"enemies":"Blue Slaver","floor":11.0,"turns":4.0},{"damage":0.0,"enemies":"Gremlin Nob","floor":13.0,"turns":2.0},{"damage":0.0,"enemies":"2 Fungi Beasts","floor":14.0,"turns":3.0},{"damage":1.0,"enemies":"Hexaghost","floor":16.0,"turns":10.0},{"damage":24.0,"enemies":"Shell Parasite","floor":18.0,"turns":4.0},{"damage":10.0,"enemies":"Spheric Guardian","floor":19.0,"turns":6.0},{"damage":5.0,"enemies":"Slavers","floor":24.0,"turns":3.0},{"damage":6.0,"enemies":"3 Cultists","floor":25.0,"turns":4.0},{"damage":16,"enemies":"Colosseum Slavers","floor":27,"turns":5},{"damage":21,"enemies":"Snake Plant","floor":29,"turns":4},{"damage":28,"enemies":"Champ","floor":33,"turns":10}],"seed_played":"-5875145486466083490","potions_obtained":[{"floor":10.0,"key":"FearPotion"},{"floor":11.0,"key":"EssenceOfSteel"},{"floor":16.0,"key":"SkillPotion"},{"floor":24.0,"key":"Dexterity Potion"},{"floor":29,"key":"Strength Potion"}],"is_trial":false,"path_per_floor":["M","$","M","?","?","E","R","E","T","M","M","R","E","M","R","B",null,"M","M","?","$","?","R","E","M","T","?","R","M","?","?","R","B"],"character_chosen":"THE_SILENT","items_purchased":["Dagger Spray","PowerPotion","Strength Potion","Explosive Potion"],"campfire_rested":3,"item_purchase_floors":[2,2,21,21],"current_hp_per_floor":[59,59,59,59,59,59,59,39,39,37,37,37,37,37,37,36,54,30,20,20,20,14,32,27,21,21,5,23,2,2,2,20,0],"gold":122,"neow_bonus":"THREE_ENEMY_KILL","is_prod":false,"is_daily":false,"chose_seed":false,"campfire_upgraded":3,"win_rate":0,"timestamp":1557110555,"path_taken":["M","$","M","?","?","E","R","E","T","M","M","R","E","M","R","BOSS","M","M","?","$","?","R","E","M","T","?","R","M","?","?","R","BOSS"],"build_version":"2019-01-23","purchased_purges":1,"victory":false,"max_hp_per_floor":[66,66,66,60,60,60,60,60,60,60,60,60,60,60,60,60,60,60,60,60,60,60,60,60,60,60,60,60,60,60,60,60,60],"card_choices":[{"not_picked":["Slice","Dagger Spray"],"picked":"Footwork","floor":1.0},{"not_picked":["Outmaneuver","Sucker Punch"],"picked":"Poisoned Stab","floor":3.0},{"not_picked":["Cloak And Dagger","Tools of the Trade"],"picked":"Die Die Die","floor":6.0},{"not_picked":["Slice","Flying Knee"],"picked":"Terror","floor":8.0},{"not_picked":["Slice","Caltrops"],"picked":"Flying Knee","floor":10.0},{"not_picked":["Dodge and Roll","Acrobatics"],"picked":"Backflip","floor":11.0},{"not_picked":["Riddle With Holes","Acrobatics"],"picked":"Quick Slash","floor":13.0},{"not_picked":["Sucker Punch","Quick Slash"],"picked":"Finisher","floor":14.0},{"not_picked":["Die Die Die","Doppelganger"],"picked":"Bullet Time","floor":16.0},{"not_picked":["Distraction","Underhanded Strike"],"picked":"PiercingWail","floor":18.0},{"not_picked":["Eviscerate","Outmaneuver"],"picked":"Dodge and Roll","floor":19.0},{"not_picked":["Blade Dance","Outmaneuver"],"picked":"Acrobatics","floor":24.0},{"not_picked":["Dagger Throw","Endless Agony","Sucker Punch"],"picked":"SKIP","floor":25.0},{"not_picked":["Acrobatics","Bouncing Flask","Prepared"],"picked":"Backflip","floor":29}],"player_experience":1431271,"relics_obtained":[{"floor":6.0,"key":"Blue Candle"},{"floor":8.0,"key":"PreservedInsect"},{"floor":9.0,"key":"Kunai"},{"floor":13.0,"key":"Juzu Bracelet"},{"floor":24.0,"key":"Omamori"},{"floor":26.0,"key":"Question Card"}],"event_choices":[{"damage_healed":0.0,"max_hp_gain":0.0,"max_hp_loss":6.0,"gold_gain":0.0,"event_name":"Golden Idol","player_choice":"Lose Max HP","floor":4.0,"gold_loss":0.0,"damage_taken":0.0,"relics_obtained":["Golden Idol"]},{"damage_healed":0.0,"max_hp_gain":0.0,"max_hp_loss":0.0,"gold_gain":0.0,"event_name":"Living Wall","player_choice":"Grow","floor":5.0,"gold_loss":0.0,"damage_taken":0.0,"cards_upgraded":["Poisoned Stab"]},{"damage_healed":0.0,"max_hp_gain":0.0,"max_hp_loss":0.0,"gold_gain":0.0,"event_name":"Cursed Tome","player_choice":"Ignored","floor":20.0,"gold_loss":0.0,"damage_taken":0.0},{"damage_healed":0.0,"max_hp_gain":0.0,"max_hp_loss":0.0,"gold_gain":0.0,"event_name":"Nest","player_choice":"Joined the Cult","floor":22.0,"gold_loss":0.0,"damage_taken":6.0,"cards_obtained":["RitualDagger"]},{"damage_healed":0,"gold_gain":0,"player_choice":"Fight","damage_taken":0,"max_hp_gain":0,"max_hp_loss":0,"event_name":"Colosseum","floor":27,"gold_loss":0},{"damage_healed":0,"gold_gain":0,"player_choice":"Fled From Nobs","damage_taken":0,"max_hp_gain":0,"max_hp_loss":0,"event_name":"Colosseum","floor":27,"gold_loss":0},{"damage_healed":0,"gold_gain":0,"player_choice":"Obtained Relic","damage_taken":0,"relics_obtained":["Orichalcum"],"max_hp_gain":0,"max_hp_loss":0,"event_name":"Addict","floor":30,"gold_loss":85},{"damage_healed":0,"gold_gain":0,"player_choice":"Gave Idol","damage_taken":0,"relics_obtained":["Bloody Idol"],"max_hp_gain":0,"max_hp_loss":0,"event_name":"Forgotten Altar","floor":31,"relics_lost":["Golden Idol"],"gold_loss":0}],"is_beta":false,"boss_relics":[{"not_picked":["Ectoplasm","Pandora\u0027s Box"],"picked":"Philosopher\u0027s Stone"}],"items_purged_floors":[21],"is_endless":false,"potions_floor_spawned":[10,11,16,24,29],"killed_by":"Champ","ascension_level":20}