{"gold_per_floor":[117,137,147,99,99,99,116,147,147,147],"floor_reached":10,"playtime":1541,"items_purged":[],"score":129,"play_id":"2bd7dea6-75e1-465b-b17c-e4c6b5f67380","local_time":"20190531093505","is_ascension_mode":true,"campfire_choices":[{"data":"Armaments","floor":6.0,"key":"SMITH"}],"neow_cost":"NONE","seed_source_timestamp":997094341084001,"circlet_count":0,"master_deck":["AscendersBane","Strike_R","Strike_R","Strike_R","Strike_R","Strike_R","Defend_R","Defend_R","Defend_R","Defend_R","Bash","Clothesline","Pummel","Armaments+1","Disarm","Ghostly Armor"],"special_seed":0,"relics":["Burning Blood","NlothsMask","FossilizedHelix"],"potions_floor_usage":[10],"damage_taken":[{"damage":7.0,"enemies":"Cultist","floor":1.0,"turns":4.0},{"damage":7.0,"enemies":"Jaw Worm","floor":2.0,"turns":5.0},{"damage":0.0,"enemies":"2 Louse","floor":3.0,"turns":2.0},{"damage":23.0,"enemies":"Exordium Thugs","floor":7.0,"turns":5.0},{"damage":58.0,"enemies":"3 Sentries","floor":8.0,"turns":13.0},{"damage":39,"enemies":"Gremlin Nob","floor":10,"turns":4}],"seed_played":"-7350163453506414120","potions_obtained":[{"floor":3.0,"key":"SkillPotion"},{"floor":8.0,"key":"BloodPotion"}],"is_trial":false,"path_per_floor":["M","M","M","?","?","R","M","E","T","E"],"character_chosen":"IRONCLAD","items_purchased":[],"campfire_rested":0,"item_purchase_floors":[],"current_hp_per_floor":[74,73,79,79,79,79,62,10,10,0],"gold":147,"neow_bonus":"TEN_PERCENT_HP_BONUS","is_prod":false,"is_daily":false,"chose_seed":false,"campfire_upgraded":1,"win_rate":0,"timestamp":1559309705,"path_taken":["M","M","M","?","?","R","M","E","T","E"],"build_version":"2019-01-23","purchased_purges":0,"victory":false,"max_hp_per_floor":[82,82,82,82,82,82,82,82,82,82],"card_choices":[{"not_picked":["Thunderclap","Intimidate"],"picked":"Clothesline","floor":1.0},{"not_picked":["Heavy Blade","Dual Wield"],"picked":"Pummel","floor":2.0},{"not_picked":["True Grit","Twin Strike"],"picked":"Armaments","floor":3.0},{"not_picked":["Hemokinesis","Infernal Blade"],"picked":"Disarm","floor":7.0},{"not_picked":["Dark Embrace","Heavy Blade"],"picked":"Ghostly Armor","floor":8.0}],"player_experience":1586537,"relics_obtained":[{"floor":8.0,"key":"FossilizedHelix"}],"event_choices":[{"damage_healed":0.0,"max_hp_gain":0.0,"max_hp_loss":0.0,"gold_gain":0.0,"event_name":"World of Goop","player_choice":"Left Gold","floor":4.0,"gold_loss":48.0,"damage_taken":0.0},{"damage_healed":0.0,"max_hp_gain":0.0,"max_hp_loss":0.0,"gold_gain":0.0,"event_name":"FaceTrader","player_choice":"Trade","floor":5.0,"gold_loss":0.0,"damage_taken":0.0,"relics_obtained":["NlothsMask"]}],"is_beta":false,"boss_relics":[],"items_purged_floors":[],"is_endless":false,"potions_floor_spawned":[3,8],"killed_by":"Gremlin Nob","ascension_level":18}