{"gold_per_floor":[112,125,145,69,85,85,114,114,114,130,143,143,122,122],"floor_reached":14,"playtime":915,"items_purged":[],"score":188,"play_id":"bae76f7d-bea5-4711-8315-4a061f47d50b","local_time":"20190430214248","is_ascension_mode":true,"campfire_choices":[{"data":"Finisher","floor":6.0,"key":"SMITH"},{"floor":8,"key":"REST"}],"neow_cost":"NONE","seed_source_timestamp":558680768175255,"circlet_count":0,"master_deck":["AscendersBane","Defend_G","Defend_G","Defend_G","Defend_G","Defend_G","Strike_G","Strike_G","Strike_G","Strike_G","Survivor","Neutralize","Distraction","Finisher+1","Flying Knee","Terror","Crippling Poison","Poisoned Stab","Dagger Spray","Dodge and Roll","Unload","Endless Agony"],"special_seed":0,"relics":["Ring of the Snake","Sundial","Shuriken"],"potions_floor_usage":[10],"damage_taken":[{"damage":1.0,"enemies":"2 Louse","floor":1.0,"turns":4.0},{"damage":0.0,"enemies":"Jaw Worm","floor":2.0,"turns":5.0},{"damage":0.0,"enemies":"Cultist","floor":3.0,"turns":3.0},{"damage":25.0,"enemies":"Exordium Thugs","floor":5.0,"turns":7.0},{"damage":17,"enemies":"Lagavulin","floor":7,"turns":6},{"damage":0,"enemies":"Blue Slaver","floor":10,"turns":4},{"damage":11,"enemies":"Exordium Wildlife","floor":11,"turns":3},{"damage":5,"enemies":"Exordium Thugs","floor":13,"turns":4},{"damage":22,"enemies":"3 Sentries","floor":14,"turns":4}],"seed_played":"5487952444012534531","potions_obtained":[{"floor":1.0,"key":"GamblersBrew"},{"floor":3.0,"key":"Swift Potion"},{"floor":7,"key":"SkillPotion"}],"is_trial":false,"path_per_floor":["M","M","M","$","M","R","E","R","T","M","M","?","M","E"],"character_chosen":"THE_SILENT","items_purchased":["Crippling Poison"],"campfire_rested":1,"item_purchase_floors":[4],"current_hp_per_floor":[58,58,58,58,33,33,16,35,35,35,24,24,19,0],"gold":122,"neow_bonus":"TRANSFORM_CARD","is_prod":false,"is_daily":false,"chose_seed":false,"campfire_upgraded":1,"win_rate":0,"timestamp":1556674968,"path_taken":["M","M","M","$","M","R","E","R","T","M","M","?","M","E"],"build_version":"2019-01-23","purchased_purges":0,"victory":false,"max_hp_per_floor":[66,66,66,66,66,66,66,66,66,66,66,66,66,66],"card_choices":[{"not_picked":["Heel Hook","Prepared"],"picked":"Finisher","floor":1.0},{"not_picked":["Sucker Punch","Outmaneuver"],"picked":"Flying Knee","floor":2.0},{"not_picked":["Catalyst","Leg Sweep"],"picked":"Terror","floor":3.0},{"not_picked":["Accuracy","Outmaneuver"],"picked":"Poisoned Stab","floor":5.0},{"not_picked":["Acrobatics","Skewer"],"picked":"Dagger Spray","floor":7},{"not_picked":["Flying Knee","Deadly Poison"],"picked":"Dodge and Roll","floor":10},{"not_picked":["Masterful Stab","Slice"],"picked":"Unload","floor":11},{"not_picked":["Underhanded Strike","Escape Plan"],"picked":"Endless Agony","floor":13}],"player_experience":1331530,"relics_obtained":[{"floor":7,"key":"Sundial"},{"floor":9,"key":"Shuriken"}],"event_choices":[{"damage_healed":0,"gold_gain":0,"player_choice":"Ignored","damage_taken":0,"max_hp_gain":0,"max_hp_loss":0,"event_name":"Shining Light","floor":12,"gold_loss":0}],"is_beta":false,"boss_relics":[],"items_purged_floors":[],"is_endless":false,"potions_floor_spawned":[1,3,7],"killed_by":"3 Sentries","ascension_level":20}