{"gold_per_floor":[130,155,242,268,297,340,352,392,404,429,441,148,48,78,78,78],"floor_reached":16,"playtime":726,"items_purged":["Strike_R","Strike_R"],"score":127,"play_id":"08d79bf5-c6d4-4fce-8532-048e96194229","local_time":"20190712134442","is_ascension_mode":true,"campfire_choices":[{"floor":7,"key":"REST"},{"floor":15,"key":"REST"}],"neow_cost":"NONE","seed_source_timestamp":7224321146667,"circlet_count":0,"master_deck":["Strike_R","Strike_R","Strike_R","Defend_R","Defend_R","Defend_R","Defend_R","Bash","Carnage","Flex","Flame Barrier","Sword Boomerang","Rampage","Pommel Strike"],"relics":["Burning Blood","MawBank","Dodecahedron","Lantern","Boot","Pen Nib"],"potions_floor_usage":[5,6,16],"damage_taken":[{"damage":6,"enemies":"Cultist","floor":1,"turns":3},{"damage":5,"enemies":"Small Slimes","floor":2,"turns":3},{"damage":7,"enemies":"Jaw Worm","floor":4,"turns":3},{"damage":19,"enemies":"3 Louse","floor":5,"turns":3},{"damage":25,"enemies":"Gremlin Nob","floor":6,"turns":4},{"damage":40,"enemies":"Lagavulin","floor":8,"turns":5},{"damage":13,"enemies":"Blue Slaver","floor":10,"turns":3},{"damage":64,"enemies":"Hexaghost","floor":16,"turns":9}],"seed_played":"-4585443433895257758","potions_obtained":[{"floor":1,"key":"SteroidPotion"},{"floor":4,"key":"SkillPotion"},{"floor":6,"key":"GamblersBrew"}],"is_trial":false,"path_per_floor":["M","M","?","M","M","E","R","E","T","M","?","$","$","?","R","B"],"character_chosen":"IRONCLAD","items_purchased":["BloodPotion","Pen Nib"],"campfire_rested":2,"item_purchase_floors":[12,12],"current_hp_per_floor":[80,80,69,68,55,36,60,26,26,19,19,19,19,19,43,0],"gold":78,"neow_bonus":"RANDOM_COMMON_RELIC","is_prod":false,"is_daily":false,"chose_seed":false,"campfire_upgraded":0,"win_rate":0,"timestamp":1562931882,"path_taken":["M","?","?","M","M","E","R","E","T","M","?","?","$","?","R","BOSS"],"build_version":"2019-07-05","purchased_purges":2,"victory":false,"max_hp_per_floor":[80,80,80,80,80,80,80,80,80,80,80,80,80,80,80,80],"card_choices":[{"not_picked":["Combust","Dropkick","Feel No Pain"],"picked":"SKIP","floor":1},{"not_picked":["Heavy Blade","Twin Strike"],"picked":"Carnage","floor":2},{"not_picked":["Blood for Blood","Heavy Blade"],"picked":"Flex","floor":4},{"not_picked":["Armaments","Sentinel"],"picked":"Flame Barrier","floor":5},{"not_picked":["Flex","Reckless Charge"],"picked":"Sword Boomerang","floor":6},{"not_picked":["Hemokinesis","Shrug It Off"],"picked":"Rampage","floor":8},{"not_picked":["True Grit","Metallicize"],"picked":"Pommel Strike","floor":10}],"player_experience":33903,"relics_obtained":[{"floor":6,"key":"Dodecahedron"},{"floor":8,"key":"Lantern"},{"floor":9,"key":"Boot"}],"event_choices":[{"damage_healed":0,"gold_gain":75,"player_choice":"Gather Gold","damage_taken":11,"max_hp_gain":0,"max_hp_loss":0,"event_name":"World of Goop","floor":3,"gold_loss":0},{"damage_healed":0,"gold_gain":0,"player_choice":"Fled","damage_taken":0,"max_hp_gain":0,"max_hp_loss":0,"event_name":"Scrap Ooze","floor":11,"gold_loss":0},{"damage_healed":0,"gold_gain":30,"player_choice":"Searched \u00272\u0027 times","damage_taken":0,"max_hp_gain":0,"max_hp_loss":0,"event_name":"Dead Adventurer","floor":14,"gold_loss":0}],"is_beta":false,"boss_relics":[],"items_purged_floors":[12,13],"is_endless":false,"potions_floor_spawned":[1,4,6],"killed_by":"Hexaghost","ascension_level":3}