{"gold_per_floor":[210,210,66,79,79,79,79,79,102,120,120,140,155,172,172,172],"floor_reached":16,"playtime":1071,"items_purged":[],"score":92,"play_id":"b0d2eba5-2d0b-4168-aaf7-5efdd75b6791","local_time":"20190819150048","is_ascension_mode":false,"campfire_choices":[{"data":"Concentrate","floor":7,"key":"SMITH"},{"data":"Acrobatics","floor":11,"key":"SMITH"},{"data":"Escape Plan","floor":15,"key":"SMITH"}],"neow_cost":"NONE","seed_source_timestamp":181196324400825,"circlet_count":0,"master_deck":["Strike_G","Strike_G","Strike_G","Strike_G","Strike_G","Defend_G","Defend_G","Defend_G","Defend_G","Defend_G","Survivor","Neutralize","Concentrate+1","Reflex","Acrobatics+1","Poisoned Stab","Escape Plan+1","Eviscerate"],"relics":["Ring of the Snake","Art of War","Regal Pillow","Matryoshka","Bronze Scales","Pen Nib"],"potions_floor_usage":[16],"damage_taken":[{"damage":1,"enemies":"Cultist","floor":1,"turns":4},{"damage":0,"enemies":"Small Slimes","floor":4,"turns":3},{"damage":1,"enemies":"Jaw Worm","floor":10,"turns":5},{"damage":0,"enemies":"Blue Slaver","floor":12,"turns":6},{"damage":0,"enemies":"Gremlin Gang","floor":13,"turns":4},{"damage":2,"enemies":"Large Slime","floor":14,"turns":7},{"damage":63,"enemies":"Slime Boss","floor":16,"turns":11}],"seed_played":"3630479505270089377","potions_obtained":[{"floor":1,"key":"GhostInAJar"},{"floor":14,"key":"Swift Potion"}],"is_trial":false,"path_per_floor":["M","?","$","M","?","T","R","$","T","M","R","M","M","M","R","B"],"character_chosen":"THE_SILENT","items_purchased":["Art of War"],"campfire_rested":0,"item_purchase_floors":[3],"current_hp_per_floor":[69,69,69,69,66,66,66,66,66,65,65,65,65,63,63,0],"gold":172,"neow_bonus":"HUNDRED_GOLD","is_prod":false,"is_daily":false,"chose_seed":false,"campfire_upgraded":3,"win_rate":0.0,"timestamp":1566244848,"path_taken":["M","?","?","?","?","?","R","?","T","M","R","M","M","M","R","BOSS"],"build_version":"2019-07-17","purchased_purges":0,"victory":false,"max_hp_per_floor":[70,70,70,70,70,70,70,70,70,70,70,70,70,70,70,70],"card_choices":[{"not_picked":["Prepared","Blade Dance"],"picked":"Concentrate","floor":1},{"not_picked":["Acrobatics","PiercingWail"],"picked":"Reflex","floor":4},{"not_picked":["Blade Dance","Blur"],"picked":"Acrobatics","floor":10},{"not_picked":["PiercingWail","All Out Attack"],"picked":"Poisoned Stab","floor":12},{"not_picked":["Slice","Sucker Punch"],"picked":"Escape Plan","floor":13},{"not_picked":["Dagger Throw","Quick Slash"],"picked":"Eviscerate","floor":14}],"player_experience":187205,"relics_obtained":[{"floor":6,"key":"Matryoshka"},{"floor":9,"key":"Bronze Scales"},{"floor":9,"key":"Pen Nib"}],"event_choices":[{"damage_healed":0,"gold_gain":0,"player_choice":"Bought 0 Potions","damage_taken":0,"max_hp_gain":0,"max_hp_loss":0,"event_name":"The Woman in Blue","floor":2,"gold_loss":0},{"damage_healed":0,"gold_gain":0,"player_choice":"Success","damage_taken":3,"relics_obtained":["Regal Pillow"],"max_hp_gain":0,"max_hp_loss":0,"event_name":"Scrap Ooze","floor":5,"gold_loss":0}],"is_beta":false,"boss_relics":[],"items_purged_floors":[],"is_endless":false,"potions_floor_spawned":[1,14],"killed_by":"Slime Boss","ascension_level":0}