{"gold_per_floor":[110,35,210,221,221,256,267,267,294,42,75,75,75,98,98,217,217,242,152,168,43,67,67],"floor_reached":23,"playtime":1202,"items_purged":["Strike_B","Strike_B","Defend_B"],"score":333,"play_id":"728e7772-9f1f-4c7a-9d95-8b45b8250ba6","local_time":"20181104224401","is_ascension_mode":true,"campfire_choices":[{"data":"Creative AI","floor":8,"key":"SMITH"},{"data":"Glacier","floor":12,"key":"SMITH"},{"data":"Hologram","floor":15,"key":"SMITH"}],"neow_cost":"NONE","seed_source_timestamp":701851255323676,"circlet_count":0,"master_deck":["AscendersBane","Strike_B","Defend_B","Defend_B+1","Defend_B","Zap","Dualcast+1","Coolheaded+1","Streamline","Creative AI+1","Glacier+1","Fusion","Hologram+1","Multi-Cast","BootSequence+1","Heatsinks+1"],"relics":["Cracked Core","NeowsBlessing","War Paint","Bronze Scales","Happy Flower","Sundial","Golden Idol","Black Star","Bag of Marbles"],"potions_floor_usage":[11,16,16,23,23],"damage_taken":[{"damage":0,"enemies":"Jaw Worm","floor":1,"turns":1},{"damage":0,"enemies":"Small Slimes","floor":4,"turns":1},{"damage":0,"enemies":"Gremlin Nob","floor":6,"turns":1},{"damage":0,"enemies":"2 Louse","floor":7,"turns":2},{"damage":12,"enemies":"Lagavulin","floor":11,"turns":8},{"damage":4,"enemies":"Large Slime","floor":14,"turns":6},{"damage":2,"enemies":"The Guardian","floor":16,"turns":10},{"damage":3,"enemies":"3 Byrds","floor":18,"turns":2},{"damage":10,"enemies":"Chosen","floor":20,"turns":6},{"damage":66,"enemies":"Gremlin Leader","floor":23,"turns":9}],"seed_played":"7207521716352812977","potions_obtained":[{"floor":4,"key":"Explosive Potion"},{"floor":6,"key":"Regen Potion"},{"floor":7,"key":"Swift Potion"},{"floor":18,"key":"Dexterity Potion"},{"floor":20,"key":"EssenceOfSteel"}],"is_trial":false,"path_per_floor":["M","$","?","M","?","E","M","R","T","$","E","R","?","M","R","B",null,"M","?","M","$","T","E"],"character_chosen":"DEFECT","items_purchased":["Happy Flower"],"campfire_rested":0,"item_purchase_floors":[10],"current_hp_per_floor":[68,68,68,68,61,61,61,61,61,61,64,64,64,60,60,58,66,63,63,53,53,53,0],"gold":67,"neow_bonus":"THREE_ENEMY_KILL","is_prod":false,"is_daily":false,"chose_seed":false,"campfire_upgraded":3,"win_rate":0,"timestamp":1541389441,"path_taken":["M","$","?","M","?","E","M","R","T","$","E","R","?","M","R","BOSS","M","?","M","$","?","E"],"build_version":"2018-11-01","purchased_purges":3,"victory":false,"max_hp_per_floor":[75,75,75,75,75,75,75,75,75,75,75,75,69,69,69,69,69,69,69,69,69,69,69],"card_choices":[{"not_picked":["Steam","Hello World"],"picked":"Coolheaded","floor":1},{"not_picked":["White Noise","Steam"],"picked":"Streamline","floor":4},{"not_picked":["Turbo","Cold Snap"],"picked":"Creative AI","floor":6},{"not_picked":["Loop","Steam Power"],"picked":"Glacier","floor":7},{"not_picked":["Consume","Steam"],"picked":"Fusion","floor":11},{"not_picked":["Gash","Rip and Tear"],"picked":"Hologram","floor":14},{"not_picked":["Seek","Thunder Strike"],"picked":"Multi-Cast","floor":16},{"not_picked":["Steam Power","Conserve Battery"],"picked":"BootSequence+1","floor":18},{"not_picked":["Sweeping Beam","Sunder+1"],"picked":"Heatsinks+1","floor":20}],"player_experience":621376,"relics_obtained":[{"floor":6,"key":"War Paint"},{"floor":9,"key":"Bronze Scales"},{"floor":11,"key":"Sundial"},{"floor":22,"key":"Bag of Marbles"}],"event_choices":[{"damage_healed":0,"gold_gain":175,"player_choice":"AGREE","damage_taken":0,"max_hp_gain":0,"max_hp_loss":0,"event_name":"Liars Game","floor":3,"gold_loss":0,"cards_obtained":["Doubt"]},{"cards_removed":["Doubt"],"damage_healed":0,"gold_gain":0,"player_choice":"Card Removal","damage_taken":7,"max_hp_gain":0,"max_hp_loss":0,"event_name":"Golden Wing","floor":5,"gold_loss":0},{"damage_healed":0,"gold_gain":0,"player_choice":"Lose Max HP","damage_taken":0,"relics_obtained":["Golden Idol"],"max_hp_gain":0,"max_hp_loss":6,"event_name":"Golden Idol","floor":13,"gold_loss":0},{"cards_removed":["Strike_B"],"damage_healed":0,"gold_gain":0,"player_choice":"Upgrade and Remove","damage_taken":0,"max_hp_gain":0,"max_hp_loss":0,"event_name":"Designer","floor":19,"gold_loss":90,"cards_upgraded":["Defend_B"]}],"is_beta":false,"boss_relics":[{"not_picked":["Inserter","Ectoplasm"],"picked":"Black Star"}],"items_purged_floors":[2,10,21],"is_endless":false,"potions_floor_spawned":[4,6,7,18,20],"killed_by":"Gremlin Leader","ascension_level":10}