{"gold_per_floor":[115,130,141,155,155,183,134,134],"floor_reached":8,"playtime":401,"items_purged":[],"score":99,"play_id":"22114dd3-5e38-48e7-a040-7e2aea0f95bd","local_time":"20181219141147","is_ascension_mode":true,"campfire_choices":[],"neow_cost":"TEN_PERCENT_HP_LOSS","seed_source_timestamp":499606230136460,"circlet_count":0,"master_deck":["AscendersBane","Defend_G","Defend_G","Defend_G","Defend_G","Defend_G","Strike_G","Strike_G","Strike_G","Strike_G","Strike_G","Survivor","Neutralize","Burst","Bane","Deflect","Poisoned Stab","All Out Attack"],"relics":["Ring of the Snake","Anchor"],"potions_floor_usage":[6,8],"damage_taken":[{"damage":10,"enemies":"Small Slimes","floor":1,"turns":4},{"damage":1,"enemies":"Jaw Worm","floor":2,"turns":6},{"damage":0,"enemies":"2 Louse","floor":3,"turns":4},{"damage":2,"enemies":"Looter","floor":4,"turns":5},{"damage":22,"enemies":"Gremlin Nob","floor":6,"turns":4},{"damage":25,"enemies":"3 Sentries","floor":8,"turns":8}],"seed_played":"4002799470101356540","potions_obtained":[{"floor":1,"key":"SteroidPotion"},{"floor":4,"key":"LiquidBronze"}],"is_trial":false,"path_per_floor":["M","M","M","M","?","E","$","E"],"character_chosen":"THE_SILENT","items_purchased":["PowerPotion"],"campfire_rested":0,"item_purchase_floors":[7],"current_hp_per_floor":[49,48,48,46,46,24,24,0],"gold":134,"neow_bonus":"THREE_RARE_CARDS","is_prod":false,"is_daily":false,"chose_seed":false,"campfire_upgraded":0,"win_rate":0,"timestamp":1545246707,"path_taken":["M","M","M","M","?","E","$","E"],"build_version":"2018-12-13","purchased_purges":0,"victory":false,"max_hp_per_floor":[60,60,60,60,60,60,60,60],"card_choices":[{"not_picked":["Night Terror","Adrenaline"],"picked":"Burst","floor":0},{"not_picked":["Masterful Stab","Outmaneuver"],"picked":"Bane","floor":1},{"not_picked":["Outmaneuver","Night Terror"],"picked":"Deflect","floor":2},{"not_picked":["Bane","Distraction"],"picked":"Poisoned Stab","floor":3},{"not_picked":["Backflip","Underhanded Strike","Dodge and Roll"],"picked":"SKIP","floor":4},{"not_picked":["Quick Slash","Catalyst"],"picked":"All Out Attack","floor":6}],"player_experience":907572,"relics_obtained":[{"floor":6,"key":"Anchor"}],"event_choices":[{"damage_healed":0,"gold_gain":0,"player_choice":"Ignored","damage_taken":0,"max_hp_gain":0,"max_hp_loss":0,"event_name":"Shining Light","floor":5,"gold_loss":0}],"is_beta":false,"boss_relics":[],"items_purged_floors":[],"is_endless":false,"potions_floor_spawned":[1,4],"killed_by":"3 Sentries","ascension_level":14}