{"gold_per_floor":[112,129,149,149,149,149,177,177,177,208,221,240,240,255,255,348,348,361,377,22,22,22,22,57,57,57,77,77,92,11,76,76,174,174,193,83,99,99,113,148,20,58,58,58,72,87,121,137,137,137,137,137,137,27,67,67],"floor_reached":56,"playtime":7191,"items_purged":["Strike_G"],"score":2124,"play_id":"19b70894-1354-4048-8a65-f02bbac1ea8b","local_time":"20190504130559","is_ascension_mode":true,"campfire_choices":[{"data":"Neutralize","floor":6.0,"key":"SMITH"},{"floor":8.0,"key":"REST"},{"floor":15.0,"key":"REST"},{"data":"Night Terror","floor":23.0,"key":"SMITH"},{"data":"Footwork","floor":25.0,"key":"SMITH"},{"data":"Infinite Blades","floor":28.0,"key":"SMITH"},{"floor":32.0,"key":"REST"},{"data":"Madness","floor":44.0,"key":"SMITH"},{"floor":49.0,"key":"RECALL"},{"data":"Footwork","floor":53.0,"key":"SMITH"}],"neow_cost":"NONE","seed_source_timestamp":867204650654052,"circlet_count":0,"master_deck":["AscendersBane","Defend_G","Defend_G","Defend_G","Defend_G","Defend_G+1","Survivor","Neutralize+1","Poisoned Stab","Footwork+1","Underhanded Strike","Dagger Throw","Dash","Predator","Deflect","Night Terror+1","Outmaneuver","Infinite Blades+1","Prepared+1","Endless Agony","Endless Agony+1","Backstab","After Image+1","Bullet Time","Dodge and Roll","Madness","Madness+1","PiercingWail+1","Cloak And Dagger","Decay","Parasite","Footwork+1","PiercingWail+1","Blur"],"special_seed":0,"relics":["Ring of the Snake","Dead Branch","Blue Candle","Paper Crane","Golden Idol","Cursed Key","Ninja Scroll","Meat on the Bone","War Paint","Tiny Chest","Empty Cage","Regal Pillow","Boot","Art of War","Bag of Preparation"],"potions_floor_usage":[55,56,56],"damage_taken":[{"damage":1.0,"enemies":"Small Slimes","floor":1.0,"turns":3.0},{"damage":0.0,"enemies":"Cultist","floor":2.0,"turns":4.0},{"damage":0.0,"enemies":"Jaw Worm","floor":3.0,"turns":4.0},{"damage":38.0,"enemies":"Lagavulin","floor":7.0,"turns":10.0},{"damage":10.0,"enemies":"Gremlin Nob","floor":10.0,"turns":5.0},{"damage":0.0,"enemies":"Large Slime","floor":11.0,"turns":4.0},{"damage":0.0,"enemies":"2 Fungi Beasts","floor":12.0,"turns":2.0},{"damage":2.0,"enemies":"Exordium Thugs","floor":14.0,"turns":5.0},{"damage":21.0,"enemies":"Slime Boss","floor":16.0,"turns":13.0},{"damage":8.0,"enemies":"Shell Parasite","floor":18.0,"turns":8.0},{"damage":1.0,"enemies":"Chosen","floor":19.0,"turns":5.0},{"damage":9.0,"enemies":"Gremlin Leader","floor":24.0,"turns":7.0},{"damage":0.0,"enemies":"Shelled Parasite and Fungi","floor":27.0,"turns":2.0},{"damage":0.0,"enemies":"Snake Plant","floor":29.0,"turns":5.0},{"damage":0.0,"enemies":"Slavers","floor":31.0,"turns":2.0},{"damage":6.0,"enemies":"Automaton","floor":33.0,"turns":10.0},{"damage":0.0,"enemies":"3 Shapes","floor":35.0,"turns":7.0},{"damage":0.0,"enemies":"Orb Walker","floor":37.0,"turns":2.0},{"damage":8.0,"enemies":"Transient","floor":39.0,"turns":6.0},{"damage":11.0,"enemies":"Nemesis","floor":40.0,"turns":9.0},{"damage":3.0,"enemies":"Giant Head","floor":42.0,"turns":6.0},{"damage":1.0,"enemies":"Writhing Mass","floor":45.0,"turns":11.0},{"damage":18.0,"enemies":"Spire Growth","floor":46.0,"turns":6.0},{"damage":1.0,"enemies":"Reptomancer","floor":47.0,"turns":8.0},{"damage":3.0,"enemies":"Maw","floor":48.0,"turns":6.0},{"damage":13.0,"enemies":"Donu and Deca","floor":50.0,"turns":7.0},{"damage":22.0,"enemies":"Awakened One","floor":51.0,"turns":18.0},{"damage":47,"enemies":"Shield and Spear","floor":55,"turns":11},{"damage":32,"enemies":"The Heart","floor":56,"turns":2}],"seed_played":"5493780429602416458","potions_obtained":[{"floor":1.0,"key":"Explosive Potion"},{"floor":11.0,"key":"Swift Potion"},{"floor":12.0,"key":"Energy Potion"},{"floor":16.0,"key":"Block Potion"},{"floor":19.0,"key":"GhostInAJar"},{"floor":27.0,"key":"SpeedPotion"},{"floor":31.0,"key":"AttackPotion"},{"floor":39.0,"key":"LiquidBronze"},{"floor":42.0,"key":"Dexterity Potion"},{"floor":45.0,"key":"EntropicBrew"},{"floor":55,"key":"Energy Potion"}],"is_trial":false,"path_per_floor":["M","M","M","?","?","R","E","R","T","E","M","M","?","M","R","B",null,"M","M","$","?","?","R","E","R","T","M","R","M","$","E","R","B",null,"M","?","M","?","M","E","$","E","T","R","M","M","E","M","R","B","B",null,"R","$","E","B"],"character_chosen":"THE_SILENT","items_purchased":["Ninja Scroll","Infinite Blades","Backstab","Energy Potion","AttackPotion","Dexterity Potion"],"campfire_rested":3,"item_purchase_floors":[20,20,30,41,54,54],"current_hp_per_floor":[58,58,58,40,40,40,2,21,21,11,11,11,11,9,27,6,47,39,38,38,38,38,38,29,29,29,41,41,41,41,41,59,53,58,58,58,58,47,39,40,40,37,37,37,36,30,41,38,38,37,27,52,52,52,17,0],"gold":67,"neow_bonus":"THREE_CARDS","is_prod":false,"is_daily":false,"chose_seed":false,"campfire_upgraded":6,"win_rate":0,"timestamp":1556989559,"path_taken":["M","M","M","?","?","R","E","R","T","E","?","M","?","M","R","BOSS","M","M","$","?","?","R","E","R","T","M","R","?","$","E","R","BOSS","M","?","?","?","M","E","?","E","T","R","M","M","E","M","R","BOSS","BOSS","R","$","E","BOSS"],"build_version":"2019-01-23","purchased_purges":1,"victory":false,"max_hp_per_floor":[66,66,66,66,66,66,66,66,66,66,66,66,60,60,60,60,60,60,60,60,60,60,60,60,60,60,60,60,60,60,60,60,60,60,60,60,60,60,60,60,60,60,60,60,60,60,60,60,60,60,60,60,60,60,60,60],"card_choices":[{"not_picked":["Sucker Punch","Underhanded Strike"],"picked":"Poisoned Stab","floor":0.0},{"not_picked":["Tactician","Infinite Blades"],"picked":"Footwork","floor":1.0},{"not_picked":["Tactician","Caltrops"],"picked":"Underhanded Strike","floor":2.0},{"not_picked":["Dodge and Roll","Bane"],"picked":"Dagger Throw","floor":3.0},{"not_picked":["Tools of the Trade","Endless Agony"],"picked":"Dash","floor":7.0},{"not_picked":["Dagger Throw","Slice"],"picked":"Predator","floor":10.0},{"not_picked":["Underhanded Strike","Bouncing Flask","Slice"],"picked":"SKIP","floor":11.0},{"not_picked":["Poisoned Stab","Riddle With Holes"],"picked":"Deflect","floor":12.0},{"not_picked":["Concentrate","Envenom","Quick Slash"],"picked":"SKIP","floor":14.0},{"not_picked":["Bullet Time","A Thousand Cuts"],"picked":"Night Terror","floor":16.0},{"not_picked":["Dash","Riddle With Holes","Sucker Punch"],"picked":"SKIP","floor":18.0},{"not_picked":["Prepared","Bane"],"picked":"Outmaneuver","floor":19.0},{"not_picked":["Poisoned Stab","Acrobatics","Dash"],"picked":"SKIP","floor":24.0},{"not_picked":["Storm of Steel","Heel Hook"],"picked":"Endless Agony","floor":27.0},{"not_picked":["Slice","Cloak And Dagger"],"picked":"Endless Agony+1","floor":29.0},{"not_picked":["Sucker Punch","Well Laid Plans"],"picked":"After Image","floor":31.0},{"not_picked":["Night Terror","Venomology"],"picked":"Bullet Time","floor":33.0},{"not_picked":["Deadly Poison+1","Poisoned Stab"],"picked":"Dodge and Roll","floor":35.0},{"not_picked":["Bane+1","Underhanded Strike+1","Poisoned Stab+1"],"picked":"SKIP","floor":37.0},{"not_picked":["Quick Slash","Deadly Poison"],"picked":"PiercingWail+1","floor":39.0},{"not_picked":["Phantasmal Killer","Dodge and Roll"],"picked":"Cloak And Dagger","floor":40.0},{"not_picked":["Backflip","Sucker Punch","Blur"],"picked":"SKIP","floor":42.0},{"not_picked":["Prepared","Dagger Throw"],"picked":"Footwork","floor":45.0},{"not_picked":["Flying Knee","Bullet Time"],"picked":"PiercingWail+1","floor":46.0},{"not_picked":["Bane","Outmaneuver+1","Night Terror"],"picked":"SKIP","floor":47.0},{"not_picked":["Underhanded Strike","Blade Dance","Sucker Punch"],"picked":"SKIP","floor":48.0},{"not_picked":["Acrobatics+1","Dagger Spray"],"picked":"Blur","floor":55}],"player_experience":1408704,"relics_obtained":[{"floor":7.0,"key":"Blue Candle"},{"floor":9.0,"key":"Paper Crane"},{"floor":24.0,"key":"Meat on the Bone"},{"floor":26.0,"key":"War Paint"},{"floor":31.0,"key":"Tiny Chest"},{"floor":40.0,"key":"Regal Pillow"},{"floor":42.0,"key":"Boot"},{"floor":47.0,"key":"Art of War"},{"floor":55,"key":"Bag of Preparation"}],"event_choices":[{"damage_healed":0.0,"max_hp_gain":0.0,"max_hp_loss":0.0,"gold_gain":0.0,"event_name":"Scrap Ooze","player_choice":"Success","floor":4.0,"gold_loss":0.0,"damage_taken":18.0,"relics_obtained":["Dead Branch"]},{"cards_removed":["Strike_G"],"damage_healed":0.0,"max_hp_gain":0.0,"max_hp_loss":0.0,"gold_gain":0.0,"event_name":"Purifier","player_choice":"Purged","floor":5.0,"gold_loss":0.0,"damage_taken":0.0},{"damage_healed":0.0,"max_hp_gain":0.0,"max_hp_loss":6.0,"gold_gain":0.0,"event_name":"Golden Idol","player_choice":"Lose Max HP","floor":13.0,"gold_loss":0.0,"damage_taken":0.0,"relics_obtained":["Golden Idol"]},{"damage_healed":0.0,"max_hp_gain":0.0,"max_hp_loss":0.0,"gold_gain":0.0,"event_name":"Beggar","player_choice":"Ignored","floor":21.0,"gold_loss":0.0,"damage_taken":0.0},{"damage_healed":0.0,"max_hp_gain":0.0,"max_hp_loss":0.0,"gold_gain":0.0,"cards_transformed":["Strike_G"],"event_name":"Transmorgrifier","player_choice":"Transformed","floor":22.0,"gold_loss":0.0,"damage_taken":0.0,"cards_obtained":["Prepared"]},{"cards_removed":["Strike_G"],"damage_healed":0.0,"max_hp_gain":0.0,"max_hp_loss":0.0,"gold_gain":0.0,"event_name":"Designer","player_choice":"Upgrade and Remove","floor":36.0,"gold_loss":110.0,"damage_taken":0.0,"cards_upgraded":["After Image"]},{"damage_healed":0.0,"max_hp_gain":0.0,"max_hp_loss":0.0,"gold_gain":0.0,"event_name":"Winding Halls","player_choice":"Embrace Madness","floor":38.0,"gold_loss":0.0,"damage_taken":11.0,"cards_obtained":["Madness","Madness"]}],"is_beta":false,"boss_relics":[{"not_picked":["Fusion Hammer","Tiny House"],"picked":"Cursed Key"},{"not_picked":["Eternal Feather","Orrery"],"picked":"Empty Cage"}],"items_purged_floors":[41],"is_endless":false,"potions_floor_spawned":[1,11,12,16,19,27,31,39,42,45,48,55],"killed_by":"The Heart","ascension_level":20}