{"gold_per_floor":[112,37,54,67,81,81,106,106,106,106,121,121,159,177,177,272,272,286,301,326,326],"floor_reached":21,"playtime":1391,"items_purged":["Injury"],"score":328,"play_id":"14d474eb-9198-4999-acbb-aa2d8507ac0e","local_time":"20181221015932","is_ascension_mode":true,"campfire_choices":[{"data":"Neutralize","floor":6,"key":"SMITH"},{"data":"Caltrops","floor":12,"key":"SMITH"},{"floor":15,"key":"REST"}],"neow_cost":"CURSE","seed_source_timestamp":1649293307362,"circlet_count":0,"master_deck":["AscendersBane","Defend_G","Defend_G","Defend_G","Defend_G","Strike_G","Strike_G+1","Strike_G","Survivor","Neutralize+1","Caltrops+1","Quick Slash","Underhanded Strike+1","Dagger Throw","Bouncing Flask","Backflip","Prepared","Burst","Unload+1","Night Terror+1","Setup+1","Noxious Fumes+1","After Image+1"],"special_seed":0,"relics":["Ring of the Snake","Bird Faced Urn","Whetstone","Golden Idol","Bronze Scales","Frozen Egg 2","Astrolabe"],"potions_floor_usage":[4,7,13,19],"damage_taken":[{"damage":10,"enemies":"Small Slimes","floor":1,"turns":5},{"damage":1,"enemies":"Jaw Worm","floor":3,"turns":6},{"damage":0,"enemies":"2 Louse","floor":4,"turns":3},{"damage":7,"enemies":"Blue Slaver","floor":5,"turns":5},{"damage":17,"enemies":"Lagavulin","floor":7,"turns":7},{"damage":2,"enemies":"2 Fungi Beasts","floor":11,"turns":2},{"damage":29,"enemies":"3 Sentries","floor":13,"turns":7},{"damage":6,"enemies":"Exordium Thugs","floor":14,"turns":3},{"damage":8,"enemies":"Hexaghost","floor":16,"turns":9},{"damage":16,"enemies":"Shell Parasite","floor":18,"turns":7},{"damage":28,"enemies":"2 Thieves","floor":19,"turns":4},{"damage":31,"enemies":"3 Cultists","floor":20,"turns":4},{"damage":10,"enemies":"Snake Plant","floor":21,"turns":1}],"seed_played":"7032298506268678701","potions_obtained":[{"floor":3,"key":"Energy Potion"},{"floor":4,"key":"SteroidPotion"},{"floor":7,"key":"Regen Potion"},{"floor":16,"key":"FairyPotion"},{"floor":18,"key":"AttackPotion"},{"floor":20,"key":"Ancient Potion"}],"is_trial":false,"path_per_floor":["M","$","M","M","M","R","E","?","T","?","M","R","E","M","R","B",null,"M","M","M","M"],"character_chosen":"THE_SILENT","items_purchased":[],"campfire_rested":1,"item_purchase_floors":[],"current_hp_per_floor":[49,49,50,52,47,47,32,32,32,32,30,30,18,12,31,25,56,42,18,6,0],"gold":326,"neow_bonus":"ONE_RARE_RELIC","is_prod":false,"is_daily":false,"chose_seed":false,"campfire_upgraded":2,"win_rate":0,"timestamp":1545375572,"path_taken":["M","$","M","M","M","R","E","?","T","?","M","R","E","M","R","BOSS","M","M","M","M"],"build_version":"2018-12-20","purchased_purges":1,"victory":false,"max_hp_per_floor":[66,66,66,66,66,66,66,66,66,66,66,66,66,66,66,66,66,66,66,66,66],"card_choices":[{"not_picked":["Prepared","PiercingWail"],"picked":"Caltrops","floor":1},{"not_picked":["Prepared","Catalyst"],"picked":"Quick Slash","floor":3},{"not_picked":["Outmaneuver","Flechettes"],"picked":"Underhanded Strike","floor":4},{"not_picked":["Flying Knee","Underhanded Strike"],"picked":"Dagger Throw","floor":5},{"not_picked":["Dagger Spray","Venomology"],"picked":"Bouncing Flask","floor":7},{"not_picked":["Dagger Spray","Bouncing Flask"],"picked":"Backflip","floor":11},{"not_picked":["Underhanded Strike","Dagger Throw","Sucker Punch"],"picked":"SKIP","floor":13},{"not_picked":["Concentrate","Distraction"],"picked":"Prepared","floor":14},{"not_picked":["Corpse Explosion","Phantasmal Killer"],"picked":"Burst","floor":16},{"not_picked":["Cloak And Dagger","Prepared"],"picked":"Noxious Fumes+1","floor":18},{"not_picked":["Terror","Deflect","Slice"],"picked":"SKIP","floor":19},{"not_picked":["Leg Sweep","Deadly Poison"],"picked":"After Image+1","floor":20}],"player_experience":932556,"relics_obtained":[{"floor":7,"key":"Whetstone"},{"floor":9,"key":"Bronze Scales"},{"floor":13,"key":"Frozen Egg 2"}],"event_choices":[{"damage_healed":0,"gold_gain":0,"player_choice":"Take Wound","damage_taken":0,"relics_obtained":["Golden Idol"],"max_hp_gain":0,"max_hp_loss":0,"event_name":"Golden Idol","floor":8,"gold_loss":0,"cards_obtained":["Injury"]},{"cards_removed":["Injury"],"damage_healed":0,"gold_gain":0,"player_choice":"Forget","damage_taken":0,"max_hp_gain":0,"max_hp_loss":0,"event_name":"Living Wall","floor":10,"gold_loss":0}],"is_beta":false,"boss_relics":[{"not_picked":["Fusion Hammer","Orrery"],"picked":"Astrolabe"}],"items_purged_floors":[2],"is_endless":false,"potions_floor_spawned":[3,4,7,16,18,20],"killed_by":"Snake Plant","ascension_level":14}