{"gold_per_floor":[116,128,147,166,166,166,193,212,212,212,212,241,241,254,254,254],"floor_reached":16,"playtime":598,"items_purged":[],"score":162,"play_id":"2158a291-3229-4913-9c39-811b1e86a5a2","local_time":"20190420152750","is_ascension_mode":false,"campfire_choices":[{"data":"Bash","floor":6,"key":"SMITH"},{"data":"Heavy Blade","floor":10,"key":"SMITH"},{"data":"Rupture","floor":11,"key":"SMITH"},{"floor":13,"key":"REST"},{"data":"Infernal Blade","floor":15,"key":"SMITH"}],"neow_cost":"NONE","seed_source_timestamp":5409994786886,"circlet_count":0,"master_deck":["Strike_R","Strike_R","Strike_R","Strike_R","Strike_R","Defend_R","Defend_R","Defend_R","Defend_R","Bash+1","Impervious+1","Pommel Strike","Heavy Blade+1","Bloodletting+1","Rupture+1","Twin Strike","Infernal Blade+1","Burning Pact"],"relics":["Burning Blood","War Paint","Sundial","WingedGreaves","Magic Flower"],"potions_floor_usage":[7,7,16,16],"damage_taken":[{"damage":0,"enemies":"Small Slimes","floor":1,"turns":5},{"damage":1,"enemies":"2 Louse","floor":2,"turns":2},{"damage":1,"enemies":"Jaw Worm","floor":3,"turns":3},{"damage":19,"enemies":"Exordium Wildlife","floor":4,"turns":6},{"damage":15,"enemies":"Lagavulin","floor":7,"turns":5},{"damage":8,"enemies":"Looter","floor":8,"turns":3},{"damage":31,"enemies":"Gremlin Nob","floor":12,"turns":5},{"damage":12,"enemies":"Blue Slaver","floor":14,"turns":3}],"seed_played":"2850439316731485153","potions_obtained":[{"floor":1,"key":"Block Potion"},{"floor":4,"key":"Regen Potion"},{"floor":12,"key":"Ancient Potion"},{"floor":14,"key":"PowerPotion"}],"is_trial":false,"path_per_floor":["M","M","M","M","?","R","E","M","T","R","R","E","R","M","R","B"],"character_chosen":"IRONCLAD","items_purchased":[],"campfire_rested":1,"item_purchase_floors":[],"current_hp_per_floor":[80,80,80,67,64,64,67,65,65,65,65,40,64,61,61,0],"gold":254,"neow_bonus":"ONE_RANDOM_RARE_CARD","is_prod":false,"is_daily":false,"chose_seed":false,"campfire_upgraded":4,"win_rate":0,"timestamp":1555738070,"path_taken":["M","M","M","M","?","R","E","M","T","R","R","E","R","M","R","BOSS"],"build_version":"2019-01-23","purchased_purges":0,"victory":false,"max_hp_per_floor":[80,80,80,80,80,80,80,80,80,80,80,80,80,80,80,80],"card_choices":[{"not_picked":["Dual Wield","Clothesline"],"picked":"Pommel Strike","floor":1},{"not_picked":["Shrug It Off","Thunderclap"],"picked":"Heavy Blade","floor":2},{"not_picked":["Perfected Strike","Battle Trance"],"picked":"Bloodletting","floor":3},{"not_picked":["Corruption","Searing Blow","Rage"],"picked":"SKIP","floor":4},{"not_picked":["Havoc","Warcry"],"picked":"Rupture","floor":7},{"not_picked":["Combust","Immolate"],"picked":"Twin Strike","floor":8},{"not_picked":["Clothesline","Iron Wave"],"picked":"Infernal Blade","floor":12},{"not_picked":["Body Slam","Cleave"],"picked":"Burning Pact","floor":14}],"player_experience":342608,"relics_obtained":[{"floor":7,"key":"Sundial"},{"floor":9,"key":"WingedGreaves"},{"floor":12,"key":"Magic Flower"}],"event_choices":[{"damage_healed":0,"gold_gain":0,"player_choice":"Success","damage_taken":3,"relics_obtained":["War Paint"],"max_hp_gain":0,"max_hp_loss":0,"event_name":"Scrap Ooze","floor":5,"gold_loss":0}],"is_beta":false,"boss_relics":[],"items_purged_floors":[],"is_endless":false,"potions_floor_spawned":[1,4,12,14],"killed_by":"The Guardian","ascension_level":0}