{"gold_per_floor":[110,110,123,134,144,175,18,18,18,18,38,38,71,86,86,182,182,198,210,227,227],"floor_reached":21,"playtime":904,"items_purged":["Defend_R"],"score":309,"play_id":"4f19150c-2449-4dd5-adbf-2b5018e5321a","local_time":"20181202163158","is_ascension_mode":true,"campfire_choices":[{"floor":8,"key":"REST"},{"data":"Rage","floor":10,"key":"SMITH"},{"data":"Anger","floor":15,"key":"SMITH"}],"neow_cost":"NONE","seed_source_timestamp":150004408236226,"circlet_count":0,"master_deck":["AscendersBane","Strike_R","Strike_R","Strike_R","Strike_R","Strike_R","Defend_R","Defend_R","Bash","Cleave+1","Intimidate","Evolve","Rage+1","Dark Shackles","Battle Trance","Anger+1","Warcry","Reaper","Body Slam","Dropkick"],"relics":["Burning Blood","PreservedInsect","Unceasing Top","Calipers","Matryoshka","Cursed Key"],"potions_floor_usage":[6,11,16,16,20,21],"damage_taken":[{"damage":18,"enemies":"Jaw Worm","floor":1,"turns":4},{"damage":7,"enemies":"Small Slimes","floor":3,"turns":3},{"damage":1,"enemies":"Cultist","floor":4,"turns":3},{"damage":15,"enemies":"Red Slaver","floor":5,"turns":3},{"damage":25,"enemies":"Lagavulin","floor":6,"turns":5},{"damage":3,"enemies":"Lots of Slimes","floor":11,"turns":2},{"damage":10,"enemies":"3 Sentries","floor":13,"turns":4},{"damage":1,"enemies":"3 Louse","floor":14,"turns":3},{"damage":17,"enemies":"Slime Boss","floor":16,"turns":7},{"damage":18,"enemies":"Shell Parasite","floor":18,"turns":5},{"damage":13,"enemies":"Spheric Guardian","floor":19,"turns":5},{"damage":31,"enemies":"Shelled Parasite and Fungi","floor":20,"turns":5},{"damage":54,"enemies":"Snecko","floor":21,"turns":5}],"seed_played":"7010947780561526241","potions_obtained":[{"floor":3,"key":"Weak Potion"},{"floor":5,"key":"Explosive Potion"},{"floor":6,"key":"FearPotion"},{"floor":11,"key":"Strength Potion"},{"floor":16,"key":"GamblersBrew"},{"floor":20,"key":"GamblersBrew"}],"is_trial":false,"path_per_floor":["M","?","M","M","M","E","$","R","T","R","M","?","E","M","R","B",null,"M","M","M","M"],"character_chosen":"IRONCLAD","items_purchased":["Dark Shackles"],"campfire_rested":1,"item_purchase_floors":[7],"current_hp_per_floor":[60,60,59,64,55,36,36,60,60,60,63,56,52,57,57,46,72,60,59,40,0],"gold":227,"neow_bonus":"RANDOM_COMMON_RELIC","is_prod":false,"is_daily":false,"chose_seed":false,"campfire_upgraded":2,"win_rate":0,"timestamp":1543786318,"path_taken":["M","?","M","M","M","E","$","R","T","R","M","?","E","M","R","BOSS","M","M","M","M"],"build_version":"2018-11-15","purchased_purges":1,"victory":false,"max_hp_per_floor":[80,80,80,80,80,80,80,80,80,80,80,80,80,80,80,80,80,80,80,80,80],"card_choices":[{"not_picked":["Blood for Blood","Shrug It Off"],"picked":"Cleave","floor":1},{"not_picked":["Perfected Strike","Body Slam"],"picked":"Intimidate","floor":3},{"not_picked":["Iron Wave","Blood for Blood"],"picked":"Evolve","floor":4},{"not_picked":["Inflame","Fiend Fire"],"picked":"Rage","floor":5},{"not_picked":["Havoc","Hemokinesis","Body Slam"],"picked":"SKIP","floor":6},{"not_picked":["Entrench","Flame Barrier"],"picked":"Battle Trance","floor":11},{"not_picked":["Twin Strike","Evolve"],"picked":"Anger","floor":13},{"not_picked":["Spot Weakness","Heavy Blade"],"picked":"Warcry","floor":14},{"not_picked":["Barricade","Dark Embrace"],"picked":"Reaper","floor":16},{"not_picked":["Disarm+1","Iron Wave"],"picked":"Body Slam","floor":18},{"not_picked":["Pommel Strike","Carnage+1","Wild Strike"],"picked":"SKIP","floor":19},{"not_picked":["Dual Wield","Havoc"],"picked":"Dropkick","floor":20}],"player_experience":758232,"relics_obtained":[{"floor":6,"key":"Unceasing Top"},{"floor":9,"key":"Calipers"},{"floor":13,"key":"Matryoshka"}],"event_choices":[{"damage_healed":0,"gold_gain":0,"player_choice":"Grow","damage_taken":0,"max_hp_gain":0,"max_hp_loss":0,"event_name":"Living Wall","floor":2,"gold_loss":0,"cards_upgraded":["Cleave"]},{"cards_removed":["Defend_R"],"damage_healed":0,"gold_gain":0,"player_choice":"Card Removal","damage_taken":7,"max_hp_gain":0,"max_hp_loss":0,"event_name":"Golden Wing","floor":12,"gold_loss":0}],"is_beta":false,"boss_relics":[{"not_picked":["Runic Cube","Eternal Feather"],"picked":"Cursed Key"}],"items_purged_floors":[7],"is_endless":false,"potions_floor_spawned":[3,5,6,11,16,20],"killed_by":"Snecko","ascension_level":12}