{"gold_per_floor":[117,130,209,226,191,191,226,226,226,301,22,36,36,56,56,153,153,166,186,0,0,0,0,34,34],"floor_reached":25,"playtime":1129,"items_purged":["Shame"],"score":230,"play_id":"46117d08-4b39-4453-866b-553da13103d0","local_time":"20190911172134","is_ascension_mode":true,"campfire_choices":[{"data":"CutThroughFate","floor":6.0,"key":"SMITH"},{"floor":8.0,"key":"REST"},{"floor":13.0,"key":"REST"},{"floor":15.0,"key":"REST"},{"data":"WindmillStrike","floor":23,"key":"SMITH"}],"neow_cost":"CURSE","seed_source_timestamp":24259683073009,"circlet_count":0,"master_deck":["Strike_P","Strike_P","Strike_P+1","Strike_P","Defend_P+1","Defend_P","Defend_P+1","Defend_P","Eruption","Vigilance","LessonLearned+1","CutThroughFate+1","Conclude","Adaptation","Establishment","Protect","WindmillStrike+1","FollowUp+1","EmptyFist+1","Judgement","CarveReality+1","FlyingSleeves"],"special_seed":0,"relics":["PureWater","Peace Pipe","TeardropLocket","Snecko Eye","Anchor"],"potions_floor_usage":[16,25,25],"damage_taken":[{"damage":22.0,"enemies":"Small Slimes","floor":1.0,"turns":5.0},{"damage":0.0,"enemies":"2 Louse","floor":2.0,"turns":2.0},{"damage":7.0,"enemies":"Cultist","floor":4.0,"turns":4.0},{"damage":37.0,"enemies":"Lagavulin","floor":7.0,"turns":6.0},{"damage":0.0,"enemies":"3 Louse","floor":12.0,"turns":3.0},{"damage":19.0,"enemies":"2 Fungi Beasts","floor":14.0,"turns":3.0},{"damage":8,"enemies":"Hexaghost","floor":16,"turns":8},{"damage":14,"enemies":"2 Thieves","floor":18,"turns":3},{"damage":13,"enemies":"Shell Parasite","floor":19,"turns":3},{"damage":46,"enemies":"Book of Stabbing","floor":24,"turns":5},{"damage":19,"enemies":"Centurion and Healer","floor":25,"turns":4}],"seed_played":"-7311356683692353292","potions_obtained":[{"floor":12.0,"key":"Strength Potion"},{"floor":14.0,"key":"DuplicationPotion"},{"floor":16,"key":"PowerPotion"},{"floor":24,"key":"Strength Potion"}],"is_trial":false,"path_per_floor":["M","M","?","M","?","R","E","R","T","?","$","M","R","M","R","B",null,"M","M","?","?","$","R","E","M"],"character_chosen":"WATCHER","items_purchased":["Establishment","Protect","WindmillStrike"],"campfire_rested":3,"item_purchase_floors":[11,11,11],"current_hp_per_floor":[43,43,43,36,52,52,15,34,34,28,28,28,47,28,47,39,65,51,38,38,65,65,65,19,0],"gold":34,"neow_bonus":"THREE_RARE_CARDS","is_prod":false,"is_daily":false,"chose_seed":false,"campfire_upgraded":2,"win_rate":0,"timestamp":1568186494,"path_taken":["M","M","?","M","?","R","E","R","T","?","$","M","R","M","R","BOSS","M","?","?","?","$","R","E","M"],"build_version":"2019-09-10","purchased_purges":1,"victory":false,"max_hp_per_floor":[65,65,65,65,65,65,65,65,65,65,65,65,65,65,65,65,65,65,65,65,65,65,65,65,65],"card_choices":[{"not_picked":["SignatureMove","MasterReality"],"picked":"LessonLearned","floor":0.0},{"not_picked":["BowlingBash","Crescendo"],"picked":"CutThroughFate","floor":1.0},{"not_picked":["Fasting","Crescendo"],"picked":"Conclude","floor":2.0},{"not_picked":["MentalFortress","Adaptation","FollowUp"],"picked":"SKIP","floor":4.0},{"not_picked":["MentalFortress","FollowUp"],"picked":"Adaptation","floor":4.0},{"not_picked":["WaveOfTheHand","Halt"],"picked":"Evaluate","floor":7.0},{"not_picked":["JustLucky","Consecrate"],"picked":"FollowUp","floor":12.0},{"not_picked":["Halt","CutThroughFate"],"picked":"EmptyFist","floor":14.0},{"not_picked":["Metaphysics","Alpha"],"picked":"Judgement","floor":16},{"not_picked":["Evaluate","Halt"],"picked":"CarveReality+1","floor":18},{"not_picked":["Weave","BowlingBash+1","Evaluate"],"picked":"SKIP","floor":19},{"not_picked":["BowlingBash","FollowUp+1"],"picked":"FlyingSleeves","floor":24}],"player_experience":1299053,"relics_obtained":[{"floor":7.0,"key":"Peace Pipe"},{"floor":9.0,"key":"TeardropLocket"},{"floor":24,"key":"Anchor"}],"event_choices":[{"damage_healed":0.0,"max_hp_gain":0.0,"max_hp_loss":0.0,"gold_gain":79.0,"event_name":"Golden Wing","player_choice":"Gained Gold","floor":3.0,"gold_loss":0.0,"damage_taken":0.0},{"damage_healed":16.0,"max_hp_gain":0.0,"max_hp_loss":0.0,"gold_gain":0.0,"event_name":"The Cleric","player_choice":"Healed","floor":5.0,"gold_loss":35.0,"damage_taken":0.0},{"damage_healed":0.0,"max_hp_gain":0.0,"max_hp_loss":0.0,"gold_gain":75.0,"event_name":"FaceTrader","player_choice":"Touch","floor":10.0,"gold_loss":0.0,"damage_taken":6.0},{"damage_healed":0,"gold_gain":0,"player_choice":"Paid Fearfully","damage_taken":0,"max_hp_gain":0,"max_hp_loss":0,"event_name":"Masked Bandits","floor":20,"gold_loss":186},{"cards_removed":["Evaluate"],"damage_healed":27,"gold_gain":0,"player_choice":"Offered Uncommon","damage_taken":0,"max_hp_gain":0,"max_hp_loss":0,"event_name":"Bonfire Elementals","floor":21,"gold_loss":0}],"is_beta":true,"boss_relics":[{"not_picked":["Coffee Dripper","Runic Pyramid"],"picked":"Snecko Eye"}],"items_purged_floors":[11],"is_endless":false,"potions_floor_spawned":[12,14,16,24],"killed_by":"Centurion and Healer","ascension_level":1}