{"gold_per_floor":[112,124,124,135,148,148,158,158,158,191,211,229,229,263,263,361,361,373,298,32,32,47,77,95,113,113,113,113,126,145,162,162,162],"floor_reached":33,"playtime":3350,"items_purged":["Acrobatics"],"score":283,"play_id":"bd62c620-2dbe-424a-a2b9-c99038e39cc1","local_time":"20190802095752","is_ascension_mode":false,"campfire_choices":[{"data":"Unload","floor":6,"key":"SMITH"},{"data":"Blur","floor":8,"key":"SMITH"},{"data":"Tools of the Trade","floor":15,"key":"SMITH"},{"floor":28,"key":"REST"},{"floor":32,"key":"REST"}],"neow_cost":"NONE","seed_source_timestamp":226688064284606,"circlet_count":0,"master_deck":["Strike_G+1","Strike_G+1","Strike_G+1","Strike_G+1","Strike_G+1","Defend_G+1","Defend_G+1","Defend_G+1","Defend_G+1","Survivor","Neutralize","Unload+1","Dagger Spray","Deadly Poison","Iron Wave","Dodge and Roll","Blur+1","Bane","Backflip","Tools of the Trade+1","Bullet Time","Backflip","Reflex+1","Poisoned Stab","Dodge and Roll","Poisoned Stab","Dash+1","Acrobatics","Bane"],"relics":["Ring of the Serpent","The Specimen","FossilizedHelix","Thread and Needle","TheAbacus","Boot","Lantern","Bag of Marbles"],"potions_floor_usage":[],"damage_taken":[{"damage":0,"enemies":"2 Louse","floor":1,"turns":3},{"damage":1,"enemies":"Cultist","floor":2,"turns":4},{"damage":0,"enemies":"Jaw Worm","floor":4,"turns":3},{"damage":1,"enemies":"Looter","floor":5,"turns":4},{"damage":0,"enemies":"2 Fungi Beasts","floor":7,"turns":3},{"damage":13,"enemies":"Gremlin Nob","floor":10,"turns":4},{"damage":0,"enemies":"Red Slaver","floor":11,"turns":4},{"damage":5,"enemies":"Lots of Slimes","floor":12,"turns":2},{"damage":10,"enemies":"3 Sentries","floor":14,"turns":9},{"damage":23,"enemies":"The Guardian","floor":16,"turns":12},{"damage":12,"enemies":"3 Byrds","floor":18,"turns":7},{"damage":0,"enemies":"Spheric Guardian","floor":22,"turns":6},{"damage":34,"enemies":"Slavers","floor":23,"turns":11},{"damage":0,"enemies":"Cultist and Chosen","floor":24,"turns":7},{"damage":0,"enemies":"Snecko","floor":25,"turns":4},{"damage":0,"enemies":"Snake Plant","floor":29,"turns":4},{"damage":0,"enemies":"Cultist and Chosen","floor":30,"turns":7},{"damage":0,"enemies":"Centurion and Healer","floor":31,"turns":5},{"damage":69,"enemies":"Champ","floor":33,"turns":14}],"seed_played":"-7226432063224132059","potions_obtained":[{"floor":4,"key":"SneckoOil"},{"floor":7,"key":"Explosive Potion"},{"floor":10,"key":"Swift Potion"},{"floor":14,"key":"GamblersBrew"},{"floor":30,"key":"EssenceOfSteel"}],"is_trial":false,"path_per_floor":["M","M","?","M","M","R","M","R","T","E","M","M","?","E","R","B",null,"M","?","$","?","M","E","M","M","T","?","R","M","M","M","R","B"],"character_chosen":"THE_SILENT","items_purchased":["TheAbacus"],"campfire_rested":2,"item_purchase_floors":[20],"current_hp_per_floor":[70,69,69,69,68,68,68,68,68,55,55,50,70,60,60,37,70,58,58,58,58,58,24,24,24,24,24,45,45,45,45,66,0],"gold":162,"neow_bonus":"ONE_RANDOM_RARE_CARD","is_prod":false,"is_daily":false,"chose_seed":false,"campfire_upgraded":3,"win_rate":0.0,"timestamp":1564757872,"path_taken":["M","M","?","M","?","R","M","R","T","E","M","M","?","E","R","BOSS","M","?","$","?","M","E","M","M","T","?","R","?","M","M","R","BOSS"],"build_version":"2019-07-17","purchased_purges":1,"victory":false,"max_hp_per_floor":[70,70,70,70,70,70,70,70,70,70,70,70,70,70,70,70,70,70,70,70,70,70,70,70,70,70,70,70,70,70,70,70,70],"card_choices":[{"not_picked":["Underhanded Strike","Quick Slash"],"picked":"Dagger Spray","floor":1},{"not_picked":["Catalyst","Outmaneuver"],"picked":"Deadly Poison","floor":2},{"not_picked":["Prepared","Dagger Throw"],"picked":"Dodge and Roll","floor":4},{"not_picked":["Caltrops","Underhanded Strike"],"picked":"Blur","floor":5},{"not_picked":["Slice","Dagger Throw"],"picked":"Bane","floor":7},{"not_picked":["Doppelganger","All Out Attack"],"picked":"Backflip","floor":10},{"not_picked":["Outmaneuver","Sucker Punch"],"picked":"Acrobatics","floor":11},{"not_picked":["Quick Slash","Flying Knee"],"picked":"Acrobatics","floor":12},{"not_picked":["Backstab","Acrobatics"],"picked":"Tools of the Trade","floor":14},{"not_picked":["Malaise","Adrenaline"],"picked":"Bullet Time","floor":16},{"not_picked":["Backstab","Acrobatics+1"],"picked":"Backflip","floor":18},{"not_picked":["Underhanded Strike","PiercingWail"],"picked":"Reflex+1","floor":22},{"not_picked":["Backstab","Leg Sweep"],"picked":"Poisoned Stab","floor":23},{"not_picked":["Sucker Punch","All Out Attack+1"],"picked":"Dodge and Roll","floor":24},{"not_picked":["Masterful Stab+1","Deflect+1"],"picked":"Poisoned Stab","floor":25},{"not_picked":["Leg Sweep","Deflect"],"picked":"Dash+1","floor":29},{"not_picked":["Infinite Blades+1","Slice"],"picked":"Acrobatics","floor":30},{"not_picked":["Acrobatics","Slice+1"],"picked":"Bane","floor":31}],"player_experience":14081,"relics_obtained":[{"floor":9,"key":"The Specimen"},{"floor":10,"key":"FossilizedHelix"},{"floor":14,"key":"Thread and Needle"},{"floor":23,"key":"Boot"},{"floor":26,"key":"Lantern"}],"event_choices":[{"cards_removed":["Defend_G"],"damage_healed":0,"gold_gain":0,"player_choice":"Took Card","damage_taken":0,"max_hp_gain":0,"max_hp_loss":0,"event_name":"NoteForYourself","floor":3,"gold_loss":0,"cards_obtained":["Iron Wave"]},{"damage_healed":23,"gold_gain":0,"player_choice":"Banana","damage_taken":0,"max_hp_gain":0,"max_hp_loss":0,"event_name":"Big Fish","floor":13,"gold_loss":0},{"cards_removed":["Acrobatics"],"damage_healed":0,"gold_gain":0,"player_choice":"Gave Gold","damage_taken":0,"max_hp_gain":0,"max_hp_loss":0,"event_name":"Beggar","floor":19,"gold_loss":75},{"damage_healed":0,"gold_gain":0,"player_choice":"Simplicity","damage_taken":0,"max_hp_gain":0,"max_hp_loss":0,"event_name":"Back to Basics","floor":21,"gold_loss":0,"cards_upgraded":["Strike_G","Strike_G","Strike_G","Strike_G","Strike_G","Defend_G","Defend_G","Defend_G","Defend_G"]},{"damage_healed":0,"gold_gain":0,"player_choice":"Gave Potion","damage_taken":0,"relics_obtained":["Bag of Marbles"],"max_hp_gain":0,"max_hp_loss":0,"event_name":"WeMeetAgain","floor":27,"gold_loss":0}],"is_beta":false,"boss_relics":[{"not_picked":["Philosopher\u0027s Stone","Runic Pyramid"],"picked":"Ring of the Serpent"}],"items_purged_floors":[20],"is_endless":false,"potions_floor_spawned":[4,7,10,14,18,23,25,30],"killed_by":"Champ","ascension_level":0}