{"gold_per_floor":[114,114,127,143,156,156,181,197,247,247,267,267,279,279,279,375,375,391,21,21,71,84,84,118,138,165,165,165,165,165,190,190,280,280,295,295,311,311,329,329,3,22,46,71,89,89,89,109,109,109],"floor_reached":51,"playtime":2851,"items_purged":["Strike_B"],"score":1137,"play_id":"67b494ae-c93a-4520-92ce-c9a00929fcd7","local_time":"20190817225952","is_ascension_mode":true,"campfire_choices":[{"data":"Defragment","floor":6.0,"key":"SMITH"},{"floor":10.0,"key":"REST"},{"data":"Conserve Battery","floor":12.0,"key":"SMITH"},{"floor":15.0,"key":"REST"},{"data":"Biased Cognition","floor":23.0,"key":"SMITH"},{"data":"Coolheaded","floor":28.0,"key":"SMITH"},{"data":"Echo Form","floor":30.0,"key":"SMITH"},{"data":"Capacitor","floor":32.0,"key":"SMITH"},{"floor":40.0,"key":"REST"},{"floor":49.0,"key":"REST"}],"neow_cost":"NONE","seed_source_timestamp":85085202954914,"circlet_count":0,"master_deck":["AscendersBane","Defend_B","Defend_B","Defend_B+1","Defend_B","Zap+1","Dualcast","Rebound","FTL","Defragment+1","Go for the Eyes","Conserve Battery+1","Self Repair","Coolheaded+1","Biased Cognition+1","Glacier","Ball Lightning","Defragment+1","Heatsinks+1","Capacitor+1","Rip and Tear","Echo Form+1","Coolheaded+1","Multi-Cast","Panache","Defragment","Rip and Tear","Conserve Battery+1","Capacitor+1","Defragment+1","Conserve Battery+1"],"special_seed":0,"relics":["Cracked Core","Potion Belt","Pen Nib","Orichalcum","Golden Idol","Eternal Feather","DollysMirror","Ornamental Fan","Bronze Scales","Philosopher\u0027s Stone","War Paint","Strawberry","Happy Flower","Darkstone Periapt"],"potions_floor_usage":[],"damage_taken":[{"damage":8.0,"enemies":"Jaw Worm","floor":1.0,"turns":4.0},{"damage":10.0,"enemies":"2 Louse","floor":3.0,"turns":2.0},{"damage":0.0,"enemies":"Small Slimes","floor":4.0,"turns":3.0},{"damage":1.0,"enemies":"2 Fungi Beasts","floor":5.0,"turns":3.0},{"damage":20.0,"enemies":"3 Sentries","floor":7.0,"turns":6.0},{"damage":10.0,"enemies":"Gremlin Gang","floor":8.0,"turns":5.0},{"damage":4.0,"enemies":"Large Slime","floor":11.0,"turns":5.0},{"damage":3.0,"enemies":"2 Fungi Beasts","floor":13.0,"turns":3.0},{"damage":24.0,"enemies":"Slime Boss","floor":16.0,"turns":9.0},{"damage":9.0,"enemies":"Chosen","floor":18.0,"turns":7.0},{"damage":2.0,"enemies":"Shell Parasite","floor":22.0,"turns":9.0},{"damage":14.0,"enemies":"Gremlin Leader","floor":24.0,"turns":8.0},{"damage":12.0,"enemies":"Snecko","floor":25.0,"turns":6.0},{"damage":19.0,"enemies":"Colosseum Slavers","floor":27.0,"turns":5.0},{"damage":8.0,"enemies":"Cultist and Chosen","floor":31.0,"turns":7.0},{"damage":32.0,"enemies":"Collector","floor":33.0,"turns":11.0},{"damage":19.0,"enemies":"3 Shapes","floor":35.0,"turns":8.0},{"damage":0.0,"enemies":"Orb Walker","floor":37.0,"turns":3.0},{"damage":45.0,"enemies":"Sphere and 2 Shapes","floor":39.0,"turns":6.0},{"damage":20.0,"enemies":"Writhing Mass","floor":42.0,"turns":5.0},{"damage":13.0,"enemies":"Spire Growth","floor":44.0,"turns":7.0},{"damage":21.0,"enemies":"3 Darklings","floor":45.0,"turns":4.0},{"damage":0.0,"enemies":"Sphere and 2 Shapes","floor":48.0,"turns":4.0},{"damage":48,"enemies":"Time Eater","floor":50,"turns":14}],"seed_played":"4630784912892790071","potions_obtained":[{"floor":1.0,"key":"Fire Potion"},{"floor":5.0,"key":"FearPotion"},{"floor":8.0,"key":"GamblersBrew"},{"floor":11.0,"key":"Poison Potion"},{"floor":13.0,"key":"Explosive Potion"},{"floor":18.0,"key":"AttackPotion"},{"floor":25.0,"key":"Explosive Potion"},{"floor":35.0,"key":"SpeedPotion"},{"floor":37.0,"key":"SneckoOil"}],"is_trial":false,"path_per_floor":["M","?","M","M","M","R","E","M","T","R","M","R","M","?","R","B",null,"M","$","?","?","M","R","E","M","T","?","R","?","R","M","R","B",null,"M","?","M","?","M","R","$","M","T","M","M","?","T","M","R","B",null],"character_chosen":"DEFECT","items_purchased":["Ball Lightning","DollysMirror","Swift Potion","War Paint","Rip and Tear","Strawberry"],"campfire_rested":4,"item_purchase_floors":[19,19,19,41,41,41],"current_hp_per_floor":[56,49,39,39,38,38,18,8,8,29,25,25,29,29,48,31,56,54,54,54,54,59,64,57,52,52,40,52,52,64,63,64,39,58,46,46,46,51,6,40,47,34,34,35,14,14,14,21,59,18],"gold":109,"neow_bonus":"RANDOM_COMMON_RELIC","is_prod":false,"is_daily":false,"chose_seed":false,"campfire_upgraded":6,"win_rate":0,"timestamp":1566100792,"path_taken":["M","?","M","M","M","R","E","M","T","R","M","R","M","?","R","BOSS","M","$","?","?","?","R","E","M","T","?","R","?","R","M","R","BOSS","M","?","M","?","?","R","$","M","T","M","M","?","?","M","R","BOSS"],"build_version":"2019-07-17","purchased_purges":1,"victory":true,"max_hp_per_floor":[71,71,71,71,71,71,71,71,71,71,71,71,71,64,64,64,64,64,64,64,64,64,64,64,64,64,64,64,64,64,64,64,64,64,64,64,64,64,64,64,71,71,71,71,71,67,67,67,67,67],"card_choices":[{"not_picked":["Chaos","Turbo"],"picked":"Rebound","floor":1.0},{"not_picked":["Turbo","Sweeping Beam","Undo"],"picked":"SKIP","floor":3.0},{"not_picked":["Recycle","Heatsinks"],"picked":"FTL","floor":4.0},{"not_picked":["Recycle","Go for the Eyes"],"picked":"Defragment","floor":5.0},{"not_picked":["Steam","Hologram"],"picked":"Go for the Eyes","floor":7.0},{"not_picked":["Buffer","Compile Driver"],"picked":"Conserve Battery","floor":8.0},{"not_picked":["Skim","Turbo"],"picked":"Self Repair","floor":11.0},{"not_picked":["Barrage","Redo"],"picked":"Coolheaded","floor":13.0},{"not_picked":["Creative AI","Hyperbeam"],"picked":"Biased Cognition","floor":16.0},{"not_picked":["Ball Lightning+1","Heatsinks"],"picked":"Glacier","floor":18.0},{"not_picked":["Leap","Ball Lightning"],"picked":"Heatsinks+1","floor":22.0},{"not_picked":["Conserve Battery","Self Repair"],"picked":"Capacitor","floor":24.0},{"not_picked":["Beam Cell","Ball Lightning"],"picked":"Rip and Tear","floor":25.0},{"not_picked":["Steam+1","Streamline"],"picked":"Coolheaded+1","floor":31.0},{"not_picked":["Thunder Strike","Meteor Strike"],"picked":"Multi-Cast","floor":33.0},{"not_picked":["Compile Driver","Sweeping Beam","Coolheaded"],"picked":"SKIP","floor":35.0},{"not_picked":["Dramatic Entrance","Mind Blast"],"picked":"Panache","floor":36.0},{"not_picked":["Redo","Blizzard","Beam Cell"],"picked":"SKIP","floor":37.0},{"not_picked":["Cold Snap","Redo"],"picked":"Defragment","floor":39.0},{"not_picked":["Gash","Double Energy"],"picked":"Conserve Battery+1","floor":42.0},{"not_picked":["Blizzard+1","Skim+1"],"picked":"Capacitor+1","floor":44.0},{"not_picked":["Barrage","Steam"],"picked":"Defragment+1","floor":45.0},{"not_picked":["Barrage+1","Meteor Strike"],"picked":"Conserve Battery+1","floor":48.0}],"player_experience":277640,"relics_obtained":[{"floor":7.0,"key":"Pen Nib"},{"floor":9.0,"key":"Orichalcum"},{"floor":24.0,"key":"Ornamental Fan"},{"floor":26.0,"key":"Bronze Scales"},{"floor":43.0,"key":"Happy Flower"},{"floor":47.0,"key":"Darkstone Periapt"}],"event_choices":[{"cards_removed":["Strike_B"],"damage_healed":0.0,"max_hp_gain":0.0,"max_hp_loss":0.0,"gold_gain":0.0,"event_name":"Golden Wing","player_choice":"Card Removal","floor":2.0,"gold_loss":0.0,"damage_taken":7.0},{"damage_healed":0.0,"max_hp_gain":0.0,"max_hp_loss":7.0,"gold_gain":0.0,"event_name":"Golden Idol","player_choice":"Lose Max HP","floor":14.0,"gold_loss":0.0,"damage_taken":0.0,"relics_obtained":["Golden Idol"]},{"damage_healed":0.0,"max_hp_gain":0.0,"max_hp_loss":0.0,"gold_gain":50.0,"event_name":"Golden Shrine","player_choice":"Pray","floor":21.0,"gold_loss":0.0,"damage_taken":0.0},{"damage_healed":0.0,"max_hp_gain":0.0,"max_hp_loss":0.0,"gold_gain":0.0,"event_name":"Colosseum","player_choice":"Fight","floor":27.0,"gold_loss":0.0,"damage_taken":0.0},{"damage_healed":0.0,"max_hp_gain":0.0,"max_hp_loss":0.0,"gold_gain":0.0,"event_name":"Colosseum","player_choice":"Fled From Nobs","floor":27.0,"gold_loss":0.0,"damage_taken":0.0},{"damage_healed":0.0,"max_hp_gain":0.0,"max_hp_loss":0.0,"gold_gain":0.0,"cards_transformed":["Strike_B","Strike_B"],"event_name":"Drug Dealer","player_choice":"Became Test Subject","floor":29.0,"gold_loss":0.0,"damage_taken":0.0,"cards_obtained":["Echo Form","Beam Cell"]},{"damage_healed":0.0,"max_hp_gain":0.0,"max_hp_loss":0.0,"gold_gain":0.0,"event_name":"SensoryStone","player_choice":"Memory 1","floor":36.0,"gold_loss":0.0,"damage_taken":0.0},{"cards_removed":["Beam Cell"],"damage_healed":5.0,"max_hp_gain":0.0,"max_hp_loss":0.0,"gold_gain":0.0,"event_name":"Bonfire Elementals","player_choice":"Offered Common","floor":38.0,"gold_loss":0.0,"damage_taken":0.0},{"cards_removed":["Beam Cell"],"damage_healed":5.0,"max_hp_gain":0.0,"max_hp_loss":0.0,"gold_gain":0.0,"event_name":"Bonfire Elementals","player_choice":"Offered Special","floor":38.0,"gold_loss":0.0,"damage_taken":0.0},{"damage_healed":0.0,"max_hp_gain":0.0,"max_hp_loss":4.0,"gold_gain":0.0,"event_name":"Winding Halls","player_choice":"Max HP","floor":46.0,"gold_loss":0.0,"damage_taken":0.0}],"is_beta":false,"boss_relics":[{"not_picked":["Runic Dome","Orrery"],"picked":"Eternal Feather"},{"not_picked":["Astrolabe","Tiny House"],"picked":"Philosopher\u0027s Stone"}],"items_purged_floors":[19],"is_endless":false,"potions_floor_spawned":[1,5,8,11,13,18,25,35,37],"ascension_level":15}