{"gold_per_floor":[110,127,127,127,127,127,160,160,160,180,180,203,30,65,65,159,159,183,183,202,202,202],"floor_reached":22,"playtime":804,"items_purged":["Injury"],"score":384,"play_id":"945e3638-7d72-4351-8bc8-abcf964e5802","local_time":"20190905204941","is_ascension_mode":true,"campfire_choices":[{"floor":8.0,"key":"REST"},{"data":"Bash","floor":11.0,"key":"SMITH"},{"floor":15.0,"key":"REST"}],"neow_cost":"NONE","seed_source_timestamp":30945797478328,"circlet_count":0,"master_deck":["AscendersBane","Strike_R","Strike_R","Strike_R","Strike_R","Strike_R","Defend_R+1","Defend_R","Defend_R","Defend_R","Bash+1","Wild Strike","Cleave+1","Headbutt","True Grit","Power Through","Inflame","Brutality","Armaments","Writhe","Twin Strike+1"],"special_seed":0,"relics":["Black Blood","Golden Idol","Pantograph","The Courier","Charon\u0027s Ashes","Shovel","Ancient Tea Set","Bag of Preparation"],"potions_floor_usage":[16,18],"damage_taken":[{"damage":9.0,"enemies":"Jaw Worm","floor":1.0,"turns":4.0},{"damage":10.0,"enemies":"2 Louse","floor":2.0,"turns":2.0},{"damage":55.0,"enemies":"Lagavulin","floor":7.0,"turns":9.0},{"damage":10.0,"enemies":"Small Slimes","floor":10.0,"turns":3.0},{"damage":8.0,"enemies":"Blue Slaver","floor":12.0,"turns":4.0},{"damage":18.0,"enemies":"3 Sentries","floor":14.0,"turns":6.0},{"damage":19,"enemies":"Slime Boss","floor":16,"turns":9},{"damage":18,"enemies":"Chosen","floor":18,"turns":5},{"damage":55,"enemies":"3 Byrds","floor":20,"turns":7},{"damage":35,"enemies":"Centurion and Healer","floor":22,"turns":6}],"seed_played":"-8769986548786198892","potions_obtained":[{"floor":2.0,"key":"SmokeBomb"},{"floor":16,"key":"SneckoOil"},{"floor":20,"key":"LiquidBronze"}],"is_trial":false,"path_per_floor":["M","M","?","?","?","T","E","R","T","M","R","M","$","E","R","B",null,"M","?","M","T","M"],"character_chosen":"IRONCLAD","items_purchased":["Power Through","Strength Potion"],"campfire_rested":2,"item_purchase_floors":[13,13],"current_hp_per_floor":[72,68,43,70,70,70,21,45,45,41,41,39,39,27,51,63,77,69,69,24,24,0],"gold":202,"neow_bonus":"TEN_PERCENT_HP_BONUS","is_prod":false,"is_daily":false,"chose_seed":false,"campfire_upgraded":1,"win_rate":0,"timestamp":1567680581,"path_taken":["M","M","?","?","?","?","E","R","T","M","R","M","$","E","R","BOSS","M","?","M","?","M"],"build_version":"2019-07-17","purchased_purges":1,"victory":false,"max_hp_per_floor":[82,82,82,82,82,82,82,82,82,82,82,82,82,82,82,82,82,82,82,82,82,82],"card_choices":[{"not_picked":["Clothesline","Twin Strike"],"picked":"Wild Strike","floor":1.0},{"not_picked":["Burning Pact","Flex"],"picked":"Cleave","floor":2.0},{"not_picked":["Fiend Fire","Clothesline"],"picked":"Headbutt","floor":7.0},{"not_picked":["Sword Boomerang","Wild Strike","Perfected Strike"],"picked":"SKIP","floor":10.0},{"not_picked":["Thunderclap","Anger"],"picked":"True Grit","floor":12.0},{"not_picked":["Clothesline","Perfected Strike"],"picked":"Inflame","floor":14.0},{"not_picked":["Barricade","Exhume"],"picked":"Brutality","floor":16},{"not_picked":["Carnage","Iron Wave"],"picked":"Armaments","floor":18},{"not_picked":["Flex","Warcry"],"picked":"Twin Strike+1","floor":20}],"player_experience":1241809,"relics_obtained":[{"floor":6.0,"key":"Pantograph"},{"floor":7.0,"key":"The Courier"},{"floor":9.0,"key":"Charon\u0027s Ashes"},{"floor":14.0,"key":"Shovel"},{"floor":21,"key":"Bag of Preparation"}],"event_choices":[{"damage_healed":0.0,"max_hp_gain":0.0,"max_hp_loss":0.0,"gold_gain":0.0,"event_name":"Shining Light","player_choice":"Entered Light","floor":3.0,"gold_loss":0.0,"damage_taken":25.0,"cards_upgraded":["Defend_R","Cleave"]},{"damage_healed":27.0,"max_hp_gain":0.0,"max_hp_loss":0.0,"gold_gain":0.0,"event_name":"Big Fish","player_choice":"Banana","floor":4.0,"gold_loss":0.0,"damage_taken":0.0},{"damage_healed":0.0,"max_hp_gain":0.0,"max_hp_loss":0.0,"gold_gain":0.0,"event_name":"Golden Idol","player_choice":"Take Wound","floor":5.0,"gold_loss":0.0,"damage_taken":0.0,"relics_obtained":["Golden Idol"],"cards_obtained":["Injury"]},{"damage_healed":0,"gold_gain":0,"player_choice":"Opened","damage_taken":0,"relics_obtained":["Ancient Tea Set"],"max_hp_gain":0,"max_hp_loss":0,"event_name":"The Mausoleum","floor":19,"gold_loss":0,"cards_obtained":["Writhe"]}],"is_beta":false,"boss_relics":[{"not_picked":["Lizard Tail","Tiny House"],"picked":"Black Blood"}],"items_purged_floors":[13],"is_endless":false,"potions_floor_spawned":[2,16,20],"killed_by":"Centurion and Healer","ascension_level":20}