{"gold_per_floor":[117,136,89,99,99,99,127,127,127,52,52,52,63,80,80,176,176,195,195,46,46,61,61,72,104,104,124,124,134,164,180,180,285,285,298,68,83,83,83,83,94,120,120,145,155,9,9,0,0,0],"floor_reached":51,"playtime":3649,"items_purged":["Strike_G","Strike_G"],"score":979,"play_id":"f793e3d5-155b-48c8-be1f-2bac2c5759b3","local_time":"20190816184447","is_ascension_mode":true,"campfire_choices":[{"data":"Survivor","floor":6.0,"key":"SMITH"},{"data":"Bouncing Flask","floor":8.0,"key":"SMITH"},{"data":"Well Laid Plans","floor":11.0,"key":"SMITH"},{"data":"Corpse Explosion","floor":15.0,"key":"SMITH"},{"data":"Bullet Time","floor":23.0,"key":"SMITH"},{"data":"Dodge and Roll","floor":28.0,"key":"SMITH"},{"data":"Reflex","floor":32.0,"key":"SMITH"},{"floor":40.0,"key":"RECALL"},{"data":"Noxious Fumes","floor":47.0,"key":"SMITH"},{"data":"Deadly Poison","floor":49.0,"key":"SMITH"}],"neow_cost":"NONE","seed_source_timestamp":105765535485300,"circlet_count":0,"master_deck":["Defend_G+1","Defend_G+1","Defend_G+1","Defend_G+1","Defend_G+1","Survivor+1","Neutralize+1","Backflip+1","Bouncing Flask+1","Well Laid Plans+1","Corpse Explosion+1","Dodge and Roll+1","Bullet Time+1","Reflex+1","Footwork+1","Malaise+1","Impatience+1","Bouncing Flask+1","Well Laid Plans+1","Deadly Poison+1","Blur+1","Noxious Fumes+1"],"special_seed":0,"relics":["Ring of the Snake","Paper Crane","Pantograph","Lizard Tail","Orichalcum","Pear","Singing Bowl","Sozu","Mark of the Bloom","Strawberry","Gambling Chip","Incense Burner","Oddly Smooth Stone","Red Mask"],"potions_floor_usage":[50,50],"damage_taken":[{"damage":0.0,"enemies":"Small Slimes","floor":1.0,"turns":4.0},{"damage":1.0,"enemies":"Cultist","floor":2.0,"turns":3.0},{"damage":0.0,"enemies":"2 Louse","floor":4.0,"turns":3.0},{"damage":28.0,"enemies":"Lagavulin","floor":7.0,"turns":7.0},{"damage":3.0,"enemies":"Exordium Thugs","floor":13.0,"turns":3.0},{"damage":3.0,"enemies":"3 Louse","floor":14.0,"turns":2.0},{"damage":2.0,"enemies":"Hexaghost","floor":16.0,"turns":8.0},{"damage":9.0,"enemies":"Shell Parasite","floor":18.0,"turns":5.0},{"damage":1.0,"enemies":"Spheric Guardian","floor":22.0,"turns":4.0},{"damage":3.0,"enemies":"Shelled Parasite and Fungi","floor":24.0,"turns":6.0},{"damage":11.0,"enemies":"Slavers","floor":25.0,"turns":3.0},{"damage":3.0,"enemies":"Snake Plant","floor":27.0,"turns":4.0},{"damage":5.0,"enemies":"Cultist and Chosen","floor":29.0,"turns":4.0},{"damage":1.0,"enemies":"Book of Stabbing","floor":30.0,"turns":8.0},{"damage":2.0,"enemies":"Shelled Parasite and Fungi","floor":31.0,"turns":7.0},{"damage":62.0,"enemies":"Automaton","floor":33.0,"turns":14.0},{"damage":6.0,"enemies":"3 Darklings","floor":35.0,"turns":5.0},{"damage":6.0,"enemies":"3 Shapes","floor":37.0,"turns":5.0},{"damage":0.0,"enemies":"3 Darklings","floor":41.0,"turns":3.0},{"damage":0.0,"enemies":"Reptomancer","floor":42.0,"turns":6.0},{"damage":5.0,"enemies":"Nemesis","floor":44.0,"turns":7.0},{"damage":2.0,"enemies":"Maw","floor":45.0,"turns":6.0},{"damage":0,"enemies":"Time Eater","floor":50,"turns":11}],"seed_played":"-8275337674532196383","potions_obtained":[{"floor":0.0,"key":"Strength Potion"},{"floor":0.0,"key":"GamblersBrew"},{"floor":0.0,"key":"Dexterity Potion"},{"floor":7.0,"key":"AttackPotion"},{"floor":13.0,"key":"Block Potion"},{"floor":14.0,"key":"EssenceOfSteel"},{"floor":18.0,"key":"Strength Potion"},{"floor":22.0,"key":"Regen Potion"},{"floor":30.0,"key":"Strength Potion"}],"is_trial":false,"path_per_floor":["M","M","$","M","?","R","E","R","T","$","R","?","M","M","R","B",null,"M","?","$","?","M","R","M","E","T","M","R","M","E","M","R","B",null,"M","$","M","?","?","R","M","E","T","E","M","$","R","?","R","B",null],"character_chosen":"THE_SILENT","items_purchased":["Backflip","Well Laid Plans","Footwork","Impatience","Bouncing Flask","Oddly Smooth Stone"],"campfire_rested":0,"item_purchase_floors":[3,10,20,36,36,46],"current_hp_per_floor":[70,69,69,69,69,69,41,41,41,41,41,41,38,35,35,58,70,61,61,61,61,60,60,57,46,56,53,53,48,49,49,49,12,84,80,80,74,74,74,74,74,74,74,69,67,67,67,67,67,67],"gold":0,"neow_bonus":"THREE_SMALL_POTIONS","is_prod":false,"is_daily":false,"chose_seed":false,"campfire_upgraded":9,"win_rate":0,"timestamp":1565973887,"path_taken":["M","M","$","M","?","R","E","R","T","?","R","?","M","M","R","BOSS","M","?","$","?","M","R","M","E","T","M","R","M","E","?","R","BOSS","M","$","M","?","?","R","M","E","T","E","M","$","R","?","R","BOSS"],"build_version":"2019-07-17","purchased_purges":2,"victory":true,"max_hp_per_floor":[70,70,70,70,70,70,70,70,70,70,70,70,70,70,70,70,70,70,70,70,70,70,70,70,70,80,80,80,80,82,84,84,84,84,86,86,86,86,86,86,86,93,93,93,95,95,95,95,95,95],"card_choices":[{"not_picked":["Bane","Underhanded Strike","Outmaneuver"],"picked":"SKIP","floor":1.0},{"not_picked":["Flying Knee","Slice","Cloak And Dagger"],"picked":"SKIP","floor":2.0},{"not_picked":["Terror","Blade Dance","Poisoned Stab"],"picked":"SKIP","floor":4.0},{"not_picked":["Underhanded Strike","Dash"],"picked":"Bouncing Flask","floor":7.0},{"not_picked":["Outmaneuver","Distraction"],"picked":"Corpse Explosion","floor":13.0},{"not_picked":["Caltrops","Masterful Stab","Poisoned Stab"],"picked":"SKIP","floor":14.0},{"not_picked":["Quick Slash+1","Sucker Punch"],"picked":"Dodge and Roll","floor":18.0},{"not_picked":["Acrobatics","Choke","Bane"],"picked":"SKIP","floor":22.0},{"not_picked":["Heel Hook","Backflip","Skewer"],"picked":"SKIP","floor":24.0},{"not_picked":["Infinite Blades","Bane","Deflect+1"],"picked":"SKIP","floor":25.0},{"not_picked":["Tactician","Reflex+1","Predator"],"picked":"SKIP","floor":27.0},{"not_picked":["PiercingWail","Blade Dance+1","Acrobatics"],"picked":"SKIP","floor":29.0},{"not_picked":["Phantasmal Killer","Riddle With Holes","Deflect"],"picked":"Singing Bowl","floor":30.0},{"not_picked":["Infinite Blades","Caltrops","Sucker Punch"],"picked":"Singing Bowl","floor":31.0},{"not_picked":["After Image","Die Die Die"],"picked":"Malaise","floor":33.0},{"not_picked":["Deflect+1","Expertise","Distraction+1"],"picked":"Singing Bowl","floor":35.0},{"not_picked":["Terror","Infinite Blades+1"],"picked":"Well Laid Plans+1","floor":37.0},{"not_picked":["Eviscerate","Underhanded Strike+1"],"picked":"Deadly Poison","floor":41.0},{"not_picked":["Endless Agony+1","Cloak And Dagger"],"picked":"Blur+1","floor":42.0},{"not_picked":["PiercingWail","Quick Slash"],"picked":"Noxious Fumes","floor":44.0},{"not_picked":["Phantasmal Killer","Well Laid Plans","Distraction+1"],"picked":"Singing Bowl","floor":45.0}],"player_experience":94674,"relics_obtained":[{"floor":7.0,"key":"Paper Crane"},{"floor":9.0,"key":"Pantograph"},{"floor":25.0,"key":"Orichalcum"},{"floor":26.0,"key":"Pear"},{"floor":30.0,"key":"Singing Bowl"},{"floor":42.0,"key":"Strawberry"},{"floor":43.0,"key":"Gambling Chip"},{"floor":44.0,"key":"Incense Burner"}],"event_choices":[{"damage_healed":0.0,"max_hp_gain":0.0,"max_hp_loss":0.0,"gold_gain":0.0,"event_name":"Accursed Blacksmith","player_choice":"Forge","floor":5.0,"gold_loss":0.0,"damage_taken":0.0,"cards_upgraded":["Neutralize"]},{"cards_removed":["Strike_G"],"damage_healed":0.0,"max_hp_gain":0.0,"max_hp_loss":0.0,"gold_gain":0.0,"event_name":"Bonfire Elementals","player_choice":"Offered Basic","floor":12.0,"gold_loss":0.0,"damage_taken":0.0},{"damage_healed":0.0,"max_hp_gain":0.0,"max_hp_loss":0.0,"gold_gain":0.0,"cards_transformed":["Strike_G","Strike_G"],"event_name":"Drug Dealer","player_choice":"Became Test Subject","floor":19.0,"gold_loss":0.0,"damage_taken":0.0,"cards_obtained":["Bullet Time","Reflex"]},{"damage_healed":0.0,"max_hp_gain":0.0,"max_hp_loss":0.0,"gold_gain":0.0,"event_name":"Upgrade Shrine","player_choice":"Upgraded","floor":21.0,"gold_loss":0.0,"damage_taken":0.0,"cards_upgraded":["Footwork"]},{"damage_healed":0.0,"max_hp_gain":0.0,"max_hp_loss":0.0,"gold_gain":0.0,"event_name":"MindBloom","player_choice":"Upgrade","floor":38.0,"gold_loss":0.0,"damage_taken":0.0,"cards_upgraded":["Defend_G","Defend_G","Defend_G","Defend_G","Defend_G","Backflip","Malaise","Impatience","Bouncing Flask"],"relics_obtained":["Mark of the Bloom"]},{"damage_healed":0.0,"max_hp_gain":0.0,"max_hp_loss":0.0,"gold_gain":0.0,"event_name":"Mysterious Sphere","player_choice":"Ignored","floor":39.0,"gold_loss":0.0,"damage_taken":0.0},{"damage_healed":0.0,"max_hp_gain":0.0,"max_hp_loss":0.0,"gold_gain":0.0,"event_name":"Tomb of Lord Red Mask","player_choice":"Paid","floor":48.0,"gold_loss":9.0,"damage_taken":0.0,"relics_obtained":["Red Mask"]}],"is_beta":false,"boss_relics":[{"not_picked":["WristBlade","Orrery"],"picked":"Lizard Tail"},{"not_picked":["HoveringKite","Runic Dome"],"picked":"Sozu"}],"items_purged_floors":[20,36],"is_endless":false,"potions_floor_spawned":[7,13,14,18,22,24,30,31,41,42,44],"ascension_level":4}