{"path_per_floor":["M","M","$","?","M","R","E","M","T","M","$","M","M","M","R","B",null,"M","?","$","M","?","E","$","R","T","R","M","M","M","E","R"],"character_chosen":"THE_SILENT","items_purchased":["Backstab"],"gold_per_floor":[117,129,54,54,74,74,107,126,126,146,46,57,69,83,83,179,179,198,198,117,132,132,158,33,33,60,60,76,86,105,138,138],"floor_reached":33,"campfire_rested":5,"playtime":3901,"current_hp_per_floor":[70,64,64,46,46,67,39,30,30,22,22,22,17,17,40,29,77,58,58,58,44,44,22,22,45,45,68,55,20,20,9,32],"items_purged":["Defend_G","Defend_G","Strike_G"],"gold":138,"score":291,"play_id":"370586cc-deec-4bb7-a0e7-53a504b9e489","local_time":"20180319190006","is_prod":false,"is_daily":false,"is_ascension_mode":false,"campfire_upgraded":0,"timestamp":1521500406,"path_taken":["M","M","$","?","M","R","E","M","T","M","$","M","M","M","R","BOSS","M","?","$","M","?","E","$","R","T","R","M","M","M","E","R","BOSS"],"build_version":"2018-03-15v3","purchased_purges":3,"victory":false,"master_deck":["Defend_G","Defend_G","Defend_G","Strike_G","Strike_G","Strike_G","Survivor","Neutralize","Adrenaline","Predator","Backflip","Blade Dance+1","After Image","Underhanded Strike","Finisher","Flying Knee","Phantasmal Killer","Prepared","Dodge and Roll","Backstab","Backstab","Poisoned Stab","Reflex","Quick Slash","Footwork+1","Tools of the Trade+1"],"max_hp_per_floor":[70,70,70,70,70,70,77,77,77,77,77,77,77,77,77,77,77,77,77,77,77,77,77,77,77,77,77,77,77,77,77,77],"relics":["Ring of the Snake","Letter Opener","Strawberry","Anchor","Black Star","Darkstone Periapt","Frozen Egg 2","Blood Vial","Unceasing Top","Calipers"],"card_choices":[{"not_picked":["Well Laid Plans","Flying Knee"],"picked":"Predator"},{"not_picked":["Riddle With Holes","Well Laid Plans"],"picked":"Backflip"},{"not_picked":["Poisoned Stab","Deadly Poison"],"picked":"Blade Dance"},{"not_picked":["Backflip","Backstab"],"picked":"After Image"},{"not_picked":["Prepared","Skewer"],"picked":"Underhanded Strike"},{"not_picked":["Underhanded Strike","Riddle With Holes"],"picked":"Finisher"},{"not_picked":["Poisoned Stab","Sucker Punch"],"picked":"Flying Knee"},{"not_picked":["Calculated Gamble","Crippling Poison"],"picked":"Phantasmal Killer"},{"not_picked":["Deflect","Dagger Spray"],"picked":"Prepared"},{"not_picked":["Poisoned Stab","Calculated Gamble"],"picked":"Dodge and Roll"},{"not_picked":["Backflip","Terror"],"picked":"Backstab"},{"not_picked":["Backflip","Dagger Spray"],"picked":"Reflex"},{"not_picked":["Well Laid Plans","Underhanded Strike"],"picked":"Quick Slash"},{"not_picked":["Acrobatics","Quick Slash"],"picked":"Footwork"},{"not_picked":["Outmaneuver","Deadly Poison"],"picked":"Tools of the Trade"}],"player_experience":5216,"potions_floor_usage":[16,16,21,30,30,31,33],"damage_taken":[{"damage":0,"enemies":"2 Louse","floor":1,"turns":3},{"damage":6,"enemies":"Jaw Worm","floor":2,"turns":3},{"damage":0,"enemies":"Cultist","floor":5,"turns":3},{"damage":35,"enemies":"Gremlin Nob","floor":7,"turns":5},{"damage":9,"enemies":"Blue Slaver","floor":8,"turns":4},{"damage":8,"enemies":"Lots of Slimes","floor":10,"turns":5},{"damage":0,"enemies":"3 Louse","floor":12,"turns":3},{"damage":5,"enemies":"Gremlin Gang","floor":13,"turns":4},{"damage":0,"enemies":"Exordium Thugs","floor":14,"turns":2},{"damage":11,"enemies":"Slime Boss","floor":16,"turns":10},{"damage":19,"enemies":"3 Byrds","floor":18,"turns":6},{"damage":14,"enemies":"2 Thieves","floor":21,"turns":4},{"damage":22,"enemies":"Book of Stabbing","floor":23,"turns":8},{"damage":15,"enemies":"3 Cultists","floor":28,"turns":5},{"damage":37,"enemies":"Slaver and Parasite","floor":29,"turns":10},{"damage":2,"enemies":"Centurion and Healer","floor":30,"turns":4},{"damage":13,"enemies":"Slavers","floor":31,"turns":7},{"damage":41,"enemies":"Champ","floor":33,"turns":10}],"event_choices":[{"event_name":"Scrap Ooze","player_choice":"success","floor":4,"damage_taken":18},{"event_name":"Upgrade Shrine","player_choice":"Upgraded","floor":19,"damage_taken":0},{"event_name":"Transmorgrifier","player_choice":"Transform","floor":22,"damage_taken":0}],"boss_relics":[{"not_picked":["Question Card","Cursed Key"],"picked":"Black Star"}],"potions_floor_spawned":[1,5,8,14,16,23,29,30],"seed_played":"-2163629769046340797","killed_by":"Champ","ascension_level":0,"is_trial":false}