{"gold_per_floor":[115,130,47,47,61,91,101,136,136,136,150,166,166],"floor_reached":13,"playtime":552,"items_purged":[],"score":189,"play_id":"497272d1-5d10-4182-bd37-35e3cbbf97c7","local_time":"20190729005907","is_ascension_mode":true,"campfire_choices":[],"neow_cost":"NONE","seed_source_timestamp":120798091322991,"circlet_count":0,"master_deck":["AscendersBane","Strike_B","Strike_B","Strike_B","Strike_B","Defend_B","Defend_B","Defend_B","Defend_B","Zap","Dualcast","Compile Driver","Darkness","Glacier","Hologram+1","Barrage","Multi-Cast+1","Turbo+1","Darkness+1"],"relics":["Cracked Core","PreservedInsect","Toxic Egg 2","Potion Belt","Torii","Singing Bowl"],"potions_floor_usage":[8],"damage_taken":[{"damage":1,"enemies":"2 Louse","floor":1,"turns":3},{"damage":4,"enemies":"Small Slimes","floor":2,"turns":3},{"damage":7,"enemies":"Jaw Worm","floor":5,"turns":3},{"damage":12,"enemies":"Lagavulin","floor":6,"turns":6},{"damage":1,"enemies":"Looter","floor":7,"turns":3},{"damage":20,"enemies":"3 Sentries","floor":8,"turns":6},{"damage":2,"enemies":"2 Fungi Beasts","floor":11,"turns":4},{"damage":9,"enemies":"Large Slime","floor":12,"turns":4},{"damage":8,"enemies":"Lots of Slimes","floor":13,"turns":2}],"seed_played":"-7928417161531555225","potions_obtained":[{"floor":2,"key":"LiquidBronze"},{"floor":5,"key":"Ancient Potion"}],"is_trial":false,"path_per_floor":["M","M","$","?","M","E","M","E","T","?","M","M","M"],"character_chosen":"DEFECT","items_purchased":["Glacier"],"campfire_rested":0,"item_purchase_floors":[3],"current_hp_per_floor":[63,59,59,54,47,35,34,14,14,14,14,5,0],"gold":166,"neow_bonus":"RANDOM_COMMON_RELIC","is_prod":false,"is_daily":false,"chose_seed":false,"campfire_upgraded":0,"win_rate":0,"timestamp":1564376347,"path_taken":["M","M","$","?","M","E","M","E","T","?","M","M","M"],"build_version":"2019-07-17","purchased_purges":0,"victory":false,"max_hp_per_floor":[71,71,71,71,71,71,71,71,71,71,73,73,73],"card_choices":[{"not_picked":["Turbo","Steam"],"picked":"Compile Driver","floor":1},{"not_picked":["Fusion","Melter"],"picked":"Darkness","floor":2},{"not_picked":["Compile Driver","Recycle+1"],"picked":"Hologram+1","floor":5},{"not_picked":["Compile Driver","Defragment"],"picked":"Barrage","floor":6},{"not_picked":["Streamline","Static Discharge"],"picked":"Multi-Cast+1","floor":7},{"not_picked":["Capacitor","Heatsinks"],"picked":"Turbo+1","floor":8},{"not_picked":["Go for the Eyes","Self Repair","Leap+1"],"picked":"Singing Bowl","floor":11},{"not_picked":["Aggregate+1","Steam+1"],"picked":"Darkness+1","floor":12}],"player_experience":1645976,"relics_obtained":[{"floor":6,"key":"Potion Belt"},{"floor":8,"key":"Torii"},{"floor":9,"key":"Singing Bowl"}],"event_choices":[{"damage_healed":0,"gold_gain":0,"player_choice":"Success","damage_taken":5,"relics_obtained":["Toxic Egg 2"],"max_hp_gain":0,"max_hp_loss":0,"event_name":"Scrap Ooze","floor":4,"gold_loss":0},{"damage_healed":0,"gold_gain":0,"player_choice":"Ignored","damage_taken":0,"max_hp_gain":0,"max_hp_loss":0,"event_name":"Shining Light","floor":10,"gold_loss":0}],"is_beta":false,"boss_relics":[],"items_purged_floors":[],"is_endless":false,"potions_floor_spawned":[2,5],"killed_by":"Lots of Slimes","ascension_level":19}