{"gold_per_floor":[117,127,145,145,155,155,173,173,223,223,236,256,287,302,302,302],"floor_reached":16,"playtime":664,"items_purged":[],"score":111,"play_id":"6ede2e2b-40ef-4347-b367-01100d70f064","local_time":"20190910193449","is_ascension_mode":true,"campfire_choices":[{"data":"Judgement","floor":6.0,"key":"SMITH"},{"data":"Vengeance","floor":8.0,"key":"SMITH"},{"floor":15,"key":"REST"}],"neow_cost":"NONE","seed_source_timestamp":5117581690388,"circlet_count":0,"master_deck":["Strike_P","Strike_P","Strike_P","Strike_P","Defend_P","Defend_P","Defend_P","Defend_P","Eruption","Vigilance","Judgement+1","ClearTheMind+1","Establishment","Perseverance","ThirdEye","Vengeance+1","Adaptation","Conclude","Devotion","EmptyMind"],"special_seed":0,"relics":["PureWater","Blood Vial","Lantern","Peace Pipe"],"potions_floor_usage":[13,16],"damage_taken":[{"damage":0.0,"enemies":"Cultist","floor":1.0,"turns":1.0},{"damage":9.0,"enemies":"Small Slimes","floor":2.0,"turns":2.0},{"damage":11.0,"enemies":"Jaw Worm","floor":3.0,"turns":3.0},{"damage":5.0,"enemies":"Looter","floor":5.0,"turns":3.0},{"damage":2.0,"enemies":"Blue Slaver","floor":7.0,"turns":3.0},{"damage":8.0,"enemies":"Gremlin Gang","floor":11.0,"turns":3.0},{"damage":10.0,"enemies":"3 Louse","floor":12.0,"turns":3.0},{"damage":26,"enemies":"Lagavulin","floor":13,"turns":10},{"damage":2,"enemies":"Blue Slaver","floor":14,"turns":3},{"damage":27,"enemies":"The Guardian","floor":16,"turns":6}],"seed_played":"-2567464464798628845","potions_obtained":[{"floor":1.0,"key":"SpeedPotion"},{"floor":2.0,"key":"Poison Potion"},{"floor":7.0,"key":"SteroidPotion"}],"is_trial":false,"path_per_floor":["M","M","M","T","M","R","M","R","T","?","M","M","E","M","R","B"],"character_chosen":"WATCHER","items_purchased":[],"campfire_rested":1,"item_purchase_floors":[],"current_hp_per_floor":[65,56,45,45,42,42,42,42,42,42,36,28,4,4,23,0],"gold":302,"neow_bonus":"ONE_RANDOM_RARE_CARD","is_prod":false,"is_daily":false,"chose_seed":false,"campfire_upgraded":2,"win_rate":0,"timestamp":1568108089,"path_taken":["M","M","M","?","M","R","M","R","T","?","M","M","E","M","R","BOSS"],"build_version":"2019-09-09v2","purchased_purges":0,"victory":false,"max_hp_per_floor":[65,65,65,65,65,65,65,65,65,65,65,65,65,65,65,65],"card_choices":[{"not_picked":["Halt","Crescendo"],"picked":"ClearTheMind","floor":1.0},{"not_picked":["FlurryOfBlows","Sanctity"],"picked":"Establishment","floor":2.0},{"not_picked":["Worship","Halt"],"picked":"Perseverance","floor":3.0},{"not_picked":["FlyingSleeves","Establishment"],"picked":"ThirdEye","floor":5.0},{"not_picked":["Scrawl","CutThroughFate"],"picked":"Vengeance","floor":7.0},{"not_picked":["Conclude","Evaluate"],"picked":"Adaptation","floor":11.0},{"not_picked":["CutThroughFate","Crescendo"],"picked":"Conclude","floor":12.0},{"not_picked":["FlyingSleeves","Weave"],"picked":"Devotion","floor":13},{"not_picked":["Conclude","Vengeance"],"picked":"EmptyMind","floor":14}],"player_experience":1274564,"relics_obtained":[{"floor":4.0,"key":"Blood Vial"},{"floor":9.0,"key":"Lantern"},{"floor":13,"key":"Peace Pipe"}],"event_choices":[{"damage_healed":0.0,"max_hp_gain":0.0,"max_hp_loss":0.0,"gold_gain":0.0,"event_name":"Living Wall","player_choice":"Grow","floor":10.0,"gold_loss":0.0,"damage_taken":0.0,"cards_upgraded":["ClearTheMind"]}],"is_beta":true,"boss_relics":[],"items_purged_floors":[],"is_endless":false,"potions_floor_spawned":[1,2,7],"killed_by":"The Guardian","ascension_level":1}