{"gold_per_floor":[116,116,116,135,135,135,159,198,198,223,242,277,352,377,377,377],"floor_reached":16,"playtime":501,"items_purged":[],"score":207,"play_id":"f1432488-5381-4fbd-a242-0d06d80c5d78","local_time":"20190811091646","is_ascension_mode":true,"campfire_choices":[{"data":"Flame Barrier","floor":6.0,"key":"SMITH"},{"floor":15.0,"key":"REST"}],"neow_cost":"NONE","seed_source_timestamp":6824063865425,"circlet_count":0,"master_deck":["AscendersBane","Strike_R","Strike_R","Strike_R","Strike_R","Strike_R","Defend_R","Defend_R","Defend_R","Defend_R","Bash","Flame Barrier+1","Anger","Reaper","Double Tap","Corruption","Pommel Strike","Disarm","Thunderclap"],"special_seed":0,"relics":["Burning Blood","Golden Idol","Mercury Hourglass","The Courier","Boot"],"potions_floor_usage":[16],"damage_taken":[{"damage":9.0,"enemies":"2 Louse","floor":1.0,"turns":3.0},{"damage":2.0,"enemies":"Jaw Worm","floor":4.0,"turns":5.0},{"damage":6.0,"enemies":"Cultist","floor":7.0,"turns":3.0},{"damage":39.0,"enemies":"Gremlin Nob","floor":8.0,"turns":5.0},{"damage":3.0,"enemies":"Exordium Wildlife","floor":10.0,"turns":3.0},{"damage":11.0,"enemies":"Exordium Thugs","floor":11.0,"turns":4.0},{"damage":26.0,"enemies":"Lagavulin","floor":12.0,"turns":6.0},{"damage":8.0,"enemies":"Looter","floor":14.0,"turns":4.0},{"damage":70,"enemies":"Hexaghost","floor":16,"turns":11}],"seed_played":"-4732751665433613666","potions_obtained":[{"floor":4.0,"key":"SpeedPotion"},{"floor":10.0,"key":"Energy Potion"}],"is_trial":false,"path_per_floor":["M","?","?","M","?","R","M","E","T","M","M","E","?","M","R","B"],"character_chosen":"IRONCLAD","items_purchased":[],"campfire_rested":1,"item_purchase_floors":[],"current_hp_per_floor":[72,77,77,81,81,81,81,54,54,65,68,48,37,35,61,0],"gold":377,"neow_bonus":"TEN_PERCENT_HP_BONUS","is_prod":false,"is_daily":false,"chose_seed":false,"campfire_upgraded":1,"win_rate":0,"timestamp":1565479006,"path_taken":["M","?","?","M","?","R","M","E","T","M","?","E","?","M","R","BOSS"],"build_version":"2019-07-17","purchased_purges":0,"victory":false,"max_hp_per_floor":[82,87,87,87,87,87,87,87,87,87,87,87,87,87,87,87],"card_choices":[{"not_picked":["Shrug It Off","Twin Strike"],"picked":"Flame Barrier","floor":1.0},{"not_picked":["Perfected Strike","Flex"],"picked":"Anger","floor":4.0},{"not_picked":["Pommel Strike","Carnage"],"picked":"Reaper","floor":7.0},{"not_picked":["Combust","Perfected Strike"],"picked":"Double Tap","floor":8.0},{"not_picked":["Headbutt","Iron Wave"],"picked":"Corruption","floor":10.0},{"not_picked":["Iron Wave","Warcry"],"picked":"Pommel Strike","floor":11.0},{"not_picked":["Hemokinesis","Clash"],"picked":"Disarm","floor":12.0},{"not_picked":["Twin Strike","Havoc"],"picked":"Thunderclap","floor":14.0}],"player_experience":1183556,"relics_obtained":[{"floor":8.0,"key":"Mercury Hourglass"},{"floor":9.0,"key":"The Courier"},{"floor":12.0,"key":"Boot"}],"event_choices":[{"damage_healed":0.0,"max_hp_gain":5.0,"max_hp_loss":0.0,"gold_gain":0.0,"event_name":"Big Fish","player_choice":"Donut","floor":2.0,"gold_loss":0.0,"damage_taken":0.0},{"damage_healed":0.0,"max_hp_gain":0.0,"max_hp_loss":0.0,"gold_gain":0.0,"event_name":"Golden Idol","player_choice":"Take Wound","floor":3.0,"gold_loss":0.0,"damage_taken":0.0,"relics_obtained":["Golden Idol"],"cards_obtained":["Injury"]},{"cards_removed":["Injury"],"damage_healed":0.0,"max_hp_gain":0.0,"max_hp_loss":0.0,"gold_gain":0.0,"event_name":"Wheel of Change","player_choice":"Card Removal","floor":5.0,"gold_loss":0.0,"damage_taken":0.0},{"damage_healed":0.0,"max_hp_gain":0.0,"max_hp_loss":0.0,"gold_gain":75.0,"event_name":"World of Goop","player_choice":"Gather Gold","floor":13.0,"gold_loss":0.0,"damage_taken":11.0}],"is_beta":false,"boss_relics":[],"items_purged_floors":[],"is_endless":false,"potions_floor_spawned":[4,10,11],"killed_by":"Hexaghost","ascension_level":17}