{"gold_per_floor":[217,217,237,256,256,256,271,292,369,385,425,425,425],"floor_reached":13,"playtime":633,"items_purged":[],"score":129,"play_id":"0cf731eb-4222-4514-9a5f-372db953c898","local_time":"20190911141157","is_ascension_mode":true,"campfire_choices":[{"floor":6,"key":"RECALL"}],"neow_cost":"NONE","seed_source_timestamp":85070051787200,"circlet_count":0,"master_deck":["Strike_G","Strike_G","Strike_G","Strike_G","Strike_G","Defend_G","Defend_G","Defend_G","Defend_G","Defend_G","Survivor","Neutralize","Poisoned Stab","Poisoned Stab","Tactician","Slice","Poisoned Stab","Poisoned Stab","Reflex"],"relics":["Ring of the Snake","Golden Idol","Unceasing Top"],"potions_floor_usage":[7,11],"damage_taken":[{"damage":0,"enemies":"Small Slimes","floor":1,"turns":3},{"damage":0,"enemies":"2 Louse","floor":3,"turns":3},{"damage":3,"enemies":"Jaw Worm","floor":4,"turns":3},{"damage":11,"enemies":"Large Slime","floor":7,"turns":8},{"damage":11,"enemies":"Blue Slaver","floor":8,"turns":3},{"damage":1,"enemies":"Looter","floor":10,"turns":3},{"damage":24,"enemies":"Lagavulin","floor":11,"turns":6},{"damage":13,"enemies":"Large Slime","floor":13,"turns":2}],"seed_played":"2710591372334644731","potions_obtained":[{"floor":3,"key":"GhostInAJar"},{"floor":8,"key":"GamblersBrew"}],"is_trial":false,"path_per_floor":["M","?","M","M","?","R","M","M","T","M","E","?","M"],"character_chosen":"THE_SILENT","items_purchased":[],"campfire_rested":0,"item_purchase_floors":[],"current_hp_per_floor":[70,53,53,50,50,50,39,28,28,27,3,3,0],"gold":425,"neow_bonus":"HUNDRED_GOLD","is_prod":false,"is_daily":false,"chose_seed":false,"campfire_upgraded":0,"win_rate":0,"timestamp":1568229117,"path_taken":["M","?","M","M","?","R","M","M","T","?","E","?","M"],"build_version":"2019-07-17","purchased_purges":0,"victory":false,"max_hp_per_floor":[70,70,70,70,70,70,70,70,70,70,70,70,70],"card_choices":[{"not_picked":["Dagger Spray","Quick Slash"],"picked":"Poisoned Stab","floor":1},{"not_picked":["Dagger Spray","Underhanded Strike"],"picked":"Poisoned Stab","floor":3},{"not_picked":["Deadly Poison","Riddle With Holes"],"picked":"Tactician","floor":4},{"not_picked":["Dodge and Roll","Blur"],"picked":"Slice","floor":7},{"not_picked":["Acrobatics","Quick Slash"],"picked":"Poisoned Stab","floor":8},{"not_picked":["Underhanded Strike","Deflect"],"picked":"Poisoned Stab","floor":10},{"not_picked":["Doppelganger","Setup"],"picked":"Reflex","floor":11}],"player_experience":336386,"relics_obtained":[{"floor":11,"key":"Unceasing Top"}],"event_choices":[{"damage_healed":0,"gold_gain":0,"player_choice":"Take Damage","damage_taken":17,"relics_obtained":["Golden Idol"],"max_hp_gain":0,"max_hp_loss":0,"event_name":"Golden Idol","floor":2,"gold_loss":0},{"damage_healed":0,"gold_gain":0,"player_choice":"Ignored","damage_taken":0,"max_hp_gain":0,"max_hp_loss":0,"event_name":"Liars Game","floor":5,"gold_loss":0},{"damage_healed":0,"gold_gain":0,"player_choice":"Fled","damage_taken":0,"max_hp_gain":0,"max_hp_loss":0,"event_name":"Scrap Ooze","floor":12,"gold_loss":0}],"is_beta":false,"boss_relics":[],"items_purged_floors":[],"is_endless":false,"potions_floor_spawned":[3,8],"killed_by":"Large Slime","ascension_level":4}