{"gold_per_floor":[118,193,210,210,223,223,239,239,318,318,318,337,337,358,358,479,479,495,513,94,119,154,154,40,40,109,5,20,20,20,40,40,160,160,179,179,0,24,24,24],"floor_reached":40,"playtime":3905,"items_purged":[],"score":401,"play_id":"f22a4e29-564a-4571-a6de-87ce747bad05","local_time":"20190323042347","is_ascension_mode":false,"campfire_choices":[{"floor":6,"key":"REST"},{"data":"Dualcast","floor":11,"key":"SMITH"},{"data":"Conserve Battery","floor":13,"key":"SMITH"},{"data":"Cold Snap","floor":15,"key":"SMITH"},{"floor":23,"key":"REST"},{"data":"Defragment","floor":25,"key":"SMITH"},{"data":"Sweeping Beam","floor":29,"key":"SMITH"},{"floor":32,"key":"REST"}],"neow_cost":"NONE","seed_source_timestamp":19680465002003,"circlet_count":0,"master_deck":["Strike_B","Strike_B","Strike_B","Strike_B","Defend_B","Defend_B","Defend_B","Defend_B","Zap+1","Dualcast+1","Multi-Cast","Go for the Eyes","Blizzard","Cold Snap+1","Reinforced Body","Conserve Battery+1","Hologram","Electrodynamics","Barrage","Force Field","Self Repair","Scrape","Sweeping Beam+1","Static Discharge+1","Streamline+1","Defragment+1","Glacier","Heatsinks","Conserve Battery","Coolheaded","Go for the Eyes+1","Fission","Biased Cognition","Enlightenment","Finesse","Turbo"],"relics":["FrozenCore","Pear","Golden Idol","Black Star","Bottled Lightning","Mummified Hand","Nloth\u0027s Gift","Red Mask"],"potions_floor_usage":[16,16,18,21,31,31,40],"damage_taken":[{"damage":6,"enemies":"2 Louse","floor":1,"turns":3},{"damage":0,"enemies":"Small Slimes","floor":3,"turns":3},{"damage":14,"enemies":"Jaw Worm","floor":5,"turns":4},{"damage":3,"enemies":"Exordium Wildlife","floor":7,"turns":3},{"damage":3,"enemies":"Large Slime","floor":12,"turns":6},{"damage":6,"enemies":"Exordium Thugs","floor":14,"turns":5},{"damage":31,"enemies":"Slime Boss","floor":16,"turns":17},{"damage":4,"enemies":"Shell Parasite","floor":18,"turns":9},{"damage":18,"enemies":"Spheric Guardian","floor":19,"turns":4},{"damage":22,"enemies":"Centurion and Healer","floor":21,"turns":6},{"damage":20,"enemies":"Masked Bandits","floor":22,"turns":3},{"damage":1,"enemies":"Shelled Parasite and Fungi","floor":28,"turns":7},{"damage":4,"enemies":"Snake Plant","floor":31,"turns":4},{"damage":21,"enemies":"Collector","floor":33,"turns":12},{"damage":25,"enemies":"Orb Walker","floor":35,"turns":6},{"damage":0,"enemies":"3 Darklings","floor":38,"turns":8},{"damage":71,"enemies":"Reptomancer","floor":40,"turns":4}],"seed_played":"3971696471564495757","potions_obtained":[{"floor":3,"key":"GamblersBrew"},{"floor":7,"key":"LiquidBronze"},{"floor":12,"key":"EssenceOfSteel"},{"floor":19,"key":"Poison Potion"},{"floor":21,"key":"GamblersBrew"},{"floor":28,"key":"Fire Potion"},{"floor":35,"key":"PowerPotion"},{"floor":38,"key":"Ancient Potion"}],"is_trial":false,"path_per_floor":["M","?","M","?","M","R","M","?","T","?","R","M","R","M","R","B",null,"M","M","$","M","?","R","$","R","T","$","M","R","?","M","R","B",null,"M","?","?","M","$","E"],"character_chosen":"DEFECT","items_purchased":["Self Repair","Bottled Lightning","Scrape","Sweeping Beam","Defragment","Glacier","Heatsinks","Conserve Battery"],"campfire_rested":3,"item_purchase_floors":[20,20,20,20,24,24,27,27],"current_hp_per_floor":[69,58,58,58,44,66,63,63,73,73,73,70,70,64,64,33,79,75,57,57,42,29,52,52,52,52,52,51,51,51,54,77,63,79,61,56,56,63,63,0],"gold":24,"neow_bonus":"ONE_RANDOM_RARE_CARD","is_prod":false,"is_daily":false,"chose_seed":false,"campfire_upgraded":5,"win_rate":0.0,"timestamp":1553279027,"path_taken":["M","?","M","?","M","R","M","?","T","?","R","M","R","?","R","BOSS","M","M","$","M","?","R","$","R","T","$","M","R","?","M","R","BOSS","M","?","?","M","$","E"],"build_version":"2019-01-23","purchased_purges":0,"victory":false,"max_hp_per_floor":[75,75,75,75,75,75,75,75,85,79,79,79,79,79,79,79,79,79,79,79,79,79,79,79,79,79,79,79,79,79,79,79,79,79,79,79,79,79,79,79],"card_choices":[{"not_picked":["Sweeping Beam","Barrage"],"picked":"Go for the Eyes","floor":1},{"not_picked":["Cold Snap","Tempest"],"picked":"Blizzard","floor":3},{"not_picked":["Compile Driver","Recycle"],"picked":"Cold Snap","floor":5},{"not_picked":["Turbo","Rip and Tear"],"picked":"Reinforced Body","floor":7},{"not_picked":["Gash","Glacier"],"picked":"Conserve Battery","floor":12},{"not_picked":["Consume","Thunder Strike"],"picked":"Hologram","floor":14},{"not_picked":["All For One","Rainbow"],"picked":"Electrodynamics","floor":16},{"not_picked":["Stack","Leap+1"],"picked":"Barrage","floor":18},{"not_picked":["Stack","Gash+1"],"picked":"Force Field","floor":19},{"not_picked":["Rebound","Stack"],"picked":"Static Discharge+1","floor":21},{"not_picked":["Steam+1","Electrodynamics"],"picked":"Streamline+1","floor":22},{"not_picked":["Aggregate","Cold Snap"],"picked":"Coolheaded","floor":28},{"not_picked":["Leap","Steam+1"],"picked":"Go for the Eyes+1","floor":31},{"not_picked":["Hyperbeam","Electrodynamics"],"picked":"Fission","floor":33},{"not_picked":["Barrage+1","Leap+1"],"picked":"Biased Cognition","floor":35},{"not_picked":["Metamorphosis","Mayhem"],"picked":"Enlightenment","floor":36},{"not_picked":["Impatience","Dark Shackles"],"picked":"Finesse","floor":36},{"not_picked":["Cold Snap","Conserve Battery"],"picked":"Turbo","floor":38}],"player_experience":56292,"relics_obtained":[{"floor":9,"key":"Pear"},{"floor":22,"key":"Red Mask"},{"floor":26,"key":"Mummified Hand"}],"event_choices":[{"damage_healed":0,"gold_gain":75,"player_choice":"Gather Gold","damage_taken":11,"max_hp_gain":0,"max_hp_loss":0,"event_name":"World of Goop","floor":2,"gold_loss":0},{"damage_healed":0,"gold_gain":0,"player_choice":"Grow","damage_taken":0,"max_hp_gain":0,"max_hp_loss":0,"event_name":"Living Wall","floor":4,"gold_loss":0,"cards_upgraded":["Zap"]},{"damage_healed":0,"gold_gain":0,"player_choice":"Leave","damage_taken":0,"max_hp_gain":0,"max_hp_loss":0,"event_name":"The Cleric","floor":8,"gold_loss":0},{"damage_healed":0,"gold_gain":0,"player_choice":"Lose Max HP","damage_taken":0,"relics_obtained":["Golden Idol"],"max_hp_gain":0,"max_hp_loss":6,"event_name":"Golden Idol","floor":10,"gold_loss":0},{"damage_healed":0,"gold_gain":0,"player_choice":"Fought Bandits","damage_taken":0,"max_hp_gain":0,"max_hp_loss":0,"event_name":"Masked Bandits","floor":22,"gold_loss":0},{"damage_healed":0,"gold_gain":0,"player_choice":"Traded Relic","damage_taken":0,"relics_obtained":["Nloth\u0027s Gift"],"max_hp_gain":0,"max_hp_loss":0,"event_name":"N\u0027loth","floor":30,"relics_lost":["Red Mask"],"gold_loss":0},{"damage_healed":0,"gold_gain":0,"player_choice":"Memory 2","damage_taken":5,"max_hp_gain":0,"max_hp_loss":0,"event_name":"SensoryStone","floor":36,"gold_loss":0},{"damage_healed":0,"gold_gain":0,"player_choice":"Paid","damage_taken":0,"relics_obtained":["Red Mask"],"max_hp_gain":0,"max_hp_loss":0,"event_name":"Tomb of Lord Red Mask","floor":37,"gold_loss":179}],"is_beta":false,"boss_relics":[{"not_picked":["Eternal Feather","Sozu"],"picked":"Black Star"},{"not_picked":["Orrery","Coffee Dripper"],"picked":"FrozenCore"}],"items_purged_floors":[],"is_endless":false,"potions_floor_spawned":[3,7,12,19,21,28,35,38],"killed_by":"Reptomancer","ascension_level":0}