{"gold_per_floor":[17,17,27,38,58,58,77,97,122,150,150,150,167,185,185,185],"floor_reached":16,"playtime":1001,"items_purged":[],"score":181,"play_id":"fc2460e9-b6f9-4c9b-913a-45e3eb4dc7c5","local_time":"20181103215910","is_ascension_mode":true,"campfire_choices":[{"data":"Dash","floor":6,"key":"SMITH"},{"data":"Underhanded Strike","floor":11,"key":"SMITH"},{"data":"Reflex","floor":15,"key":"SMITH"}],"neow_cost":"NO_GOLD","seed_source_timestamp":609358823641209,"circlet_count":0,"master_deck":["AscendersBane","Defend_G","Defend_G","Defend_G","Defend_G","Defend_G","Strike_G","Strike_G","Strike_G","Strike_G","Survivor","Neutralize","Dash+1","Calculated Gamble","Underhanded Strike+1","Flying Knee","All Out Attack","Reflex+1","Concentrate"],"relics":["Ring of the Snake","Mango","Odd Mushroom","Strawberry","Dream Catcher"],"potions_floor_usage":[7,7,16],"damage_taken":[{"damage":0,"enemies":"2 Louse","floor":1,"turns":4},{"damage":1,"enemies":"Small Slimes","floor":3,"turns":4},{"damage":0,"enemies":"Jaw Worm","floor":4,"turns":4},{"damage":0,"enemies":"2 Fungi Beasts","floor":5,"turns":5},{"damage":0,"enemies":"Exordium Thugs","floor":7,"turns":4},{"damage":18,"enemies":"The Mushroom Lair","floor":8,"turns":7},{"damage":31,"enemies":"Lagavulin","floor":10,"turns":10},{"damage":9,"enemies":"Blue Slaver","floor":13,"turns":3},{"damage":0,"enemies":"3 Louse","floor":14,"turns":2},{"damage":56,"enemies":"Slime Boss","floor":16,"turns":14}],"seed_played":"-5191902832389017071","potions_obtained":[{"floor":1,"key":"Energy Potion"},{"floor":4,"key":"Poison Potion"},{"floor":14,"key":"Poison Potion"}],"is_trial":false,"path_per_floor":["M","?","M","M","M","R","M","?","T","E","R","?","M","M","R","B"],"character_chosen":"THE_SILENT","items_purchased":[],"campfire_rested":0,"item_purchase_floors":[],"current_hp_per_floor":[77,70,69,69,69,69,69,51,58,27,27,57,48,48,48,0],"gold":185,"neow_bonus":"ONE_RARE_RELIC","is_prod":false,"is_daily":false,"chose_seed":false,"campfire_upgraded":3,"win_rate":0,"timestamp":1541296750,"path_taken":["M","?","M","M","M","R","M","?","T","E","R","?","M","M","R","BOSS"],"build_version":"2018-11-01","purchased_purges":0,"victory":false,"max_hp_per_floor":[84,84,84,84,84,84,84,84,91,91,91,91,91,91,91,91],"card_choices":[{"not_picked":["Deadly Poison","Concentrate"],"picked":"Dash","floor":1},{"not_picked":["Outmaneuver","Flying Knee"],"picked":"Calculated Gamble","floor":3},{"not_picked":["Slice","Acrobatics"],"picked":"Underhanded Strike","floor":4},{"not_picked":["Outmaneuver","Dash"],"picked":"Flying Knee","floor":5},{"not_picked":["Infinite Blades","Dagger Throw","Blade Dance"],"picked":"SKIP","floor":7},{"not_picked":["Dodge and Roll","Accuracy"],"picked":"All Out Attack","floor":10},{"not_picked":["Skewer","Blade Dance"],"picked":"Reflex","floor":13},{"not_picked":["Dodge and Roll","Bouncing Flask"],"picked":"Concentrate","floor":14}],"player_experience":594038,"relics_obtained":[{"floor":8,"key":"Odd Mushroom"},{"floor":9,"key":"Strawberry"},{"floor":10,"key":"Dream Catcher"}],"event_choices":[{"cards_removed":["Strike_G"],"damage_healed":0,"gold_gain":0,"player_choice":"Card Removal","damage_taken":7,"max_hp_gain":0,"max_hp_loss":0,"event_name":"Golden Wing","floor":2,"gold_loss":0},{"damage_healed":0,"gold_gain":0,"player_choice":"Fought Mushrooms","damage_taken":0,"max_hp_gain":0,"max_hp_loss":0,"event_name":"Mushrooms","floor":8,"gold_loss":0},{"damage_healed":30,"gold_gain":0,"player_choice":"Banana","damage_taken":0,"max_hp_gain":0,"max_hp_loss":0,"event_name":"Big Fish","floor":12,"gold_loss":0}],"is_beta":false,"boss_relics":[],"items_purged_floors":[],"is_endless":false,"potions_floor_spawned":[1,4,14],"killed_by":"Slime Boss","ascension_level":10}