{"gold_per_floor":[359,359,370,370,337,337,366,366,392,406,417,223,223,239,239,335,335,352,380,392,392,69,94,94,122,122,122],"floor_reached":27,"playtime":2038,"items_purged":["Strike_G"],"score":386,"play_id":"c9771bfd-aeef-44c5-a8dc-6adb788ee1ab","local_time":"20181126120003","is_ascension_mode":true,"campfire_choices":[{"floor":6,"key":"REST"},{"floor":13,"key":"REST"},{"data":"Footwork","floor":15,"key":"SMITH"},{"floor":24,"key":"REST"}],"neow_cost":"CURSE","seed_source_timestamp":658365825297329,"circlet_count":0,"master_deck":["AscendersBane","Defend_G","Defend_G","Defend_G","Defend_G","Defend_G","Strike_G","Strike_G","Strike_G","Strike_G","Survivor","Neutralize","PiercingWail+1","Underhanded Strike+1","Dagger Throw","Dodge and Roll+1","Reflex+1","Adrenaline+1","Flying Knee","Footwork+1","Storm of Steel+1","Acrobatics+1","Underhanded Strike","Leg Sweep+1","Quick Slash","Dagger Spray","Dash+1","Skewer+1"],"relics":["Ring of the Snake","Toxic Egg 2","Kunai","Bag of Preparation","Philosopher\u0027s Stone","Red Mask","Molten Egg 2","PreservedInsect","Oddly Smooth Stone","Dodecahedron"],"potions_floor_usage":[16,19],"damage_taken":[{"damage":7,"enemies":"Jaw Worm","floor":1,"turns":6},{"damage":14,"enemies":"Cultist","floor":3,"turns":7},{"damage":42,"enemies":"3 Sentries","floor":7,"turns":14},{"damage":0,"enemies":"2 Louse","floor":10,"turns":3},{"damage":7,"enemies":"Large Slime","floor":11,"turns":7},{"damage":3,"enemies":"2 Fungi Beasts","floor":14,"turns":3},{"damage":5,"enemies":"The Guardian","floor":16,"turns":19},{"damage":2,"enemies":"Shell Parasite","floor":18,"turns":4},{"damage":10,"enemies":"Masked Bandits","floor":19,"turns":7},{"damage":3,"enemies":"2 Thieves","floor":20,"turns":3},{"damage":29,"enemies":"Slavers","floor":23,"turns":9},{"damage":34,"enemies":"Gremlin Leader","floor":25,"turns":7},{"damage":14,"enemies":"Snecko","floor":27,"turns":3}],"seed_played":"6511948664034787937","potions_obtained":[{"floor":7,"key":"FearPotion"},{"floor":11,"key":"Dexterity Potion"},{"floor":19,"key":"Weak Potion"}],"is_trial":false,"path_per_floor":["M","?","M","?","?","R","E","?","T","M","M","$","R","M","R","B",null,"M","?","M","?","$","E","R","E","T","M"],"character_chosen":"THE_SILENT","items_purchased":["Adrenaline+1","Flying Knee","Quick Slash","Dagger Spray","Molten Egg 2"],"campfire_rested":3,"item_purchase_floors":[12,12,22,22,22],"current_hp_per_floor":[56,56,42,42,42,63,21,14,14,14,7,7,28,25,25,20,58,56,46,43,43,43,14,35,1,1,0],"gold":122,"neow_bonus":"TWO_FIFTY_GOLD","is_prod":false,"is_daily":false,"chose_seed":false,"campfire_upgraded":1,"win_rate":0,"timestamp":1543251603,"path_taken":["M","?","?","?","?","R","E","?","T","M","M","$","R","M","R","BOSS","M","?","M","?","$","E","R","E","T","M"],"build_version":"2018-11-15","purchased_purges":1,"victory":false,"max_hp_per_floor":[70,70,70,70,70,70,70,70,70,70,70,70,70,70,70,70,70,70,70,70,70,70,70,70,70,70,70],"card_choices":[{"not_picked":["Masterful Stab","Deadly Poison"],"picked":"PiercingWail","floor":1},{"not_picked":["Dash","Bane"],"picked":"Underhanded Strike","floor":3},{"not_picked":["Tools of the Trade","PiercingWail"],"picked":"Dagger Throw","floor":7},{"not_picked":["Prepared+1","Underhanded Strike"],"picked":"Dodge and Roll+1","floor":10},{"not_picked":["Infinite Blades","Dagger Throw"],"picked":"Reflex+1","floor":11},{"not_picked":["Catalyst+1","Dodge and Roll+1"],"picked":"Footwork","floor":14},{"not_picked":["Burst+1","Grand Finale"],"picked":"Storm of Steel+1","floor":16},{"not_picked":["Bouncing Flask+1","Poisoned Stab+1"],"picked":"Acrobatics+1","floor":18},{"not_picked":["Masterful Stab","Outmaneuver+1"],"picked":"Underhanded Strike","floor":19},{"not_picked":["Dash","Sucker Punch"],"picked":"Leg Sweep+1","floor":20},{"not_picked":["Distraction+1","Masterful Stab+1"],"picked":"Dash+1","floor":23},{"not_picked":["Distraction+1","Noxious Fumes"],"picked":"Skewer+1","floor":25}],"player_experience":715324,"relics_obtained":[{"floor":7,"key":"Toxic Egg 2"},{"floor":9,"key":"Bag of Preparation"},{"floor":19,"key":"Red Mask"},{"floor":23,"key":"PreservedInsect"},{"floor":25,"key":"Oddly Smooth Stone"},{"floor":26,"key":"Dodecahedron"}],"event_choices":[{"damage_healed":0,"gold_gain":0,"player_choice":"Upgraded","damage_taken":0,"max_hp_gain":0,"max_hp_loss":0,"event_name":"Upgrade Shrine","floor":2,"gold_loss":0,"cards_upgraded":["PiercingWail"]},{"cards_removed":["Normality"],"damage_healed":0,"gold_gain":0,"player_choice":"Forget","damage_taken":0,"max_hp_gain":0,"max_hp_loss":0,"event_name":"Living Wall","floor":4,"gold_loss":0},{"damage_healed":0,"gold_gain":0,"player_choice":"Left Gold","damage_taken":0,"max_hp_gain":0,"max_hp_loss":0,"event_name":"World of Goop","floor":5,"gold_loss":33},{"damage_healed":0,"gold_gain":0,"player_choice":"Success","damage_taken":7,"relics_obtained":["Kunai"],"max_hp_gain":0,"max_hp_loss":0,"event_name":"Scrap Ooze","floor":8,"gold_loss":0},{"damage_healed":0,"gold_gain":0,"player_choice":"Fought Bandits","damage_taken":0,"max_hp_gain":0,"max_hp_loss":0,"event_name":"Masked Bandits","floor":19,"gold_loss":0},{"damage_healed":0,"gold_gain":0,"player_choice":"Upgraded","damage_taken":0,"max_hp_gain":0,"max_hp_loss":0,"event_name":"Upgrade Shrine","floor":21,"gold_loss":0,"cards_upgraded":["Underhanded Strike"]}],"is_beta":false,"boss_relics":[{"not_picked":["Runic Pyramid","Velvet Choker"],"picked":"Philosopher\u0027s Stone"}],"items_purged_floors":[12],"is_endless":false,"potions_floor_spawned":[7,11,14,19],"killed_by":"Snecko","ascension_level":11}