{"gold_per_floor":[11,27,45,45,56,56,89,89,114,114,128,153,166,189,189,293,293,307,319,319],"floor_reached":20,"playtime":752,"items_purged":[],"score":251,"play_id":"5b7ff0df-8fba-42ba-821b-ac5dfd1e6e70","local_time":"20190527182459","is_ascension_mode":true,"campfire_choices":[{"data":"Whirlwind","floor":6.0,"key":"SMITH"},{"floor":8.0,"key":"REST"},{"data":"Cleave","floor":10.0,"key":"SMITH"},{"floor":15.0,"key":"REST"}],"neow_cost":"NO_GOLD","seed_source_timestamp":0,"circlet_count":0,"master_deck":["Strike_R","Strike_R","Strike_R","Strike_R","Strike_R","Defend_R","Defend_R","Defend_R","Defend_R","Bash","Impervious","Wild Strike","Second Wind","Whirlwind+1","Havoc","Cleave+1","Headbutt","Sentinel","Armaments","Thunderclap","Exhume","Body Slam","Feel No Pain"],"special_seed":0,"relics":["Burning Blood","GremlinMask","Vajra","Smiling Mask","Bronze Scales","Odd Mushroom","Runic Cube"],"potions_floor_usage":[],"damage_taken":[{"damage":7.0,"enemies":"2 Louse","floor":1.0,"turns":3.0},{"damage":1.0,"enemies":"Cultist","floor":2.0,"turns":4.0},{"damage":4.0,"enemies":"Jaw Worm","floor":3.0,"turns":4.0},{"damage":26.0,"enemies":"Blue Slaver","floor":5.0,"turns":5.0},{"damage":21.0,"enemies":"Gremlin Nob","floor":7.0,"turns":5.0},{"damage":18.0,"enemies":"Red Slaver","floor":11.0,"turns":4.0},{"damage":15.0,"enemies":"Lagavulin","floor":12.0,"turns":6.0},{"damage":12.0,"enemies":"3 Louse","floor":13.0,"turns":3.0},{"damage":0.0,"enemies":"The Mushroom Lair","floor":14.0,"turns":1.0},{"damage":38.0,"enemies":"Slime Boss","floor":16.0,"turns":8.0},{"damage":31.0,"enemies":"2 Thieves","floor":18.0,"turns":4.0},{"damage":17.0,"enemies":"Spheric Guardian","floor":19.0,"turns":5.0},{"damage":43,"enemies":"Colosseum Slavers","floor":20,"turns":3}],"seed_played":"2095267779053024189","potions_obtained":[{"floor":1.0,"key":"Dexterity Potion"},{"floor":2.0,"key":"Poison Potion"},{"floor":5.0,"key":"SpeedPotion"},{"floor":12.0,"key":"Ancient Potion"},{"floor":13.0,"key":"SteroidPotion"}],"is_trial":false,"path_per_floor":["M","M","M","?","M","R","E","R","T","R","M","E","M","?","R","B",null,"M","M","?"],"character_chosen":"IRONCLAD","items_purchased":[],"campfire_rested":2,"item_purchase_floors":[],"current_hp_per_floor":[71,76,78,78,58,58,43,67,67,67,55,46,40,46,70,38,70,45,34,0],"gold":319,"neow_bonus":"THREE_RARE_CARDS","is_prod":false,"is_daily":false,"chose_seed":false,"campfire_upgraded":2,"win_rate":0,"timestamp":1558945499,"path_taken":["M","M","M","?","?","R","E","R","T","R","M","E","M","?","R","BOSS","M","M","?"],"build_version":"2019-01-23","purchased_purges":0,"victory":false,"max_hp_per_floor":[80,80,80,80,80,80,80,80,80,80,80,80,80,80,80,80,80,80,80,80],"card_choices":[{"not_picked":["Fiend Fire","Demon Form"],"picked":"Impervious","floor":0.0},{"not_picked":["Rampage","Sever Soul"],"picked":"Wild Strike","floor":1.0},{"not_picked":["Rage","Clash"],"picked":"Second Wind","floor":2.0},{"not_picked":["Flex","Havoc"],"picked":"Whirlwind","floor":3.0},{"not_picked":["Anger","Sword Boomerang"],"picked":"Havoc","floor":5.0},{"not_picked":["Warcry","Juggernaut"],"picked":"Cleave","floor":7.0},{"not_picked":["Dual Wield","Fire Breathing"],"picked":"Headbutt","floor":11.0},{"not_picked":["True Grit","Headbutt"],"picked":"Sentinel","floor":12.0},{"not_picked":["Pummel","Wild Strike"],"picked":"Armaments","floor":13.0},{"not_picked":["True Grit","Fire Breathing"],"picked":"Thunderclap","floor":14.0},{"not_picked":["Berserk","Juggernaut"],"picked":"Exhume","floor":16.0},{"not_picked":["True Grit","Bloodletting"],"picked":"Body Slam","floor":18.0},{"not_picked":["Evolve","Infernal Blade"],"picked":"Feel No Pain","floor":19.0}],"player_experience":737317,"relics_obtained":[{"floor":7.0,"key":"Vajra"},{"floor":9.0,"key":"Smiling Mask"},{"floor":12.0,"key":"Bronze Scales"},{"floor":14.0,"key":"Odd Mushroom"}],"event_choices":[{"damage_healed":0.0,"max_hp_gain":0.0,"max_hp_loss":0.0,"gold_gain":0.0,"event_name":"FaceTrader","player_choice":"Trade","floor":4.0,"gold_loss":0.0,"damage_taken":0.0,"relics_obtained":["GremlinMask"]},{"damage_healed":0.0,"max_hp_gain":0.0,"max_hp_loss":0.0,"gold_gain":0.0,"event_name":"Mushrooms","player_choice":"Fought Mushrooms","floor":14.0,"gold_loss":0.0,"damage_taken":0.0},{"damage_healed":0,"gold_gain":0,"player_choice":"Fight","damage_taken":0,"max_hp_gain":0,"max_hp_loss":0,"event_name":"Colosseum","floor":20,"gold_loss":0}],"is_beta":false,"boss_relics":[{"not_picked":["Calling Bell","Busted Crown"],"picked":"Runic Cube"}],"items_purged_floors":[],"is_endless":false,"potions_floor_spawned":[1,2,5,12,13],"killed_by":"Colosseum Slavers","ascension_level":7}