{"gold_per_floor":[117,132,132,132,108,133,133,83,109,109,34,59,59,77,77,168,168,188,206,222,237,258,258,258,258,283,308,308,17,17,17,17,17],"floor_reached":33,"playtime":1909,"items_purged":["Injury","Strike_G"],"score":404,"play_id":"3ff5a1c2-73ec-4623-a799-8ec4e0d40da1","local_time":"20181213120949","is_ascension_mode":true,"campfire_choices":[{"floor":7,"key":"RECALL"},{"floor":13,"key":"REST"},{"floor":15,"key":"REST"},{"floor":23,"key":"REST"},{"floor":32,"key":"REST"}],"neow_cost":"NONE","seed_source_timestamp":815477294778218,"circlet_count":0,"master_deck":["AscendersBane","Defend_G","Defend_G","Defend_G","Defend_G","Defend_G","Strike_G","Survivor","Neutralize","Footwork+1","Predator","Die Die Die","Backflip","Terror","Glass Knife","Cloak And Dagger","Escape Plan","Prepared+1","Crippling Poison"],"relics":["Fusion Hammer","Matryoshka","Centennial Puzzle","Question Card","Golden Idol","Empty Cage","Pantograph","Smiling Mask","Chemical X","Blue Candle"],"potions_floor_usage":[16,20,24,27,33],"damage_taken":[{"damage":0,"enemies":"Cultist","floor":1,"turns":6},{"damage":0,"enemies":"2 Louse","floor":2,"turns":3},{"damage":21,"enemies":"Gremlin Nob","floor":6,"turns":5},{"damage":6,"enemies":"Small Slimes","floor":12,"turns":2},{"damage":4,"enemies":"2 Fungi Beasts","floor":14,"turns":2},{"damage":43,"enemies":"Slime Boss","floor":16,"turns":14},{"damage":14,"enemies":"2 Thieves","floor":18,"turns":5},{"damage":4,"enemies":"Spheric Guardian","floor":19,"turns":5},{"damage":5,"enemies":"Snake Plant","floor":20,"turns":6},{"damage":12,"enemies":"Centurion and Healer","floor":21,"turns":9},{"damage":9,"enemies":"3 Cultists","floor":22,"turns":7},{"damage":17,"enemies":"Colosseum Slavers","floor":24,"turns":4},{"damage":4,"enemies":"Snake Plant","floor":27,"turns":4},{"damage":72,"enemies":"Automaton","floor":33,"turns":18}],"seed_played":"5754015821530085748","potions_obtained":[{"floor":12,"key":"Regen Potion"},{"floor":14,"key":"LiquidBronze"},{"floor":19,"key":"Energy Potion"},{"floor":20,"key":"GamblersBrew"},{"floor":27,"key":"GamblersBrew"}],"is_trial":false,"path_per_floor":["M","M","?","?","?","E","R","?","T","?","$","M","R","M","R","B",null,"M","M","M","M","M","R","?","?","T","M","?","$","T","?","R","B"],"character_chosen":"THE_SILENT","items_purchased":["Crippling Poison","Chemical X"],"campfire_rested":4,"item_purchase_floors":[29,29],"current_hp_per_floor":[63,63,45,45,45,24,24,24,24,24,24,18,39,35,56,28,60,46,42,37,25,16,37,20,20,20,16,16,16,16,16,37,0],"gold":17,"neow_bonus":"BOSS_RELIC","is_prod":false,"is_daily":false,"chose_seed":false,"campfire_upgraded":0,"win_rate":0,"timestamp":1544720989,"path_taken":["M","M","?","?","?","E","R","?","T","?","?","M","R","M","R","BOSS","M","M","M","M","M","R","?","?","T","M","?","$","?","?","R","BOSS"],"build_version":"2018-12-06","purchased_purges":2,"victory":false,"max_hp_per_floor":[70,70,70,70,70,70,70,70,70,70,70,70,70,70,70,70,70,70,70,70,70,70,70,70,70,70,70,70,70,70,70,70,70],"card_choices":[{"not_picked":["Underhanded Strike","Deflect"],"picked":"Footwork","floor":1},{"not_picked":["Flying Knee","Dagger Spray"],"picked":"Predator","floor":2},{"not_picked":["Prepared","Finisher"],"picked":"Die Die Die","floor":6},{"not_picked":["Acrobatics","Eviscerate","Tactician"],"picked":"Backflip","floor":12},{"not_picked":["Distraction","Dagger Spray","Slice"],"picked":"Terror","floor":14},{"not_picked":["Storm of Steel","Envenom","Venomology"],"picked":"Glass Knife","floor":16},{"not_picked":["Acrobatics","Poisoned Stab","Backflip"],"picked":"Cloak And Dagger","floor":18},{"not_picked":["Cloak And Dagger+1","Underhanded Strike","Quick Slash","Distraction+1"],"picked":"SKIP","floor":19},{"not_picked":["Leg Sweep","Choke","Deflect","Night Terror"],"picked":"SKIP","floor":20},{"not_picked":["Skewer","Deflect","Blade Dance","Dagger Spray"],"picked":"SKIP","floor":21},{"not_picked":["Prepared","Predator","Endless Agony"],"picked":"Escape Plan","floor":22},{"not_picked":["Well Laid Plans","Backflip","Acrobatics+1"],"picked":"Prepared+1","floor":27}],"player_experience":866366,"relics_obtained":[{"floor":6,"key":"Centennial Puzzle"},{"floor":9,"key":"Question Card"},{"floor":26,"key":"Pantograph"},{"floor":26,"key":"Smiling Mask"},{"floor":30,"key":"Blue Candle"}],"event_choices":[{"damage_healed":0,"gold_gain":0,"player_choice":"Success","damage_taken":18,"relics_obtained":["Matryoshka"],"max_hp_gain":0,"max_hp_loss":0,"event_name":"Scrap Ooze","floor":3,"gold_loss":0},{"damage_healed":0,"gold_gain":0,"player_choice":"Grow","damage_taken":0,"max_hp_gain":0,"max_hp_loss":0,"event_name":"Living Wall","floor":4,"gold_loss":0,"cards_upgraded":["Footwork"]},{"damage_healed":0,"gold_gain":0,"player_choice":"Left Gold","damage_taken":0,"max_hp_gain":0,"max_hp_loss":0,"event_name":"World of Goop","floor":5,"gold_loss":24},{"cards_removed":["Strike_G"],"damage_healed":0,"gold_gain":0,"player_choice":"Card Removal","damage_taken":0,"max_hp_gain":0,"max_hp_loss":0,"event_name":"The Cleric","floor":8,"gold_loss":50},{"damage_healed":0,"gold_gain":0,"player_choice":"Take Wound","damage_taken":0,"relics_obtained":["Golden Idol"],"max_hp_gain":0,"max_hp_loss":0,"event_name":"Golden Idol","floor":10,"gold_loss":0,"cards_obtained":["Injury"]},{"damage_healed":0,"gold_gain":0,"player_choice":"Fight","damage_taken":0,"max_hp_gain":0,"max_hp_loss":0,"event_name":"Colosseum","floor":24,"gold_loss":0},{"damage_healed":0,"gold_gain":0,"player_choice":"Fled From Nobs","damage_taken":0,"max_hp_gain":0,"max_hp_loss":0,"event_name":"Colosseum","floor":24,"gold_loss":0},{"damage_healed":0,"gold_gain":0,"player_choice":"Ignored","damage_taken":0,"max_hp_gain":0,"max_hp_loss":0,"event_name":"Vampires","floor":25,"gold_loss":0},{"damage_healed":0,"gold_gain":0,"player_choice":"Ignored","damage_taken":0,"max_hp_gain":0,"max_hp_loss":0,"event_name":"Cursed Tome","floor":28,"gold_loss":0},{"damage_healed":0,"gold_gain":0,"player_choice":"Ignored","damage_taken":0,"max_hp_gain":0,"max_hp_loss":0,"event_name":"Ghosts","floor":31,"gold_loss":0}],"is_beta":false,"boss_relics":[{"not_picked":["Calling Bell","Pandora\u0027s Box"],"picked":"Empty Cage"}],"items_purged_floors":[11,29],"is_endless":false,"potions_floor_spawned":[12,14,19,20,24,27],"killed_by":"Automaton","ascension_level":13}