{"gold_per_floor":[117,137,212,212,232,232,258,269,292,292,304,304,304,332,332,437,437,453,464,464],"floor_reached":20,"playtime":744,"items_purged":[],"score":226,"play_id":"b48bd12c-49e1-4aa4-8b70-84d77447f69b","local_time":"20190522215017","is_ascension_mode":true,"campfire_choices":[{"data":"Zap","floor":6,"key":"SMITH"},{"floor":10,"key":"REST"},{"floor":13,"key":"REST"},{"data":"Lockon","floor":15,"key":"SMITH"}],"neow_cost":"NONE","seed_source_timestamp":4238624235113,"circlet_count":0,"master_deck":["Strike_B","Defend_B","Defend_B","Defend_B","Defend_B","Zap+1","Dualcast","Leap","Sweeping Beam","Doom and Gloom","Lockon+1","Hologram","Ball Lightning","Core Surge","Creative AI","Skim+1","Cold Snap+1","Scrape+1","Consume","Conserve Battery"],"relics":["Cracked Core","NeowsBlessing","Omamori","Juzu Bracelet","PreservedInsect","Odd Mushroom","Astrolabe"],"potions_floor_usage":[7,19,19,19,20],"damage_taken":[{"damage":0,"enemies":"Small Slimes","floor":1,"turns":1},{"damage":0,"enemies":"Cultist","floor":2,"turns":1},{"damage":0,"enemies":"2 Louse","floor":5,"turns":1},{"damage":28,"enemies":"Lagavulin","floor":7,"turns":7},{"damage":3,"enemies":"Blue Slaver","floor":8,"turns":3},{"damage":9,"enemies":"Red Slaver","floor":11,"turns":3},{"damage":8,"enemies":"The Mushroom Lair","floor":14,"turns":4},{"damage":29,"enemies":"Hexaghost","floor":16,"turns":8},{"damage":15,"enemies":"Spheric Guardian","floor":18,"turns":4},{"damage":25,"enemies":"3 Byrds","floor":19,"turns":4},{"damage":35,"enemies":"Centurion and Healer","floor":20,"turns":7}],"seed_played":"691308839180864592","potions_obtained":[{"floor":2,"key":"Block Potion"},{"floor":4,"key":"EntropicBrew"},{"floor":4,"key":"Explosive Potion"},{"floor":11,"key":"Ancient Potion"},{"floor":19,"key":"Weak Potion"}],"is_trial":false,"path_per_floor":["M","M","?","?","M","R","E","M","T","R","M","T","R","?","R","B",null,"M","M","M"],"character_chosen":"DEFECT","items_purchased":[],"campfire_rested":2,"item_purchase_floors":[],"current_hp_per_floor":[68,68,57,57,57,57,29,26,26,48,39,39,61,53,53,24,62,47,22,0],"gold":464,"neow_bonus":"THREE_ENEMY_KILL","is_prod":false,"is_daily":false,"chose_seed":false,"campfire_upgraded":2,"win_rate":0,"timestamp":1558525817,"path_taken":["M","M","?","?","?","R","E","M","T","R","M","?","R","?","R","BOSS","M","M","M"],"build_version":"2019-01-23","purchased_purges":0,"victory":false,"max_hp_per_floor":[75,75,75,75,75,75,75,75,75,75,75,75,75,75,75,75,75,75,75,75],"card_choices":[{"not_picked":["Blizzard","Stack"],"picked":"Leap","floor":1},{"not_picked":["Lockon","Steam"],"picked":"Sweeping Beam","floor":2},{"not_picked":["FTL","Beam Cell"],"picked":"Doom and Gloom","floor":5},{"not_picked":["Heatsinks","Rebound"],"picked":"Lockon","floor":7},{"not_picked":["All For One","Gash"],"picked":"Hologram","floor":8},{"not_picked":["Lockon","Steam"],"picked":"Ball Lightning","floor":11},{"not_picked":["Leap","Auto Shields"],"picked":"Core Surge","floor":14},{"not_picked":["Fission","Core Surge"],"picked":"Creative AI","floor":16},{"not_picked":["Rebound","Steam"],"picked":"Consume","floor":18},{"not_picked":["Consume","Redo"],"picked":"Conserve Battery","floor":19}],"player_experience":699097,"relics_obtained":[{"floor":7,"key":"Omamori"},{"floor":9,"key":"Juzu Bracelet"},{"floor":12,"key":"PreservedInsect"},{"floor":14,"key":"Odd Mushroom"}],"event_choices":[{"damage_healed":0,"gold_gain":75,"player_choice":"Gather Gold","damage_taken":11,"max_hp_gain":0,"max_hp_loss":0,"event_name":"World of Goop","floor":3,"gold_loss":0},{"damage_healed":0,"gold_gain":0,"player_choice":"Got Potions","damage_taken":0,"max_hp_gain":0,"max_hp_loss":0,"event_name":"Lab","floor":4,"gold_loss":0},{"damage_healed":0,"gold_gain":0,"player_choice":"Fought Mushrooms","damage_taken":0,"max_hp_gain":0,"max_hp_loss":0,"event_name":"Mushrooms","floor":14,"gold_loss":0}],"is_beta":false,"boss_relics":[{"not_picked":["Fusion Hammer","Empty Cage"],"picked":"Astrolabe"}],"items_purged_floors":[],"is_endless":false,"potions_floor_spawned":[2,5,11,19],"killed_by":"Centurion and Healer","ascension_level":6}