{"path_per_floor":["M","M","M","?","M","R","?","M","T","E","R","?","M"],"character_chosen":"THE_SILENT","items_purchased":[],"gold_per_floor":[112,130,145,145,159,159,159,178,178,212,212,212,226,226],"floor_reached":14,"campfire_rested":1,"playtime":626,"current_hp_per_floor":[69,68,68,50,43,43,43,37,51,31,56,56,34,0],"items_purged":[],"gold":226,"score":106,"play_id":"29c53aa1-9729-40fb-8be6-3be25e10631e","local_time":"20180406023828","is_prod":false,"is_daily":false,"is_ascension_mode":true,"campfire_upgraded":1,"timestamp":1522996708,"path_taken":["M","M","M","?","M","R","?","M","T","E","R","?","M","E"],"build_version":"2018-04-05v2","purchased_purges":0,"victory":false,"master_deck":["Defend_G","Defend_G","Defend_G","Defend_G","Defend_G","Strike_G","Strike_G","Strike_G","Strike_G","Survivor","Neutralize","Noxious Fumes+1","Poisoned Stab","Deadly Poison","Bane","Calculated Gamble","Distraction","Crippling Poison"],"max_hp_per_floor":[70,70,70,70,70,70,70,70,84,84,84,84,84,84],"relics":["Ring of the Snake","Ginger","Mango","Blood Vial"],"card_choices":[{"not_picked":["Deflect","Accuracy"],"picked":"Noxious Fumes","floor":1},{"not_picked":["Acrobatics","Accuracy"],"picked":"Poisoned Stab","floor":2},{"not_picked":["Prepared","Sucker Punch"],"picked":"Deadly Poison","floor":3},{"not_picked":["Bouncing Flask","Blade Dance"],"picked":"Bane","floor":8},{"not_picked":["Setup","After Image"],"picked":"Calculated Gamble","floor":10},{"not_picked":["Deflect","Dodge and Roll"],"picked":"Crippling Poison","floor":13}],"player_experience":175538,"potions_floor_usage":[5,10,14],"damage_taken":[{"damage":1,"enemies":"2 Louse","floor":1,"turns":3},{"damage":1,"enemies":"Jaw Worm","floor":2,"turns":5},{"damage":0,"enemies":"Cultist","floor":3,"turns":4},{"damage":7,"enemies":"Exordium Wildlife","floor":5,"turns":6},{"damage":6,"enemies":"Looter","floor":8,"turns":3},{"damage":20,"enemies":"3 Sentries","floor":10,"turns":8},{"damage":24,"enemies":"Lots of Slimes","floor":13,"turns":4},{"damage":48,"enemies":"Gremlin Nob","floor":14,"turns":4}],"event_choices":[{"event_name":"Scrap Ooze","player_choice":"success","floor":4,"damage_taken":18},{"event_name":"The Woman in Blue","player_choice":"Bought 0 Potions","floor":7,"damage_taken":0},{"event_name":"Transmorgrifier","player_choice":"Transform","floor":12,"damage_taken":0}],"boss_relics":[],"potions_floor_spawned":[1,2,3,5],"seed_played":"9192637838348726372","killed_by":"Gremlin Nob","ascension_level":3,"is_trial":false}