{"gold_per_floor":[112,112,37,47,63,94,112,112,112,12,29,29,57,74,74,175,175,188,201,76,91,101,129,129,129,129,129,129,129,149,160,160,255,255,272,288,89,105,105,105,121,139,139,139],"floor_reached":44,"playtime":1816,"items_purged":["Strike_R","Strike_R","Defend_R","Strike_R"],"score":710,"play_id":"4ec4e0e3-487a-430e-88ed-c725a9b285f0","local_time":"20181202211435","is_ascension_mode":true,"campfire_choices":[{"data":"Rampage","floor":8,"key":"SMITH"},{"data":"Clash","floor":12,"key":"SMITH"},{"data":"Bash","floor":15,"key":"SMITH"},{"data":"Battle Trance","floor":24,"key":"SMITH"},{"data":"J.A.X.","floor":29,"key":"SMITH"},{"floor":32,"key":"REST"},{"data":"Reaper","floor":40,"key":"SMITH"}],"neow_cost":"PERCENT_DAMAGE","seed_source_timestamp":7082917273180,"circlet_count":0,"master_deck":["AscendersBane","Bash+1","Rampage+1","Impervious+1","Clash+1","Battle Trance+1","Offering+1","Warcry","J.A.X.+1","Reaper+1"],"relics":["Burning Blood","Ornamental Fan","Meat on the Bone","Strawberry","Empty Cage","War Paint","Vajra","Black Star","The Courier"],"potions_floor_usage":[11,13,16,16,23,36,44],"damage_taken":[{"damage":1,"enemies":"Cultist","floor":1,"turns":3},{"damage":3,"enemies":"2 Louse","floor":4,"turns":3},{"damage":12,"enemies":"Jaw Worm","floor":5,"turns":2},{"damage":21,"enemies":"Gremlin Nob","floor":6,"turns":4},{"damage":7,"enemies":"Exordium Wildlife","floor":7,"turns":4},{"damage":5,"enemies":"3 Louse","floor":11,"turns":3},{"damage":15,"enemies":"Lagavulin","floor":13,"turns":6},{"damage":1,"enemies":"Exordium Thugs","floor":14,"turns":4},{"damage":50,"enemies":"Hexaghost","floor":16,"turns":7},{"damage":27,"enemies":"3 Byrds","floor":18,"turns":5},{"damage":28,"enemies":"Spheric Guardian","floor":19,"turns":4},{"damage":6,"enemies":"Snake Plant","floor":21,"turns":2},{"damage":6,"enemies":"Centurion and Healer","floor":22,"turns":4},{"damage":37,"enemies":"Book of Stabbing","floor":23,"turns":4},{"damage":15,"enemies":"Shelled Parasite and Fungi","floor":30,"turns":2},{"damage":18,"enemies":"3 Cultists","floor":31,"turns":3},{"damage":42,"enemies":"Automaton","floor":33,"turns":6},{"damage":30,"enemies":"3 Darklings","floor":35,"turns":4},{"damage":19,"enemies":"Orb Walker","floor":36,"turns":3},{"damage":18,"enemies":"Spire Growth","floor":38,"turns":3},{"damage":40,"enemies":"Sphere and 2 Shapes","floor":41,"turns":4},{"damage":33,"enemies":"Writhing Mass","floor":42,"turns":3},{"damage":87,"enemies":"Nemesis","floor":44,"turns":5}],"seed_played":"-9106476482203075870","potions_obtained":[{"floor":4,"key":"Ancient Potion"},{"floor":6,"key":"FearPotion"},{"floor":11,"key":"Strength Potion"},{"floor":13,"key":"Fire Potion"},{"floor":19,"key":"AttackPotion"},{"floor":21,"key":"SteroidPotion"},{"floor":23,"key":"Explosive Potion"},{"floor":36,"key":"Poison Potion"}],"is_trial":false,"path_per_floor":["M","?","$","M","M","E","M","R","T","$","M","R","E","M","R","B",null,"M","M","$","M","M","E","R","?","T","$","?","R","M","M","R","B",null,"M","M","$","M","?","R","M","M","T","E"],"character_chosen":"IRONCLAD","items_purchased":["Strength Potion"],"campfire_rested":1,"item_purchase_floors":[37],"current_hp_per_floor":[56,56,56,59,53,38,37,37,37,37,50,50,60,65,65,33,74,53,43,43,55,55,36,36,36,36,36,87,87,78,66,87,51,78,63,57,57,57,57,57,53,52,52,0],"gold":139,"neow_bonus":"REMOVE_TWO","is_prod":false,"is_daily":false,"chose_seed":false,"campfire_upgraded":6,"win_rate":0,"timestamp":1543803275,"path_taken":["M","?","$","M","M","E","M","R","T","$","?","R","E","M","R","BOSS","M","M","$","M","M","E","R","?","T","$","?","R","M","M","R","BOSS","M","M","?","M","?","R","M","?","T","E"],"build_version":"2018-11-15","purchased_purges":4,"victory":false,"max_hp_per_floor":[80,80,80,80,80,80,80,80,80,80,80,80,87,87,87,87,87,87,87,87,87,87,87,87,87,87,87,87,87,87,87,87,87,87,87,87,87,87,87,87,87,87,87,87],"card_choices":[{"not_picked":["Cleave","Heavy Blade"],"picked":"Rampage","floor":1},{"not_picked":["Cleave","Armaments","Thunderclap"],"picked":"SKIP","floor":4},{"not_picked":["Anger","Body Slam","Armaments"],"picked":"SKIP","floor":5},{"not_picked":["Rupture","Hemokinesis"],"picked":"Impervious","floor":6},{"not_picked":["Uppercut","Havoc","Shrug It Off"],"picked":"SKIP","floor":7},{"not_picked":["Shockwave","Thunderclap"],"picked":"Clash","floor":11},{"not_picked":["Sword Boomerang","Heavy Blade"],"picked":"Battle Trance","floor":13},{"not_picked":["Dual Wield","Warcry","Sentinel"],"picked":"SKIP","floor":14},{"not_picked":["Limit Break","Immolate"],"picked":"Offering","floor":16},{"not_picked":["Flex","Second Wind+1","Sever Soul"],"picked":"SKIP","floor":18},{"not_picked":["Thunderclap","Anger"],"picked":"Warcry","floor":19},{"not_picked":["Shrug It Off","Second Wind+1","Infernal Blade"],"picked":"SKIP","floor":21},{"not_picked":["Headbutt","Searing Blow","Flex"],"picked":"SKIP","floor":22},{"not_picked":["Clash","Headbutt","Bloodletting"],"picked":"SKIP","floor":23},{"not_picked":["Twin Strike","Battle Trance","Wild Strike"],"picked":"SKIP","floor":30},{"not_picked":["Disarm","Demon Form","Sever Soul"],"picked":"SKIP","floor":31},{"not_picked":["Barricade","Impervious"],"picked":"Reaper","floor":33},{"not_picked":["Twin Strike","Havoc+1","Corruption"],"picked":"SKIP","floor":35},{"not_picked":["Disarm","Second Wind+1","Ghostly Armor"],"picked":"SKIP","floor":36},{"not_picked":["Cleave","Thunderclap","Dual Wield"],"picked":"SKIP","floor":38},{"not_picked":["Seeing Red+1","Dropkick","Spot Weakness"],"picked":"SKIP","floor":41},{"not_picked":["Perfected Strike","Armaments","Havoc"],"picked":"SKIP","floor":42}],"player_experience":772216,"relics_obtained":[{"floor":6,"key":"Ornamental Fan"},{"floor":9,"key":"Meat on the Bone"},{"floor":13,"key":"Strawberry"},{"floor":23,"key":"War Paint"},{"floor":26,"key":"Vajra"},{"floor":43,"key":"The Courier"}],"event_choices":[{"cards_removed":["Strike_R"],"damage_healed":0,"gold_gain":0,"player_choice":"Purged","damage_taken":0,"max_hp_gain":0,"max_hp_loss":0,"event_name":"Purifier","floor":2,"gold_loss":0},{"damage_healed":0,"gold_gain":0,"player_choice":"Obtain J.A.X.","damage_taken":0,"max_hp_gain":0,"max_hp_loss":0,"event_name":"Drug Dealer","floor":25,"gold_loss":0,"cards_obtained":["J.A.X."]},{"damage_healed":51,"gold_gain":0,"player_choice":"Full Heal","damage_taken":0,"max_hp_gain":0,"max_hp_loss":0,"event_name":"Wheel of Change","floor":28,"gold_loss":0},{"damage_healed":0,"gold_gain":0,"player_choice":"Bought 0 Potions","damage_taken":0,"max_hp_gain":0,"max_hp_loss":0,"event_name":"The Woman in Blue","floor":39,"gold_loss":0}],"is_beta":false,"boss_relics":[{"not_picked":["Coffee Dripper","Velvet Choker"],"picked":"Empty Cage"},{"not_picked":["Mark of Pain","Sozu"],"picked":"Black Star"}],"items_purged_floors":[3,10,20,37],"is_endless":false,"potions_floor_spawned":[4,6,11,13,19,21,22,23,31,35,36,38,42],"killed_by":"Nemesis","ascension_level":12}