{"gold_per_floor":[117,192,206,73,87,112,112,147,147,39,39,69,69],"floor_reached":13,"playtime":521,"items_purged":[],"score":202,"play_id":"98de4ad4-6765-4d23-aebc-b21ae6b8ada3","local_time":"20190506050021","is_ascension_mode":true,"campfire_choices":[{"floor":7,"key":"REST"}],"neow_cost":"NONE","seed_source_timestamp":1017767691065985,"circlet_count":0,"master_deck":["AscendersBane","Defend_G","Defend_G","Defend_G","Defend_G","Defend_G","Strike_G","Strike_G","Strike_G","Strike_G","Strike_G","Survivor","Neutralize","Dagger Spray","Masterful Stab","Crippling Poison","Glass Knife","Caltrops"],"special_seed":0,"relics":["Ring of the Snake","Letter Opener","Singing Bowl","Gremlin Horn","Meat on the Bone"],"potions_floor_usage":[6,6,12,12],"damage_taken":[{"damage":18.0,"enemies":"Jaw Worm","floor":1.0,"turns":8.0},{"damage":4.0,"enemies":"Small Slimes","floor":3.0,"turns":4.0},{"damage":0.0,"enemies":"Cultist","floor":5.0,"turns":3.0},{"damage":14,"enemies":"3 Sentries","floor":6,"turns":5},{"damage":47,"enemies":"Lagavulin","floor":8,"turns":8},{"damage":3,"enemies":"Gremlin Nob","floor":12,"turns":3},{"damage":10,"enemies":"Exordium Thugs","floor":13,"turns":1}],"seed_played":"8081054947916676670","potions_obtained":[{"floor":1.0,"key":"Regen Potion"}],"is_trial":false,"path_per_floor":["M","?","M","$","M","E","R","E","T","$","?","E","M"],"character_chosen":"THE_SILENT","items_purchased":["Crippling Poison","Strength Potion","FearPotion","Swift Potion"],"campfire_rested":1,"item_purchase_floors":[4,4,10,10],"current_hp_per_floor":[47,36,32,32,32,32,53,8,8,8,8,5,0],"gold":69,"neow_bonus":"TEN_PERCENT_HP_BONUS","is_prod":false,"is_daily":false,"chose_seed":false,"campfire_upgraded":0,"win_rate":0,"timestamp":1557133221,"path_taken":["M","?","M","$","M","E","R","E","T","$","?","E","M"],"build_version":"2019-01-23","purchased_purges":0,"victory":false,"max_hp_per_floor":[72,72,72,72,72,72,72,74,74,74,74,74,74],"card_choices":[{"not_picked":["Flechettes","Crippling Poison"],"picked":"Dagger Spray","floor":1.0},{"not_picked":["Dagger Spray","Acrobatics"],"picked":"Masterful Stab","floor":3.0},{"not_picked":["Outmaneuver","Crippling Poison","Concentrate"],"picked":"SKIP","floor":5.0},{"not_picked":["All Out Attack","Reflex"],"picked":"Glass Knife","floor":6},{"not_picked":["Dagger Spray","Outmaneuver","Distraction"],"picked":"Singing Bowl","floor":8},{"not_picked":["Slice","Acrobatics"],"picked":"Caltrops","floor":12}],"player_experience":1446047,"relics_obtained":[{"floor":6,"key":"Letter Opener"},{"floor":8,"key":"Singing Bowl"},{"floor":9,"key":"Gremlin Horn"},{"floor":12,"key":"Meat on the Bone"}],"event_choices":[{"damage_healed":0.0,"max_hp_gain":0.0,"max_hp_loss":0.0,"gold_gain":75.0,"event_name":"World of Goop","player_choice":"Gather Gold","floor":2.0,"gold_loss":0.0,"damage_taken":11.0},{"damage_healed":0,"gold_gain":0,"player_choice":"0 cards matched","damage_taken":0,"max_hp_gain":0,"max_hp_loss":0,"event_name":"Match and Keep!","floor":11,"gold_loss":0,"cards_obtained":[]}],"is_beta":false,"boss_relics":[],"items_purged_floors":[],"is_endless":false,"potions_floor_spawned":[1,5],"killed_by":"Exordium Thugs","ascension_level":20}