{"gold_per_floor":[113,124,124,134,153,153,153,153,153,186,100,100,140,160,160,254,254,279,300,300,315,315,358,358,399,399,399,464,464,17,37,37,135,135,156,170,150,165,185,185,18,58,83,83,108,124,124,140,140,140],"floor_reached":51,"playtime":2860,"items_purged":[],"score":1457,"play_id":"f64cfce4-5bca-4b6f-afa6-2dc4ad533961","local_time":"20190811110647","is_ascension_mode":true,"campfire_choices":[{"data":"Uppercut","floor":6,"key":"SMITH"},{"data":"Shockwave","floor":8,"key":"SMITH"},{"data":"Blood for Blood","floor":15,"key":"SMITH"},{"data":"Rampage","floor":24,"key":"SMITH"},{"floor":27,"key":"REST"},{"data":"True Grit","floor":29,"key":"SMITH"},{"data":"Demon Form","floor":32,"key":"SMITH"},{"data":"Inflame","floor":40,"key":"SMITH"},{"data":"Shrug It Off","floor":44,"key":"SMITH"},{"data":"Evolve","floor":47,"key":"SMITH"},{"data":"Metallicize","floor":49,"key":"SMITH"}],"neow_cost":"NONE","seed_source_timestamp":11176351771961,"circlet_count":0,"master_deck":["AscendersBane","Strike_R","Strike_R","Strike_R","Strike_R+1","Strike_R","Defend_R","Defend_R","Defend_R","Defend_R","Bash+1","Uppercut+1","Dropkick+1","Shrug It Off+1","Shockwave+1","Headbutt","Injury","Blood for Blood+1","Burning Pact","Reaper","Evolve+1","Dropkick+1","Rampage+1","Corruption","True Grit+1","True Grit+1","True Grit+1","Demon Form+1","Shrug It Off+1","Armaments+1","Dark Shackles+1","Heavy Blade+1","Immolate","Spot Weakness+1","Inflame+1","Flame Barrier+1","Rage+1","Entrench+1","Regret","Battle Trance+1","True Grit+1","Metallicize+1"],"relics":["Burning Blood","Thread and Needle","Pocketwatch","Gambling Chip","Golden Idol","Mango","Snecko Eye","Enchiridion","Nunchaku","Lantern","Toxic Egg 2","Tiny Chest","Whetstone","Cursed Key","Pen Nib","Kunai","Potion Belt"],"potions_floor_usage":[10,16,19,42,46,50],"damage_taken":[{"damage":6,"enemies":"Cultist","floor":1,"turns":3},{"damage":7,"enemies":"Small Slimes","floor":2,"turns":4},{"damage":12,"enemies":"2 Louse","floor":4,"turns":3},{"damage":10,"enemies":"Looter","floor":5,"turns":3},{"damage":10,"enemies":"Lagavulin","floor":10,"turns":7},{"damage":8,"enemies":"Gremlin Nob","floor":13,"turns":3},{"damage":0,"enemies":"2 Fungi Beasts","floor":14,"turns":3},{"damage":29,"enemies":"The Guardian","floor":16,"turns":10},{"damage":9,"enemies":"Shell Parasite","floor":18,"turns":3},{"damage":0,"enemies":"Spheric Guardian","floor":19,"turns":3},{"damage":3,"enemies":"Cultist and Chosen","floor":21,"turns":4},{"damage":16,"enemies":"Book of Stabbing","floor":23,"turns":4},{"damage":46,"enemies":"Slavers","floor":25,"turns":7},{"damage":0,"enemies":"Gremlin Leader","floor":28,"turns":5},{"damage":0,"enemies":"Snecko","floor":31,"turns":4},{"damage":30,"enemies":"Champ","floor":33,"turns":8},{"damage":1,"enemies":"3 Shapes","floor":35,"turns":4},{"damage":4,"enemies":"3 Darklings","floor":36,"turns":4},{"damage":16,"enemies":"Writhing Mass","floor":38,"turns":4},{"damage":7,"enemies":"4 Shapes","floor":39,"turns":6},{"damage":24,"enemies":"Giant Head","floor":42,"turns":7},{"damage":9,"enemies":"Jaw Worm Horde","floor":45,"turns":4},{"damage":0,"enemies":"Spire Growth","floor":46,"turns":3},{"damage":0,"enemies":"Writhing Mass","floor":48,"turns":4},{"damage":22,"enemies":"Donu and Deca","floor":50,"turns":6}],"seed_played":"3868759525688326673","potions_obtained":[{"floor":1,"key":"Dexterity Potion"},{"floor":13,"key":"AttackPotion"},{"floor":16,"key":"SpeedPotion"},{"floor":25,"key":"FearPotion"},{"floor":28,"key":"Regen Potion"},{"floor":42,"key":"Block Potion"}],"is_trial":false,"path_per_floor":["M","M","?","M","M","R","?","R","T","E","$","?","E","M","R","B",null,"M","M","?","M","?","E","R","E","T","R","E","R","$","M","R","B",null,"M","M","?","M","M","R","$","E","T","R","M","M","R","M","R","B",null],"character_chosen":"IRONCLAD","items_purchased":["Headbutt","SteroidPotion","Demon Form","Shrug It Off+1","Armaments+1","Dark Shackles+1","Whetstone","Pen Nib"],"campfire_rested":1,"item_purchase_floors":[11,11,30,30,30,30,30,41],"current_hp_per_floor":[68,67,67,61,57,57,57,57,57,53,53,53,65,71,71,48,79,76,88,67,76,76,72,72,32,32,58,76,76,76,82,82,79,87,89,89,89,79,89,89,89,76,76,76,76,82,82,89,89,73],"gold":140,"neow_bonus":"UPGRADE_CARD","is_prod":false,"is_daily":false,"chose_seed":false,"campfire_upgraded":10,"win_rate":0,"timestamp":1565485607,"path_taken":["M","M","?","M","M","R","?","R","T","E","$","?","E","M","R","BOSS","M","M","?","M","?","E","R","E","T","R","E","R","$","M","R","BOSS","M","M","?","M","M","R","$","E","T","R","M","M","R","M","R","BOSS"],"build_version":"2019-07-17","purchased_purges":0,"victory":true,"max_hp_per_floor":[75,75,75,75,75,75,75,75,75,75,75,75,89,89,89,89,89,89,89,89,89,89,89,89,89,89,89,89,89,89,89,89,89,89,89,89,89,89,89,89,89,89,89,89,89,89,89,89,89,89],"card_choices":[{"not_picked":["Bloodletting","Sword Boomerang"],"picked":"Uppercut","floor":1},{"not_picked":["Havoc","Heavy Blade"],"picked":"Dropkick","floor":2},{"not_picked":["Sentinel","Hemokinesis"],"picked":"Shrug It Off","floor":4},{"not_picked":["Inflame","Dual Wield"],"picked":"Shockwave","floor":5},{"not_picked":["Havoc","Thunderclap","Hemokinesis"],"picked":"SKIP","floor":10},{"not_picked":["Havoc","Body Slam"],"picked":"Blood for Blood","floor":13},{"not_picked":["Fire Breathing","Twin Strike"],"picked":"Burning Pact","floor":14},{"not_picked":["Berserk","Brutality"],"picked":"Reaper","floor":16},{"not_picked":["Iron Wave","Rupture+1"],"picked":"Evolve","floor":18},{"not_picked":["Havoc","Flex"],"picked":"Dropkick+1","floor":19},{"not_picked":["Armaments","Evolve"],"picked":"Rampage","floor":21},{"not_picked":["Uppercut","Demon Form"],"picked":"True Grit+1","floor":23},{"not_picked":["Heavy Blade","Clash"],"picked":"True Grit","floor":25},{"not_picked":["Berserk","Havoc+1"],"picked":"True Grit+1","floor":28},{"not_picked":["Power Through+1","Body Slam"],"picked":"Heavy Blade+1","floor":31},{"not_picked":["Feed","Demon Form"],"picked":"Immolate","floor":33},{"not_picked":["Armaments+1","Iron Wave"],"picked":"Spot Weakness+1","floor":35},{"not_picked":["Hemokinesis+1","Iron Wave"],"picked":"Inflame","floor":36},{"not_picked":["Dropkick+1","Metallicize"],"picked":"Flame Barrier+1","floor":38},{"not_picked":["Clothesline+1","True Grit+1"],"picked":"Rage+1","floor":39},{"not_picked":["Disarm+1","Heavy Blade"],"picked":"Entrench+1","floor":42},{"not_picked":["Clash","Whirlwind"],"picked":"Battle Trance+1","floor":45},{"not_picked":["Twin Strike","Hemokinesis+1"],"picked":"True Grit+1","floor":46},{"not_picked":["Flame Barrier+1","Seeing Red+1"],"picked":"Metallicize","floor":48}],"player_experience":1187461,"relics_obtained":[{"floor":9,"key":"Pocketwatch"},{"floor":10,"key":"Gambling Chip"},{"floor":13,"key":"Mango"},{"floor":20,"key":"Enchiridion"},{"floor":23,"key":"Nunchaku"},{"floor":25,"key":"Lantern"},{"floor":26,"key":"Toxic Egg 2"},{"floor":28,"key":"Tiny Chest"},{"floor":42,"key":"Kunai"},{"floor":43,"key":"Potion Belt"}],"event_choices":[{"damage_healed":0,"gold_gain":0,"player_choice":"Box","damage_taken":0,"relics_obtained":["Thread and Needle"],"max_hp_gain":0,"max_hp_loss":0,"event_name":"Big Fish","floor":3,"gold_loss":0,"cards_obtained":["Regret"]},{"cards_removed":["Regret"],"damage_healed":0,"gold_gain":0,"player_choice":"Forget","damage_taken":0,"max_hp_gain":0,"max_hp_loss":0,"event_name":"Living Wall","floor":7,"gold_loss":0},{"damage_healed":0,"gold_gain":0,"player_choice":"Take Wound","damage_taken":0,"relics_obtained":["Golden Idol"],"max_hp_gain":0,"max_hp_loss":0,"event_name":"Golden Idol","floor":12,"gold_loss":0,"cards_obtained":["Injury"]},{"damage_healed":0,"gold_gain":0,"player_choice":"Obtained Book","damage_taken":21,"max_hp_gain":0,"max_hp_loss":0,"event_name":"Cursed Tome","floor":20,"gold_loss":0},{"damage_healed":0,"gold_gain":0,"player_choice":"Read","damage_taken":0,"max_hp_gain":0,"max_hp_loss":0,"event_name":"The Library","floor":22,"gold_loss":0,"cards_obtained":["Corruption"]},{"damage_healed":0,"gold_gain":0,"player_choice":"Bought 1 Potion","damage_taken":0,"max_hp_gain":0,"max_hp_loss":0,"event_name":"The Woman in Blue","floor":37,"gold_loss":0}],"is_beta":false,"boss_relics":[{"not_picked":["Ectoplasm","Philosopher\u0027s Stone"],"picked":"Snecko Eye"},{"not_picked":["Black Blood","Sozu"],"picked":"Cursed Key"}],"items_purged_floors":[],"is_endless":false,"potions_floor_spawned":[1,13,14,16,18,25,28,35,36,42],"ascension_level":17}