{"path_per_floor":["M","M","$","M","M","E","M","?","T","$","M","R","?","M","R","B",null,"M","?","?","M","$","E","M","R","T","M"],"character_chosen":"IRONCLAD","items_purchased":["Flex"],"gold_per_floor":[115,128,53,72,92,127,137,137,160,13,33,33,33,47,47,146,146,158,158,158,172,47,82,101,101,101,119,119],"floor_reached":28,"campfire_rested":1,"playtime":1380,"item_purchase_floors":[10],"current_hp_per_floor":[73,67,67,67,66,30,23,20,20,20,31,55,55,59,59,42,80,70,70,70,75,75,59,52,52,52,36,0],"items_purged":["Strike_R","Strike_R","Strike_R"],"gold":119,"score":290,"play_id":"f547588c-2ba6-47c1-afea-bc6fc9d1202a","local_time":"20180621224014","is_prod":false,"is_daily":false,"chose_seed":false,"is_ascension_mode":true,"campfire_upgraded":2,"win_rate":0,"timestamp":1529635214,"campfire_choices":[{"floor":12,"key":"REST"},{"data":"Inflame","floor":15,"key":"SMITH"},{"data":"Bloodletting","floor":25,"key":"SMITH"}],"path_taken":["M","M","$","M","M","E","M","?","T","$","M","R","?","?","R","BOSS","M","?","?","M","$","E","M","R","T","?","?"],"build_version":"2018-06-21","seed_source_timestamp":123516156739155,"purchased_purges":3,"circlet_count":0,"victory":false,"master_deck":["Strike_R","Strike_R","Defend_R","Defend_R","Defend_R","Defend_R","Bash+1","Heavy Blade+1","Twin Strike","Pommel Strike","Whirlwind","Bloodletting+1","Battle Trance","Flex","True Grit","Bludgeon","Bash","Deep Breath","Inflame+1","Demon Form","Carnage","Ghostly Armor+1"],"max_hp_per_floor":[80,80,80,80,80,80,80,80,80,80,80,80,80,80,80,80,80,80,80,80,80,80,80,80,80,80,80,80],"relics":["Burning Blood","Art of War","Vajra","Anchor","Busted Crown","Dream Catcher","Question Card"],"card_choices":[{"not_picked":["Body Slam","Clothesline"],"picked":"Heavy Blade","floor":1},{"not_picked":["Armaments","Anger"],"picked":"Twin Strike","floor":2},{"not_picked":["Perfected Strike","Wild Strike"],"picked":"Pommel Strike","floor":4},{"not_picked":["Metallicize","Hemokinesis"],"picked":"Whirlwind","floor":5},{"not_picked":["Fiend Fire","Clash"],"picked":"Bloodletting","floor":6},{"not_picked":["Anger","Clothesline"],"picked":"Battle Trance","floor":7},{"not_picked":["Reckless Charge","Heavy Blade"],"picked":"True Grit","floor":11},{"not_picked":["Combust","Uppercut"],"picked":"Inflame","floor":14},{"not_picked":["Double Tap","Bludgeon"],"picked":"Demon Form","floor":16},{"not_picked":["Rupture"],"picked":"SKIP","floor":18},{"not_picked":["Iron Wave"],"picked":"SKIP","floor":21},{"not_picked":["Thunderclap"],"picked":"SKIP","floor":23},{"not_picked":["Rupture"],"picked":"SKIP","floor":24},{"not_picked":["Clash"],"picked":"Ghostly Armor+1","floor":27}],"player_experience":251037,"potions_floor_usage":[11,11,16,16,27],"damage_taken":[{"damage":13,"enemies":"2 Louse","floor":1,"turns":3},{"damage":12,"enemies":"Small Slimes","floor":2,"turns":4},{"damage":6,"enemies":"Jaw Worm","floor":4,"turns":4},{"damage":7,"enemies":"Large Slime","floor":5,"turns":7},{"damage":42,"enemies":"Gremlin Nob","floor":6,"turns":5},{"damage":13,"enemies":"Lots of Slimes","floor":7,"turns":2},{"damage":0,"enemies":"2 Fungi Beasts","floor":11,"turns":2},{"damage":2,"enemies":"Exordium Wildlife","floor":14,"turns":4},{"damage":37,"enemies":"Hexaghost","floor":16,"turns":6},{"damage":16,"enemies":"3 Byrds","floor":18,"turns":5},{"damage":1,"enemies":"Spheric Guardian","floor":21,"turns":3},{"damage":22,"enemies":"Slavers","floor":23,"turns":5},{"damage":13,"enemies":"Cultist and Chosen","floor":24,"turns":5},{"damage":22,"enemies":"Centurion and Healer","floor":27,"turns":4},{"damage":39,"enemies":"Snake Plant","floor":28,"turns":3}],"relics_obtained":[{"floor":6,"key":"Art of War"},{"floor":9,"key":"Anchor"},{"floor":23,"key":"Dream Catcher"},{"floor":26,"key":"Question Card"}],"event_choices":[{"event_name":"Scrap Ooze","player_choice":"success","floor":8,"damage_taken":3},{"event_name":"Match and Keep!","player_choice":"3 cards matched","floor":13,"damage_taken":0},{"event_name":"Upgrade Shrine","player_choice":"Upgraded","floor":19,"damage_taken":0},{"event_name":"Match and Keep!","player_choice":"1 cards matched","floor":20,"damage_taken":0},{"event_name":"Match and Keep!","player_choice":"1 cards matched","floor":20,"damage_taken":0}],"boss_relics":[{"not_picked":["Philosopher\u0027s Stone","Mark of Pain"],"picked":"Busted Crown"}],"items_purged_floors":[3,10,22],"is_endless":false,"potions_floor_spawned":[2,7,11,14,23],"seed_played":"-754247185532326748","killed_by":"Snake Plant","ascension_level":4,"potions_obtained":[{"floor":2,"key":"SteroidPotion"},{"floor":7,"key":"Regen Potion"},{"floor":11,"key":"Regen Potion"},{"floor":14,"key":"Weak Potion"},{"floor":23,"key":"AttackPotion"}],"is_trial":false}