{"gold_per_floor":[119,139,159,159,174,174,203,213,236,236,4,32,32,52,52,149,149,149,149,104,104],"floor_reached":21,"playtime":1239,"items_purged":["Strike_B"],"score":287,"play_id":"e0aa753e-51af-4225-910f-c6e63f392ccd","local_time":"20181107011902","is_ascension_mode":true,"campfire_choices":[{"data":"Sweeping Beam","floor":6,"key":"SMITH"},{"data":"Barrage","floor":10,"key":"SMITH"},{"data":"Fusion","floor":13,"key":"SMITH"},{"floor":15,"key":"REST"}],"neow_cost":"TEN_PERCENT_HP_LOSS","seed_source_timestamp":883915274541758,"circlet_count":0,"master_deck":["AscendersBane","Strike_B","Defend_B","Defend_B","Defend_B","Defend_B","Zap+1","Dualcast","Cold Snap","Fusion+1","Coolheaded","Sweeping Beam+1","Electrodynamics","Leap+1","Barrage+1","Echo Form","Recycle"],"relics":["Cracked Core","Centennial Puzzle","Ancient Tea Set","War Paint","PreservedInsect","Ectoplasm"],"potions_floor_usage":[3,7,12,16,21],"damage_taken":[{"damage":9,"enemies":"2 Louse","floor":1,"turns":3},{"damage":0,"enemies":"Cultist","floor":2,"turns":3},{"damage":0,"enemies":"Small Slimes","floor":3,"turns":2},{"damage":7,"enemies":"Blue Slaver","floor":5,"turns":4},{"damage":9,"enemies":"Gremlin Nob","floor":7,"turns":4},{"damage":0,"enemies":"3 Louse","floor":8,"turns":2},{"damage":18,"enemies":"Lagavulin","floor":12,"turns":5},{"damage":0,"enemies":"2 Fungi Beasts","floor":14,"turns":1},{"damage":34,"enemies":"Hexaghost","floor":16,"turns":11},{"damage":9,"enemies":"Shell Parasite","floor":18,"turns":6},{"damage":21,"enemies":"2 Thieves","floor":20,"turns":3},{"damage":24,"enemies":"Snake Plant","floor":21,"turns":1}],"seed_played":"-8997944671360709271","potions_obtained":[{"floor":2,"key":"AttackPotion"},{"floor":3,"key":"AttackPotion"},{"floor":5,"key":"SteroidPotion"},{"floor":8,"key":"Ancient Potion"},{"floor":14,"key":"SkillPotion"}],"is_trial":false,"path_per_floor":["M","M","M","?","M","R","E","M","T","R","$","E","R","M","R","B",null,"M","?","M","M"],"character_chosen":"DEFECT","items_purchased":["War Paint"],"campfire_rested":1,"item_purchase_floors":[11],"current_hp_per_floor":[59,59,59,59,52,52,43,43,43,43,43,25,25,25,45,11,54,45,45,24,0],"gold":104,"neow_bonus":"REMOVE_TWO","is_prod":false,"is_daily":false,"chose_seed":false,"campfire_upgraded":3,"win_rate":0,"timestamp":1541571542,"path_taken":["M","M","M","?","M","R","E","M","T","R","$","E","R","?","R","BOSS","M","?","M","M"],"build_version":"2018-11-01","purchased_purges":1,"victory":false,"max_hp_per_floor":[68,68,68,68,68,68,68,68,68,68,68,68,68,68,68,68,68,68,68,68,68],"card_choices":[{"not_picked":["Go for the Eyes","Rebound"],"picked":"Cold Snap","floor":1},{"not_picked":["Self Repair","Compile Driver"],"picked":"Fusion","floor":2},{"not_picked":["Scrape","Go for the Eyes"],"picked":"Coolheaded","floor":3},{"not_picked":["Compile Driver","Buffer"],"picked":"Leap","floor":5},{"not_picked":["Turbo","Gash"],"picked":"Barrage","floor":7},{"not_picked":["Melter","Streamline","Sweeping Beam"],"picked":"SKIP","floor":8},{"not_picked":["Undo","Buffer"],"picked":"Echo Form","floor":12},{"not_picked":["Ball Lightning","Consume"],"picked":"Recycle","floor":14},{"not_picked":["Streamline","Blizzard","Gash"],"picked":"SKIP","floor":18},{"not_picked":["Stack","Beam Cell","Hologram"],"picked":"SKIP","floor":20}],"player_experience":634166,"relics_obtained":[{"floor":7,"key":"Centennial Puzzle"},{"floor":9,"key":"Ancient Tea Set"},{"floor":12,"key":"PreservedInsect"}],"event_choices":[{"damage_healed":0,"gold_gain":0,"player_choice":"2 cards matched","damage_taken":0,"max_hp_gain":0,"max_hp_loss":0,"event_name":"Match and Keep!","floor":4,"gold_loss":0,"cards_obtained":["Sweeping Beam","Electrodynamics"]},{"damage_healed":0,"gold_gain":0,"player_choice":"Ignored","damage_taken":0,"max_hp_gain":0,"max_hp_loss":0,"event_name":"Vampires","floor":19,"gold_loss":0}],"is_beta":false,"boss_relics":[{"not_picked":["Astrolabe","Coffee Dripper"],"picked":"Ectoplasm"}],"items_purged_floors":[11],"is_endless":false,"potions_floor_spawned":[2,3,5,8,14],"killed_by":"Snake Plant","ascension_level":10}