{"gold_per_floor":[112,122,139,153,0,0,27,27,27,27,37,37,37,37,37,135,135,155,171,183,69,69,102,102,133,133,133,93,125,125,144,144,240,240,250,266,313,13,26,53,53,65,65,65,65,99,128,128,128,128],"floor_reached":50,"playtime":4305,"items_purged":["Strike_B"],"score":859,"play_id":"5fb6fe43-62ad-4818-876c-8cc9fa069712","local_time":"20190912185219","is_ascension_mode":true,"campfire_choices":[{"floor":6,"key":"REST"},{"data":"Zap","floor":8,"key":"SMITH"},{"data":"Rip and Tear","floor":10,"key":"SMITH"},{"floor":15,"key":"REST"},{"floor":24,"key":"REST"},{"data":"Fission","floor":27,"key":"SMITH"},{"data":"Hyperbeam","floor":30,"key":"SMITH"},{"data":"Recycle","floor":32,"key":"SMITH"},{"floor":41,"key":"REST"},{"floor":44,"key":"REST"},{"data":"Seek","floor":45,"key":"SMITH"},{"floor":49,"key":"REST"}],"neow_cost":"PERCENT_DAMAGE","seed_source_timestamp":248005829037600,"circlet_count":0,"master_deck":["Zap+1","Compile Driver","Self Repair+1","Ball Lightning","FTL","Rip and Tear+1","Genetic Algorithm","Ball Lightning","Echo Form+1","Hyperbeam+1","Hello World","Fission+1","Recycle+1","Rip and Tear","Force Field","Genetic Algorithm","Cold Snap+1","Turbo","Coolheaded+1","Undo","Sweeping Beam","Conserve Battery+1","Chaos+1","Seek+1","Undo","Static Discharge","Reinforced Body","Core Surge","Hologram+1","Double Energy+1","Darkness+1"],"relics":["FrozenCore","Incense Burner","Bronze Scales","The Courier","Pandora\u0027s Box","Du-Vu Doll","Pear","DataDisk","PreservedInsect","WingedGreaves","Oddly Smooth Stone","Strawberry","Smiling Mask","Dodecahedron","Anchor","Art of War"],"potions_floor_usage":[4,11,37,40,42,50],"damage_taken":[{"damage":2,"enemies":"2 Louse","floor":1,"turns":3},{"damage":0,"enemies":"Cultist","floor":2,"turns":4},{"damage":2,"enemies":"Jaw Worm","floor":3,"turns":5},{"damage":38,"enemies":"Gremlin Gang","floor":4,"turns":5},{"damage":29,"enemies":"Gremlin Nob","floor":7,"turns":4},{"damage":12,"enemies":"Exordium Wildlife","floor":11,"turns":3},{"damage":17,"enemies":"Hexaghost","floor":16,"turns":8},{"damage":24,"enemies":"Shell Parasite","floor":18,"turns":6},{"damage":14,"enemies":"2 Thieves","floor":19,"turns":3},{"damage":12,"enemies":"Snake Plant","floor":20,"turns":5},{"damage":12,"enemies":"Book of Stabbing","floor":23,"turns":5},{"damage":3,"enemies":"Gremlin Leader","floor":25,"turns":7},{"damage":17,"enemies":"Slavers","floor":29,"turns":7},{"damage":2,"enemies":"Centurion and Healer","floor":31,"turns":11},{"damage":0,"enemies":"Automaton","floor":33,"turns":10},{"damage":0,"enemies":"3 Shapes","floor":35,"turns":6},{"damage":4,"enemies":"3 Darklings","floor":36,"turns":5},{"damage":38,"enemies":"2 Orb Walkers","floor":37,"turns":7},{"damage":10,"enemies":"Sphere and 2 Shapes","floor":39,"turns":6},{"damage":47,"enemies":"Giant Head","floor":40,"turns":10},{"damage":46,"enemies":"Writhing Mass","floor":42,"turns":8},{"damage":0,"enemies":"Reptomancer","floor":46,"turns":6},{"damage":49,"enemies":"Giant Head","floor":47,"turns":10},{"damage":63,"enemies":"Donu and Deca","floor":50,"turns":10}],"seed_played":"-2562252043402588525","potions_obtained":[{"floor":1,"key":"Block Potion"},{"floor":4,"key":"Ancient Potion"},{"floor":7,"key":"AttackPotion"},{"floor":20,"key":"Regen Potion"},{"floor":37,"key":"Weak Potion"},{"floor":46,"key":"Explosive Potion"}],"is_trial":false,"path_per_floor":["M","M","M","M","$","R","E","R","T","R","M","?","?","$","R","B",null,"M","M","M","$","?","E","R","E","T","R","?","E","R","M","R","B",null,"M","M","?","$","M","E","R","M","T","R","R","E","E","?","R","B"],"character_chosen":"DEFECT","items_purchased":["Rip and Tear","Undo","Sweeping Beam","PowerPotion","Oddly Smooth Stone","Reinforced Body","Strawberry"],"campfire_rested":6,"item_purchase_floors":[5,21,21,21,38,38,38],"current_hp_per_floor":[48,48,53,15,15,37,15,15,15,15,10,10,10,10,32,15,60,43,36,38,38,38,26,48,69,69,69,69,72,72,85,85,85,85,85,81,53,60,50,23,50,39,39,66,66,86,37,37,63,0],"gold":128,"neow_bonus":"ONE_RARE_RELIC","is_prod":false,"is_daily":false,"chose_seed":false,"campfire_upgraded":6,"win_rate":0,"timestamp":1568339539,"path_taken":["M","M","M","M","$","R","E","R","T","R","M","?","?","$","R","BOSS","M","?","M","$","?","E","R","E","T","R","?","E","R","M","R","BOSS","M","?","?","$","M","E","R","M","T","R","R","E","E","?","R","BOSS"],"build_version":"2019-07-17","purchased_purges":1,"victory":false,"max_hp_per_floor":[75,75,75,75,75,75,75,75,75,75,75,75,75,75,75,75,75,75,75,75,75,75,75,75,85,85,85,85,85,85,85,85,85,85,85,85,85,92,92,92,92,92,92,92,92,92,92,87,87,87],"card_choices":[{"not_picked":["Steam Power","Aggregate"],"picked":"Compile Driver","floor":1},{"not_picked":["Skim","Conserve Battery"],"picked":"Self Repair","floor":2},{"not_picked":["Scrape","Loop"],"picked":"Ball Lightning","floor":3},{"not_picked":["Skim","Storm"],"picked":"FTL","floor":4},{"not_picked":["Rebound","Self Repair"],"picked":"Genetic Algorithm","floor":7},{"not_picked":["Force Field","Sweeping Beam"],"picked":"Ball Lightning","floor":11},{"not_picked":["Creative AI","Thunder Strike"],"picked":"Hyperbeam","floor":16},{"not_picked":["Gash+1","Hologram+1"],"picked":"Cold Snap+1","floor":18},{"not_picked":["Force Field","Go for the Eyes"],"picked":"Turbo","floor":19},{"not_picked":["Steam","Stack+1"],"picked":"Coolheaded+1","floor":20},{"not_picked":["Rainbow","Coolheaded"],"picked":"Conserve Battery+1","floor":23},{"not_picked":["Chill","Heatsinks"],"picked":"Chaos+1","floor":25},{"not_picked":["Sweeping Beam","Tempest+1","Chaos"],"picked":"SKIP","floor":29},{"not_picked":["Turbo","Chaos","Conserve Battery"],"picked":"SKIP","floor":31},{"not_picked":["Multi-Cast","Core Surge"],"picked":"Seek","floor":33},{"not_picked":["Stack","Compile Driver+1"],"picked":"Undo","floor":35},{"not_picked":["Cold Snap+1","Conserve Battery+1"],"picked":"Static Discharge","floor":36},{"not_picked":["Streamline","Storm+1"],"picked":"Core Surge","floor":39},{"not_picked":["Compile Driver+1","Barrage+1"],"picked":"Hologram+1","floor":40},{"not_picked":["Rebound+1","Melter"],"picked":"Double Energy+1","floor":42},{"not_picked":["Redo+1","Steam","Cold Snap"],"picked":"SKIP","floor":46},{"not_picked":["Leap+1","Conserve Battery+1"],"picked":"Darkness+1","floor":47}],"player_experience":504531,"relics_obtained":[{"floor":7,"key":"Bronze Scales"},{"floor":9,"key":"The Courier"},{"floor":23,"key":"Du-Vu Doll"},{"floor":25,"key":"Pear"},{"floor":26,"key":"DataDisk"},{"floor":29,"key":"PreservedInsect"},{"floor":37,"key":"WingedGreaves"},{"floor":40,"key":"Smiling Mask"},{"floor":43,"key":"Dodecahedron"},{"floor":46,"key":"Anchor"},{"floor":47,"key":"Art of War"}],"event_choices":[{"damage_healed":0,"gold_gain":0,"cards_transformed":["Strike_B"],"player_choice":"Change","damage_taken":0,"max_hp_gain":0,"max_hp_loss":0,"event_name":"Living Wall","floor":12,"gold_loss":0,"cards_obtained":["Echo Form"]},{"damage_healed":0,"gold_gain":0,"player_choice":"Upgraded","damage_taken":0,"max_hp_gain":0,"max_hp_loss":0,"event_name":"Upgrade Shrine","floor":13,"gold_loss":0,"cards_upgraded":["Echo Form"]},{"cards_removed":["Dualcast"],"damage_healed":0,"gold_gain":0,"player_choice":"Elegance","damage_taken":0,"max_hp_gain":0,"max_hp_loss":0,"event_name":"Back to Basics","floor":22,"gold_loss":0},{"damage_healed":0,"gold_gain":0,"player_choice":"Upgrade","damage_taken":0,"max_hp_gain":0,"max_hp_loss":0,"event_name":"Designer","floor":28,"gold_loss":40,"cards_upgraded":["Self Repair"]},{"damage_healed":0,"gold_gain":0,"player_choice":"Fight","damage_taken":0,"max_hp_gain":0,"max_hp_loss":0,"event_name":"Mysterious Sphere","floor":37,"gold_loss":0},{"damage_healed":0,"gold_gain":0,"player_choice":"Max HP","damage_taken":0,"max_hp_gain":0,"max_hp_loss":5,"event_name":"Winding Halls","floor":48,"gold_loss":0}],"is_beta":false,"boss_relics":[{"not_picked":["Lizard Tail","Fusion Hammer"],"picked":"Pandora\u0027s Box"},{"not_picked":["Calling Bell","Tiny House"],"picked":"FrozenCore"}],"items_purged_floors":[5],"is_endless":false,"potions_floor_spawned":[1,4,7,20,29,33,36,37,46],"killed_by":"Donu and Deca","ascension_level":6}