{"gold_per_floor":[109,121,121,134,134,134,134,134,134,168,168,168,13,45,45,142,142,153,43,142,142,142,142,153,185,185,185,202,227,227,75,75,179,179,191,191,114,127,138,138,163,163,163,163,173,14,29,129,129,129],"floor_reached":51,"playtime":4228,"items_purged":["Strike_G"],"score":1225,"play_id":"16fd2965-d819-4abc-8648-6648dfc10afb","local_time":"20190819155354","is_ascension_mode":true,"campfire_choices":[{"floor":6.0,"key":"REST"},{"data":"Dodge and Roll","floor":8.0,"key":"SMITH"},{"data":"Dodge and Roll","floor":11.0,"key":"SMITH"},{"data":"Well Laid Plans","floor":15.0,"key":"SMITH"},{"data":"Noxious Fumes","floor":23,"key":"SMITH"},{"floor":27,"key":"REST"},{"floor":32,"key":"REST"},{"data":"Catalyst","floor":40,"key":"SMITH"},{"floor":42,"key":"REST"},{"data":"Footwork","floor":44,"key":"SMITH"},{"floor":49,"key":"REST"}],"neow_cost":"PERCENT_DAMAGE","seed_source_timestamp":354237751252900,"circlet_count":0,"master_deck":["Strike_G+1","Defend_G+1","Defend_G+1","Defend_G+1","Defend_G+1","Defend_G+1","Survivor","Neutralize","Infinite Blades","Venomology","Deadly Poison+1","Dodge and Roll+1","Dodge and Roll+1","Blur","Well Laid Plans+1","Escape Plan","Corpse Explosion","Noxious Fumes","Bouncing Flask","Noxious Fumes+1","Underhanded Strike+1","Footwork+1","Dash","Footwork+1","Night Terror","Backflip","Acrobatics","Catalyst+1","Catalyst+1","Footwork","Prepared+1"],"special_seed":0,"relics":["Ring of the Snake","Lantern","Pantograph","WingedGreaves","Blood Vial","Snecko Eye","Boot","Pen Nib","Paper Crane","Busted Crown","Happy Flower","Toxic Egg 2"],"potions_floor_usage":[25,25,29,29,33,35,35,39,41,45,50],"damage_taken":[{"damage":0.0,"enemies":"Jaw Worm","floor":1.0,"turns":6.0},{"damage":0.0,"enemies":"Small Slimes","floor":2.0,"turns":3.0},{"damage":3.0,"enemies":"2 Louse","floor":4.0,"turns":4.0},{"damage":6.0,"enemies":"Lagavulin","floor":10.0,"turns":5.0},{"damage":12.0,"enemies":"3 Sentries","floor":14.0,"turns":10.0},{"damage":6.0,"enemies":"The Guardian","floor":16.0,"turns":11.0},{"damage":0.0,"enemies":"Chosen","floor":18.0,"turns":10.0},{"damage":24,"enemies":"3 Byrds","floor":24,"turns":4},{"damage":35,"enemies":"Gremlin Leader","floor":25,"turns":5},{"damage":14,"enemies":"Sentry and Sphere","floor":28,"turns":4},{"damage":5,"enemies":"Slavers","floor":29,"turns":3},{"damage":0,"enemies":"Collector","floor":33,"turns":8},{"damage":5,"enemies":"Orb Walker","floor":35,"turns":5},{"damage":0,"enemies":"3 Shapes","floor":38,"turns":5},{"damage":8,"enemies":"Writhing Mass","floor":39,"turns":6},{"damage":57,"enemies":"Reptomancer","floor":41,"turns":3},{"damage":9,"enemies":"3 Darklings","floor":45,"turns":4},{"damage":1,"enemies":"Sphere and 2 Shapes","floor":47,"turns":4},{"damage":4,"enemies":"Time Eater","floor":50,"turns":8}],"seed_played":"7932585384254253574","potions_obtained":[{"floor":4.0,"key":"SpeedPotion"},{"floor":10.0,"key":"SpeedPotion"},{"floor":14.0,"key":"EssenceOfSteel"},{"floor":24,"key":"FearPotion"},{"floor":28,"key":"Fire Potion"},{"floor":38,"key":"Dexterity Potion"},{"floor":41,"key":"PowerPotion"},{"floor":45,"key":"GhostInAJar"}],"is_trial":false,"path_per_floor":["M","M","?","M","?","R","?","R","T","E","R","?","$","E","R","B",null,"M","$","?","?","?","R","M","E","T","R","M","E","?","$","R","B",null,"M","?","$","M","M","R","E","R","T","R","M","$","M","?","R","B",null],"character_chosen":"THE_SILENT","items_purchased":["Well Laid Plans","Bouncing Flask","Noxious Fumes","Dash","Footwork","Backflip","Acrobatics","Catalyst+1","Footwork"],"campfire_rested":5,"item_purchase_floors":[13,19,19,31,31,37,37,46,46],"current_hp_per_floor":[45,45,42,39,25,46,46,46,46,40,40,40,40,28,28,49,65,67,67,67,67,67,67,45,12,12,33,21,18,18,18,39,66,69,65,65,65,67,61,61,6,27,27,27,20,20,21,21,42,65],"gold":129,"neow_bonus":"TRANSFORM_TWO_CARDS","is_prod":false,"is_daily":false,"chose_seed":false,"campfire_upgraded":6,"win_rate":0,"timestamp":1566222834,"path_taken":["M","M","?","M","?","R","?","R","T","E","R","?","$","E","R","BOSS","M","$","?","?","?","R","M","E","T","R","M","E","?","$","R","BOSS","M","?","$","M","M","R","E","R","T","R","M","$","?","?","R","BOSS"],"build_version":"2019-07-17","purchased_purges":1,"victory":true,"max_hp_per_floor":[70,70,70,70,70,70,70,70,70,70,70,70,70,70,70,70,70,70,70,70,70,70,70,70,70,70,70,70,70,70,70,70,70,70,70,70,70,70,70,70,70,70,70,70,70,70,70,70,70,70],"card_choices":[{"not_picked":["Acrobatics","Backflip"],"picked":"Deadly Poison","floor":1.0},{"not_picked":["Acrobatics","Blade Dance"],"picked":"Dodge and Roll","floor":2.0},{"not_picked":["Eviscerate","Terror"],"picked":"Dodge and Roll","floor":4.0},{"not_picked":["Reflex","Backstab"],"picked":"Blur","floor":10.0},{"not_picked":["Storm of Steel","Well Laid Plans"],"picked":"Escape Plan","floor":14.0},{"not_picked":["Burst","Die Die Die"],"picked":"Corpse Explosion","floor":16.0},{"not_picked":["Accuracy","Leg Sweep"],"picked":"Noxious Fumes","floor":18.0},{"not_picked":["PiercingWail","Dodge and Roll+1","Bane"],"picked":"SKIP","floor":24},{"not_picked":["Setup+1","Escape Plan","Dagger Throw"],"picked":"SKIP","floor":25},{"not_picked":["PiercingWail","Dagger Throw"],"picked":"Underhanded Strike+1","floor":28},{"not_picked":["Slice","Setup"],"picked":"Footwork+1","floor":29},{"not_picked":["A Thousand Cuts","Phantasmal Killer"],"picked":"Night Terror","floor":33},{"not_picked":["Blade Dance"],"picked":"SKIP","floor":35},{"not_picked":["Infinite Blades"],"picked":"SKIP","floor":38},{"not_picked":[],"picked":"Catalyst","floor":39},{"not_picked":["Sucker Punch"],"picked":"SKIP","floor":41},{"not_picked":["Slice"],"picked":"SKIP","floor":45},{"not_picked":[],"picked":"Prepared+1","floor":47}],"player_experience":104475,"relics_obtained":[{"floor":9.0,"key":"Pantograph"},{"floor":10.0,"key":"WingedGreaves"},{"floor":14.0,"key":"Blood Vial"},{"floor":25,"key":"Boot"},{"floor":26,"key":"Pen Nib"},{"floor":29,"key":"Paper Crane"},{"floor":41,"key":"Happy Flower"},{"floor":43,"key":"Toxic Egg 2"}],"event_choices":[{"damage_healed":0.0,"max_hp_gain":0.0,"max_hp_loss":0.0,"gold_gain":0.0,"event_name":"Scrap Ooze","player_choice":"Success","floor":3.0,"gold_loss":0.0,"damage_taken":3.0,"relics_obtained":["Lantern"]},{"damage_healed":0.0,"max_hp_gain":0.0,"max_hp_loss":0.0,"gold_gain":0.0,"event_name":"Shining Light","player_choice":"Entered Light","floor":5.0,"gold_loss":0.0,"damage_taken":14.0,"cards_upgraded":["Defend_G","Deadly Poison"]},{"damage_healed":0.0,"max_hp_gain":0.0,"max_hp_loss":0.0,"gold_gain":0.0,"event_name":"Liars Game","player_choice":"Ignored","floor":7.0,"gold_loss":0.0,"damage_taken":0.0},{"cards_removed":["Strike_G"],"damage_healed":0.0,"max_hp_gain":0.0,"max_hp_loss":0.0,"gold_gain":0.0,"event_name":"Living Wall","player_choice":"Forget","floor":12.0,"gold_loss":0.0,"damage_taken":0.0},{"damage_healed":0.0,"max_hp_gain":0.0,"max_hp_loss":0.0,"gold_gain":99.0,"event_name":"Nest","player_choice":"Stole From Cult","floor":20.0,"gold_loss":0.0,"damage_taken":0.0},{"damage_healed":0.0,"max_hp_gain":0.0,"max_hp_loss":0.0,"gold_gain":0.0,"event_name":"Back to Basics","player_choice":"Simplicity","floor":21.0,"gold_loss":0.0,"damage_taken":0.0,"cards_upgraded":["Strike_G","Defend_G","Defend_G","Defend_G","Defend_G"]},{"damage_healed":0,"gold_gain":0,"player_choice":"Ignored","damage_taken":0,"max_hp_gain":0,"max_hp_loss":0,"event_name":"The Mausoleum","floor":22,"gold_loss":0},{"damage_healed":0,"gold_gain":0,"player_choice":"Ignored","damage_taken":0,"max_hp_gain":0,"max_hp_loss":0,"event_name":"Vampires","floor":30,"gold_loss":0},{"damage_healed":0,"gold_gain":0,"player_choice":"Ignored","damage_taken":0,"max_hp_gain":0,"max_hp_loss":0,"event_name":"SecretPortal","floor":36,"gold_loss":0},{"damage_healed":0,"gold_gain":100,"player_choice":"Pray","damage_taken":0,"max_hp_gain":0,"max_hp_loss":0,"event_name":"Golden Shrine","floor":48,"gold_loss":0}],"is_beta":false,"boss_relics":[{"not_picked":["HoveringKite","Runic Dome"],"picked":"Snecko Eye"},{"not_picked":["Fusion Hammer","Lizard Tail"],"picked":"Busted Crown"}],"items_purged_floors":[13],"is_endless":false,"potions_floor_spawned":[4,10,14,24,28,38,41,45,47],"ascension_level":6}