{"gold_per_floor":[110,23,23,35,310,337,348,382,382,382,398,398,413,413,413,413],"floor_reached":16,"playtime":612,"items_purged":[],"score":257,"play_id":"e601c8a5-0b2d-45ce-b00d-c53c0dd29fcc","local_time":"20190827102912","is_ascension_mode":true,"campfire_choices":[{"floor":10,"key":"REST"},{"floor":12,"key":"REST"},{"data":"Footwork","floor":15,"key":"SMITH"}],"neow_cost":"NONE","seed_source_timestamp":5278276473443,"circlet_count":0,"master_deck":["AscendersBane","Strike_G","Strike_G","Strike_G","Strike_G","Strike_G","Defend_G","Defend_G","Defend_G","Defend_G","Defend_G","Survivor","Neutralize","Acrobatics","Bouncing Flask","Blur","Regret","Footwork+1","Cloak And Dagger","Dodge and Roll","Deflect","Blur"],"relics":["Ring of the Snake","NeowsBlessing","Letter Opener","Juzu Bracelet","Sundial"],"potions_floor_usage":[8,16],"damage_taken":[{"damage":0,"enemies":"Cultist","floor":1,"turns":1},{"damage":0,"enemies":"Small Slimes","floor":4,"turns":1},{"damage":0,"enemies":"Gremlin Nob","floor":6,"turns":1},{"damage":4,"enemies":"Jaw Worm","floor":7,"turns":4},{"damage":50,"enemies":"3 Sentries","floor":8,"turns":14},{"damage":10,"enemies":"Exordium Wildlife","floor":11,"turns":8},{"damage":3,"enemies":"Blue Slaver","floor":13,"turns":4},{"damage":39,"enemies":"Slime Boss","floor":16,"turns":12}],"seed_played":"-4618722033810119230","potions_obtained":[{"floor":6,"key":"Dexterity Potion"},{"floor":8,"key":"Strength Potion"},{"floor":13,"key":"GamblersBrew"}],"is_trial":false,"path_per_floor":["M","$","?","M","?","E","M","E","T","R","M","R","M","?","R","B"],"character_chosen":"THE_SILENT","items_purchased":["Bouncing Flask"],"campfire_rested":2,"item_purchase_floors":[2],"current_hp_per_floor":[59,59,64,64,64,64,60,10,10,31,21,42,39,39,39,0],"gold":413,"neow_bonus":"THREE_ENEMY_KILL","is_prod":false,"is_daily":false,"chose_seed":false,"campfire_upgraded":1,"win_rate":0,"timestamp":1566865752,"path_taken":["M","$","?","M","?","E","?","E","T","R","M","R","M","?","R","BOSS"],"build_version":"2019-07-17","purchased_purges":0,"victory":false,"max_hp_per_floor":[66,66,71,71,71,71,71,71,71,71,71,71,71,71,71,71],"card_choices":[{"not_picked":["Underhanded Strike","Eviscerate"],"picked":"Acrobatics","floor":1},{"not_picked":["Deflect","Concentrate"],"picked":"Blur","floor":4},{"not_picked":["Glass Knife","Blade Dance"],"picked":"Footwork","floor":6},{"not_picked":["Blade Dance","Backflip"],"picked":"Cloak And Dagger","floor":7},{"not_picked":["Calculated Gamble","Acrobatics"],"picked":"Dodge and Roll","floor":8},{"not_picked":["Choke","Poisoned Stab"],"picked":"Deflect","floor":11},{"not_picked":["Flying Knee","Skewer"],"picked":"Blur","floor":13}],"player_experience":1226772,"relics_obtained":[{"floor":6,"key":"Letter Opener"},{"floor":8,"key":"Juzu Bracelet"},{"floor":9,"key":"Sundial"}],"event_choices":[{"damage_healed":0,"gold_gain":0,"player_choice":"Donut","damage_taken":0,"max_hp_gain":5,"max_hp_loss":0,"event_name":"Big Fish","floor":3,"gold_loss":0},{"damage_healed":0,"gold_gain":275,"player_choice":"Desecrate","damage_taken":0,"max_hp_gain":0,"max_hp_loss":0,"event_name":"Golden Shrine","floor":5,"gold_loss":0,"cards_obtained":["Regret"]},{"damage_healed":0,"gold_gain":0,"player_choice":"Ignored","damage_taken":0,"max_hp_gain":0,"max_hp_loss":0,"event_name":"Liars Game","floor":14,"gold_loss":0}],"is_beta":false,"boss_relics":[],"items_purged_floors":[],"is_endless":false,"potions_floor_spawned":[6,8,13],"killed_by":"Slime Boss","ascension_level":18}