{"gold_per_floor":[217,49,64,64,82,82,112,129,129,129,54,54,54,1,1,106,106,106,46,46,46,46,46,46,46,46,46,46,46,46,46],"floor_reached":31,"playtime":2808,"items_purged":["Strike_G"],"score":471,"play_id":"d79f5a8b-1289-403d-bddc-1f1035d0bdda","local_time":"20181127010640","is_ascension_mode":true,"campfire_choices":[{"data":"Cloak And Dagger","floor":6.0,"key":"SMITH"},{"data":"Outmaneuver","floor":10.0,"key":"SMITH"},{"data":"Underhanded Strike","floor":13.0,"key":"SMITH"},{"data":"Dagger Throw","floor":15.0,"key":"SMITH"},{"floor":23.0,"key":"REST"},{"floor":27,"key":"REST"}],"neow_cost":"NONE","seed_source_timestamp":0,"circlet_count":0,"master_deck":["AscendersBane","Defend_G","Defend_G","Defend_G","Defend_G","Defend_G","Strike_G","Strike_G","Strike_G","Strike_G","Survivor","Neutralize","Cloak And Dagger+1","Panache+1","Outmaneuver+1","Dagger Throw+1","Underhanded Strike+1","Backflip+1","Malaise","Endless Agony","Deflect","Cloak And Dagger","Calculated Gamble","Slice","Expertise+1","Blade Dance","Leg Sweep+1"],"special_seed":0,"relics":["Ring of the Snake","Darkstone Periapt","Sundial","Ectoplasm","Matryoshka","Art of War","Strawberry","Oddly Smooth Stone"],"potions_floor_usage":[25,25],"damage_taken":[{"damage":1.0,"enemies":"Jaw Worm","floor":1.0,"turns":6.0},{"damage":0.0,"enemies":"Cultist","floor":3.0,"turns":6.0},{"damage":0.0,"enemies":"Small Slimes","floor":5.0,"turns":3.0},{"damage":39.0,"enemies":"Lagavulin","floor":7.0,"turns":7.0},{"damage":4.0,"enemies":"Red Slaver","floor":8.0,"turns":4.0},{"damage":27.0,"enemies":"The Guardian","floor":16.0,"turns":13.0},{"damage":10.0,"enemies":"3 Byrds","floor":18.0,"turns":6.0},{"damage":6.0,"enemies":"2 Thieves","floor":19.0,"turns":5.0},{"damage":3.0,"enemies":"Snake Plant","floor":20.0,"turns":6.0},{"damage":7.0,"enemies":"Centurion and Healer","floor":21.0,"turns":7.0},{"damage":20.0,"enemies":"Shelled Parasite and Fungi","floor":22.0,"turns":5.0},{"damage":0.0,"enemies":"Book of Stabbing","floor":24.0,"turns":7.0},{"damage":15,"enemies":"Snake Plant","floor":25,"turns":3},{"damage":31,"enemies":"Slavers","floor":28,"turns":11},{"damage":1,"enemies":"Sentry and Sphere","floor":29,"turns":4},{"damage":10,"enemies":"Centurion and Healer","floor":30,"turns":7},{"damage":10,"enemies":"3 Cultists","floor":31,"turns":3}],"seed_played":"-5578290208372598925","potions_obtained":[{"floor":1.0,"key":"FearPotion"},{"floor":3.0,"key":"Fire Potion"},{"floor":5.0,"key":"Regen Potion"},{"floor":19.0,"key":"Weak Potion"},{"floor":20.0,"key":"GhostInAJar"},{"floor":21.0,"key":"Fire Potion"},{"floor":24.0,"key":"Fire Potion"}],"is_trial":false,"path_per_floor":["M","$","M","?","M","R","E","M","T","R","$","?","R","?","R","B",null,"M","M","M","M","M","R","E","M","T","R","E","M","M","M"],"character_chosen":"THE_SILENT","items_purchased":["Panache"],"campfire_rested":2,"item_purchase_floors":[2],"current_hp_per_floor":[62,62,62,62,62,62,37,33,33,33,33,33,33,33,33,6,54,44,38,35,28,8,29,29,14,21,44,13,12,2,0],"gold":46,"neow_bonus":"HUNDRED_GOLD","is_prod":false,"is_daily":false,"chose_seed":false,"campfire_upgraded":4,"win_rate":0,"timestamp":1543298800,"path_taken":["M","$","M","?","M","R","E","?","T","R","$","?","R","?","R","BOSS","M","M","M","M","M","R","E","M","T","R","E","M","M","M"],"build_version":"2018-11-15","purchased_purges":1,"victory":false,"max_hp_per_floor":[70,70,70,70,70,70,70,70,70,70,70,70,70,70,70,70,70,70,70,70,70,70,70,70,70,77,77,77,77,77,77],"card_choices":[{"not_picked":["Terror","Deflect"],"picked":"Cloak And Dagger","floor":1.0},{"not_picked":["Flying Knee","Skewer"],"picked":"Outmaneuver","floor":3.0},{"not_picked":["Skewer","Dodge and Roll"],"picked":"Dagger Throw","floor":5.0},{"not_picked":["Infinite Blades","Dodge and Roll"],"picked":"Underhanded Strike","floor":7.0},{"not_picked":["Flying Knee","Slice"],"picked":"Backflip","floor":8.0},{"not_picked":["Venomology","Unload"],"picked":"Malaise","floor":16.0},{"not_picked":["Poisoned Stab","Sucker Punch"],"picked":"Endless Agony","floor":18.0},{"not_picked":["Dodge and Roll","Crippling Poison","Blur"],"picked":"SKIP","floor":19.0},{"not_picked":["Flying Knee","PiercingWail"],"picked":"Deflect","floor":20.0},{"not_picked":["Night Terror","Deadly Poison"],"picked":"Cloak And Dagger","floor":21.0},{"not_picked":["PiercingWail","Poisoned Stab"],"picked":"Calculated Gamble","floor":22.0},{"not_picked":["All Out Attack","Acrobatics"],"picked":"Slice","floor":24.0},{"not_picked":["Blade Dance","Catalyst"],"picked":"Expertise+1","floor":25},{"not_picked":["Noxious Fumes","Deadly Poison","Dodge and Roll"],"picked":"SKIP","floor":28},{"not_picked":["Sucker Punch","Bane"],"picked":"Blade Dance","floor":29},{"not_picked":["Bane","Caltrops"],"picked":"Leg Sweep+1","floor":30}],"player_experience":717362,"relics_obtained":[{"floor":7.0,"key":"Darkstone Periapt"},{"floor":24.0,"key":"Matryoshka"},{"floor":26,"key":"Art of War"},{"floor":26,"key":"Strawberry"},{"floor":28,"key":"Oddly Smooth Stone"}],"event_choices":[{"damage_healed":0.0,"max_hp_gain":0.0,"max_hp_loss":0.0,"gold_gain":0.0,"event_name":"Accursed Blacksmith","player_choice":"Forge","floor":4.0,"gold_loss":0.0,"damage_taken":0.0,"cards_upgraded":["Panache"]},{"damage_healed":0.0,"max_hp_gain":0.0,"max_hp_loss":0.0,"gold_gain":0.0,"event_name":"Living Wall","player_choice":"Grow","floor":12.0,"gold_loss":0.0,"damage_taken":0.0,"cards_upgraded":["Backflip"]},{"damage_healed":0.0,"max_hp_gain":0.0,"max_hp_loss":0.0,"gold_gain":0.0,"event_name":"WeMeetAgain","player_choice":"Paid Gold","floor":14.0,"gold_loss":53.0,"damage_taken":0.0,"relics_obtained":["Sundial"]}],"is_beta":false,"boss_relics":[{"not_picked":["Runic Pyramid","WristBlade"],"picked":"Ectoplasm"}],"items_purged_floors":[11],"is_endless":false,"potions_floor_spawned":[1,3,5,19,20,21,24],"killed_by":"3 Cultists","ascension_level":11}