{"gold_per_floor":[113,263,274,274,290,290,304,304],"floor_reached":8,"playtime":324,"items_purged":[],"score":91,"play_id":"8dde7043-c5d4-4be1-a31e-75ee32a54def","local_time":"20190825114409","is_ascension_mode":true,"campfire_choices":[{"floor":6,"key":"DIG"}],"neow_cost":"TEN_PERCENT_HP_LOSS","seed_source_timestamp":20848535435705,"circlet_count":0,"master_deck":["AscendersBane","Strike_R","Strike_R","Strike_R","Strike_R","Strike_R","Defend_R","Defend_R","Defend_R","Defend_R","Bash","Shrug It Off","Pommel Strike","Armaments","Intimidate"],"relics":["Burning Blood","Shovel","Meat on the Bone"],"potions_floor_usage":[7,8],"damage_taken":[{"damage":22,"enemies":"Small Slimes","floor":1,"turns":5},{"damage":0,"enemies":"2 Louse","floor":3,"turns":5},{"damage":18,"enemies":"Jaw Worm","floor":5,"turns":4},{"damage":42,"enemies":"Exordium Wildlife","floor":7,"turns":10},{"damage":35,"enemies":"3 Sentries","floor":8,"turns":9}],"seed_played":"6610762965140201856","potions_obtained":[{"floor":3,"key":"BloodPotion"},{"floor":7,"key":"Weak Potion"}],"is_trial":false,"path_per_floor":["M","?","M","?","M","R","M","E"],"character_chosen":"IRONCLAD","items_purchased":[],"campfire_rested":0,"item_purchase_floors":[],"current_hp_per_floor":[52,52,58,51,39,39,32,0],"gold":304,"neow_bonus":"ONE_RARE_RELIC","is_prod":false,"is_daily":false,"chose_seed":false,"campfire_upgraded":0,"win_rate":0,"timestamp":1566697449,"path_taken":["M","?","M","?","M","R","M","E"],"build_version":"2019-07-17","purchased_purges":0,"victory":false,"max_hp_per_floor":[68,68,68,68,68,68,68,68],"card_choices":[{"not_picked":["Headbutt","Whirlwind"],"picked":"Shrug It Off","floor":1},{"not_picked":["Havoc","Thunderclap"],"picked":"Pommel Strike","floor":3},{"not_picked":["Intimidate","Burning Pact"],"picked":"Armaments","floor":5},{"not_picked":["Clothesline","Thunderclap"],"picked":"Intimidate","floor":7}],"player_experience":1216530,"relics_obtained":[{"floor":6,"key":"Meat on the Bone"}],"event_choices":[{"damage_healed":0,"gold_gain":150,"player_choice":"AGREE","damage_taken":0,"max_hp_gain":0,"max_hp_loss":0,"event_name":"Liars Game","floor":2,"gold_loss":0,"cards_obtained":["Doubt"]},{"cards_removed":["Doubt"],"damage_healed":0,"gold_gain":0,"player_choice":"Card Removal","damage_taken":7,"max_hp_gain":0,"max_hp_loss":0,"event_name":"Golden Wing","floor":4,"gold_loss":0}],"is_beta":false,"boss_relics":[],"items_purged_floors":[],"is_endless":false,"potions_floor_spawned":[3,7],"killed_by":"3 Sentries","ascension_level":18}