{"path_per_floor":["M","M","M","M","$","E","R","E","T","M","M","?","E","?","R","B",null,"M","?","M","$","M","E","R","M","T","R","$"],"character_chosen":"IRONCLAD","items_purchased":["Thunderclap","Uppercut","Shrug It Off","Jack Of All Trades","Secret Technique","Warcry","Mind Blast"],"gold_per_floor":[113,132,152,166,37,69,69,102,170,180,198,198,227,296,296,395,395,406,406,416,129,141,176,176,186,186,186,35,35],"floor_reached":29,"campfire_rested":2,"playtime":2315,"current_hp_per_floor":[80,79,77,72,72,17,47,34,34,31,28,80,68,68,76,36,80,71,71,38,38,31,23,74,66,66,80,80,0],"items_purged":[],"gold":35,"score":303,"play_id":"30827844-461a-404b-8fbd-b281daf08fd9","local_time":"20180326012209","is_prod":false,"is_daily":false,"is_ascension_mode":true,"campfire_upgraded":2,"timestamp":1522041729,"path_taken":["M","M","M","M","$","E","R","E","T","M","M","?","E","?","R","BOSS","M","?","M","$","M","E","R","M","T","R","$","E"],"build_version":"2018-03-22v2","purchased_purges":0,"victory":false,"master_deck":["Strike_R+1","Strike_R+1","Strike_R+1","Strike_R+1","Strike_R+1","Defend_R+1","Defend_R+1","Defend_R+1","Defend_R+1","Bash","Cleave","Armaments","Metallicize","Twin Strike","Thunderclap","Uppercut+1","Shrug It Off","Seeing Red","Ghostly Armor","Searing Blow","Pommel Strike","Shrug It Off+1","Barricade+1","Clothesline","Seeing Red+1","Ghostly Armor+1","Shrug It Off+1","True Grit+1","Offering+1","Body Slam","Jack Of All Trades+1","Secret Technique+1","Flex+1","Havoc+1","Twin Strike+1","Warcry+1","Mind Blast"],"max_hp_per_floor":[80,80,80,80,80,80,80,80,80,80,80,80,80,80,80,80,80,80,80,80,80,80,80,80,80,80,80,80,80],"relics":["Eternal Feather","Bag of Marbles","Art of War","Self Forming Clay","Toxic Egg 2","Orrery","Regal Pillow","Omamori"],"card_choices":[{"not_picked":["Burning Pact","Wild Strike"],"picked":"Cleave","floor":1},{"not_picked":["Feed","Sword Boomerang"],"picked":"Armaments","floor":2},{"not_picked":["Entrench","Power Through"],"picked":"Metallicize","floor":3},{"not_picked":["Reaper","Havoc"],"picked":"Twin Strike","floor":4},{"not_picked":["Iron Wave","Bloodletting"],"picked":"Seeing Red","floor":6},{"not_picked":["True Grit","Pummel"],"picked":"Ghostly Armor","floor":8},{"not_picked":["Body Slam","Headbutt"],"picked":"Searing Blow","floor":10},{"not_picked":["Twin Strike","Juggernaut"],"picked":"Pommel Strike","floor":11},{"not_picked":["Clash","Cleave"],"picked":"Shrug It Off","floor":13},{"not_picked":["Offering","Feed"],"picked":"Barricade","floor":16},{"not_picked":["Armaments","Metallicize"],"picked":"Clothesline","floor":17},{"not_picked":["Blood for Blood","Wild Strike"],"picked":"Seeing Red","floor":17},{"not_picked":["Sword Boomerang","Wild Strike"],"picked":"Ghostly Armor","floor":17},{"not_picked":["Dual Wield","Metallicize"],"picked":"Shrug It Off","floor":17},{"not_picked":["Clash","Heavy Blade"],"picked":"True Grit","floor":17},{"not_picked":["Fire Breathing","Shrug It Off"],"picked":"Offering","floor":18},{"not_picked":["Headbutt","Sever Soul"],"picked":"Body Slam","floor":20},{"not_picked":["Corruption","Searing Blow"],"picked":"Flex","floor":22},{"not_picked":["Sentinel","Impervious"],"picked":"Havoc","floor":23},{"not_picked":["Sever Soul","Heavy Blade"],"picked":"Twin Strike","floor":25}],"player_experience":83423,"potions_floor_usage":[8,13,16,16,16,23,23,29],"damage_taken":[{"damage":0,"enemies":"Small Slimes","floor":1,"turns":3},{"damage":1,"enemies":"Cultist","floor":2,"turns":4},{"damage":2,"enemies":"Jaw Worm","floor":3,"turns":4},{"damage":5,"enemies":"3 Louse","floor":4,"turns":4},{"damage":55,"enemies":"Lagavulin","floor":6,"turns":9},{"damage":13,"enemies":"3 Sentries","floor":8,"turns":6},{"damage":3,"enemies":"Exordium Wildlife","floor":10,"turns":3},{"damage":3,"enemies":"Large Slime","floor":11,"turns":7},{"damage":12,"enemies":"Lagavulin","floor":13,"turns":5},{"damage":40,"enemies":"Slime Boss","floor":16,"turns":18},{"damage":9,"enemies":"Shell Parasite","floor":18,"turns":11},{"damage":33,"enemies":"3 Byrds","floor":20,"turns":8},{"damage":7,"enemies":"Snecko","floor":22,"turns":6},{"damage":8,"enemies":"Slavers","floor":23,"turns":4},{"damage":8,"enemies":"Centurion and Healer","floor":25,"turns":12},{"damage":84,"enemies":"Gremlin Leader","floor":29,"turns":6}],"event_choices":[{"event_name":"Wheel of Change","player_choice":"Full Heal","floor":12,"damage_taken":0},{"event_name":"Golden Wing","player_choice":"Gained Gold","floor":14,"damage_taken":0},{"event_name":"Back to Basics","player_choice":"Simplicity","floor":19,"damage_taken":0}],"boss_relics":[{"not_picked":["Snecko Eye","Black Star"],"picked":"Orrery"}],"potions_floor_spawned":[2,6,8,11,13,16,20,23],"seed_played":"-4026012043569113836","killed_by":"Gremlin Leader","ascension_level":1,"is_trial":false}