{"gold_per_floor":[110,122,122,142,154,154,171,199,199,241,279,291,303,346,358,370],"floor_reached":16,"playtime":845,"items_purged":[],"score":193,"play_id":"bc89c37e-8961-4896-9de0-0aafdf08ad04","local_time":"20190519104232","is_ascension_mode":true,"campfire_choices":[{"data":"Zap","floor":6,"key":"SMITH"},{"floor":12,"key":"REST"},{"data":"Blizzard","floor":15,"key":"SMITH"}],"neow_cost":"NONE","seed_source_timestamp":2161329278318759,"circlet_count":0,"master_deck":["AscendersBane","Strike_B","Strike_B","Strike_B","Defend_B","Defend_B","Defend_B","Defend_B","Zap+1","Dualcast","Go for the Eyes","Compile Driver","Chill","Ball Lightning","Stack","Coolheaded","Blizzard+1","Beam Cell"],"relics":["Cracked Core","Boot","Art of War","MawBank","Odd Mushroom","Regal Pillow","Anchor"],"potions_floor_usage":[8,14],"damage_taken":[{"damage":0,"enemies":"2 Louse","floor":1,"turns":2},{"damage":1,"enemies":"Jaw Worm","floor":2,"turns":4},{"damage":1,"enemies":"Cultist","floor":4,"turns":3},{"damage":3,"enemies":"Gremlin Gang","floor":5,"turns":5},{"damage":8,"enemies":"3 Louse","floor":7,"turns":3},{"damage":8,"enemies":"3 Sentries","floor":8,"turns":6},{"damage":15,"enemies":"The Mushroom Lair","floor":10,"turns":5},{"damage":28,"enemies":"Gremlin Nob","floor":14,"turns":4},{"damage":29,"enemies":"Hexaghost","floor":16,"turns":9}],"seed_played":"4601220057118625827","potions_obtained":[{"floor":1,"key":"SpeedPotion"},{"floor":4,"key":"Weak Potion"},{"floor":7,"key":"SteroidPotion"},{"floor":10,"key":"FearPotion"}],"is_trial":false,"path_per_floor":["M","M","?","M","M","R","M","E","T","?","T","R","$","E","R","B"],"character_chosen":"DEFECT","items_purchased":[],"campfire_rested":1,"item_purchase_floors":[],"current_hp_per_floor":[64,63,56,55,52,52,44,36,36,21,21,57,57,29,29,0],"gold":370,"neow_bonus":"RANDOM_COMMON_RELIC","is_prod":false,"is_daily":false,"chose_seed":false,"campfire_upgraded":2,"win_rate":0,"timestamp":1558276952,"path_taken":["M","M","?","M","M","R","M","E","T","?","?","R","$","E","R","BOSS"],"build_version":"2019-01-23","purchased_purges":0,"victory":false,"max_hp_per_floor":[71,71,71,71,71,71,71,71,71,71,71,71,71,71,71,71],"card_choices":[{"not_picked":["Blizzard","White Noise"],"picked":"Go for the Eyes","floor":1},{"not_picked":["Aggregate","Stack"],"picked":"Compile Driver","floor":2},{"not_picked":["Turbo","Heatsinks"],"picked":"Chill","floor":4},{"not_picked":["Reinforced Body","Beam Cell"],"picked":"Ball Lightning","floor":5},{"not_picked":["Sunder","Recycle"],"picked":"Stack","floor":7},{"not_picked":["Hologram","Stack"],"picked":"Coolheaded","floor":8},{"not_picked":["Skim","Hello World"],"picked":"Blizzard","floor":10},{"not_picked":["Conserve Battery","Compile Driver"],"picked":"Beam Cell","floor":14}],"player_experience":1529694,"relics_obtained":[{"floor":8,"key":"Art of War"},{"floor":9,"key":"MawBank"},{"floor":10,"key":"Odd Mushroom"},{"floor":11,"key":"Regal Pillow"},{"floor":14,"key":"Anchor"}],"event_choices":[{"cards_removed":["Strike_B"],"damage_healed":0,"gold_gain":0,"player_choice":"Card Removal","damage_taken":7,"max_hp_gain":0,"max_hp_loss":0,"event_name":"Golden Wing","floor":3,"gold_loss":0},{"damage_healed":0,"gold_gain":0,"player_choice":"Fought Mushrooms","damage_taken":0,"max_hp_gain":0,"max_hp_loss":0,"event_name":"Mushrooms","floor":10,"gold_loss":0}],"is_beta":false,"boss_relics":[],"items_purged_floors":[],"is_endless":false,"potions_floor_spawned":[1,4,7,10],"killed_by":"Hexaghost","ascension_level":15}