{"gold_per_floor":[110,110,185,16,35,69,34,369,392,392,392,404,69,82,82,161,161,171,171,190,190],"floor_reached":21,"playtime":819,"items_purged":["Strike_G"],"score":403,"play_id":"c780a359-5152-4a38-9f24-91f8fd1466ff","local_time":"20181228221927","is_ascension_mode":true,"campfire_choices":[{"data":"Neutralize","floor":11,"key":"SMITH"},{"data":"Dagger Spray","floor":15,"key":"SMITH"}],"neow_cost":"NONE","seed_source_timestamp":680254225960802,"circlet_count":0,"master_deck":["AscendersBane","Defend_G","Defend_G","Defend_G","Defend_G","Defend_G","Strike_G","Strike_G","Strike_G","Strike_G","Survivor","Neutralize+1","Dagger Spray+1","Dagger Spray+1","Flying Knee","Doppelganger+1","Well Laid Plans","Backflip","Burst","Pain","Regret","Clumsy","Die Die Die"],"relics":["Ring of the Snake","NeowsBlessing","Ancient Tea Set","Blood Vial","Old Coin","Vajra","Chemical X","Calling Bell","Dream Catcher","Meat on the Bone","Turnip"],"potions_floor_usage":[18,20,20,20],"damage_taken":[{"damage":0,"enemies":"Jaw Worm","floor":1,"turns":1},{"damage":0,"enemies":"Small Slimes","floor":5,"turns":1},{"damage":0,"enemies":"Gremlin Nob","floor":6,"turns":1},{"damage":25,"enemies":"3 Sentries","floor":8,"turns":8},{"damage":0,"enemies":"2 Louse","floor":12,"turns":1},{"damage":0,"enemies":"2 Fungi Beasts","floor":14,"turns":2},{"damage":9,"enemies":"Slime Boss","floor":16,"turns":9},{"damage":37,"enemies":"Spheric Guardian","floor":18,"turns":5},{"damage":35,"enemies":"2 Thieves","floor":20,"turns":4},{"damage":20,"enemies":"Centurion and Healer","floor":21,"turns":5}],"seed_played":"6222434570673229730","potions_obtained":[{"floor":5,"key":"Swift Potion"},{"floor":12,"key":"Dexterity Potion"},{"floor":18,"key":"Swift Potion"},{"floor":19,"key":"EntropicBrew"}],"is_trial":false,"path_per_floor":["M","?","?","$","M","E","?","E","T","?","R","M","$","M","R","B",null,"M","?","M","M"],"character_chosen":"THE_SILENT","items_purchased":["Ancient Tea Set","Well Laid Plans","Chemical X"],"campfire_rested":0,"item_purchase_floors":[4,13,13],"current_hp_per_floor":[59,64,53,53,53,53,70,46,46,25,25,27,27,29,29,22,59,36,36,15,0],"gold":190,"neow_bonus":"THREE_ENEMY_KILL","is_prod":false,"is_daily":false,"chose_seed":false,"campfire_upgraded":2,"win_rate":0,"timestamp":1546053567,"path_taken":["M","?","?","?","M","E","?","E","T","?","R","M","$","M","R","BOSS","M","?","M","M"],"build_version":"2018-12-20","purchased_purges":1,"victory":false,"max_hp_per_floor":[66,71,71,71,71,71,71,71,71,71,71,71,71,71,71,71,71,71,71,71,71],"card_choices":[{"not_picked":["PiercingWail","Outmaneuver"],"picked":"Dagger Spray","floor":1},{"not_picked":["Endless Agony","Underhanded Strike"],"picked":"Dagger Spray","floor":5},{"not_picked":["Deflect","Riddle With Holes"],"picked":"Flying Knee","floor":6},{"not_picked":["Corpse Explosion","Outmaneuver"],"picked":"Doppelganger","floor":8},{"not_picked":["Underhanded Strike","Blade Dance","Escape Plan"],"picked":"SKIP","floor":12},{"not_picked":["Flying Knee","Dagger Spray"],"picked":"Backflip","floor":14},{"not_picked":["Storm of Steel","Night Terror"],"picked":"Burst","floor":16},{"not_picked":["Slice","Sucker Punch+1","Well Laid Plans"],"picked":"SKIP","floor":18},{"not_picked":["Dodge and Roll","Skewer"],"picked":"Die Die Die","floor":20}],"player_experience":1075907,"relics_obtained":[{"floor":6,"key":"Blood Vial"},{"floor":8,"key":"Old Coin"},{"floor":9,"key":"Vajra"},{"floor":17,"key":"Dream Catcher"},{"floor":17,"key":"Meat on the Bone"},{"floor":17,"key":"Turnip"}],"event_choices":[{"damage_healed":0,"gold_gain":0,"player_choice":"Donut","damage_taken":0,"max_hp_gain":5,"max_hp_loss":0,"event_name":"Big Fish","floor":2,"gold_loss":0},{"damage_healed":0,"gold_gain":75,"player_choice":"Gather Gold","damage_taken":11,"max_hp_gain":0,"max_hp_loss":0,"event_name":"World of Goop","floor":3,"gold_loss":0},{"damage_healed":17,"gold_gain":0,"player_choice":"Healed","damage_taken":0,"max_hp_gain":0,"max_hp_loss":0,"event_name":"The Cleric","floor":7,"gold_loss":35},{"damage_healed":0,"gold_gain":0,"player_choice":"Entered Light","damage_taken":21,"max_hp_gain":0,"max_hp_loss":0,"event_name":"Shining Light","floor":10,"gold_loss":0,"cards_upgraded":["Dagger Spray","Doppelganger"]},{"damage_healed":0,"gold_gain":0,"player_choice":"Got Potions","damage_taken":0,"max_hp_gain":0,"max_hp_loss":0,"event_name":"Lab","floor":19,"gold_loss":0}],"is_beta":false,"boss_relics":[{"not_picked":["White Beast Statue","Orrery"],"picked":"Calling Bell"}],"items_purged_floors":[13],"is_endless":false,"potions_floor_spawned":[5,12,18],"killed_by":"Centurion and Healer","ascension_level":18}