{"gold_per_floor":[115,126,144,144,155,155,190,208,208,220,220,220,238,271,271,271],"floor_reached":16,"playtime":1658,"items_purged":[],"score":217,"play_id":"24e0fde2-4b0f-4a5a-a057-ad8873757d3b","local_time":"20190715161815","is_ascension_mode":true,"campfire_choices":[{"data":"Twin Strike","floor":6,"key":"SMITH"},{"floor":12,"key":"REST"},{"data":"Flame Barrier","floor":15,"key":"SMITH"}],"neow_cost":"NONE","seed_source_timestamp":236212103583355,"circlet_count":0,"master_deck":["AscendersBane","Strike_R","Strike_R","Strike_R","Strike_R","Strike_R","Defend_R","Defend_R","Defend_R","Defend_R","Bash+1","Headbutt","Iron Wave","Thunderclap","Twin Strike+1","Metallicize","Hemokinesis","Battle Trance","Flex","Flame Barrier+1"],"relics":["Burning Blood","Pear","Ice Cream","Singing Bowl"],"potions_floor_usage":[5,7,13,14,16,16],"damage_taken":[{"damage":23,"enemies":"Jaw Worm","floor":1,"turns":6},{"damage":1,"enemies":"Cultist","floor":2,"turns":3},{"damage":4,"enemies":"2 Louse","floor":3,"turns":3},{"damage":34,"enemies":"Large Slime","floor":5,"turns":8},{"damage":27,"enemies":"Gremlin Nob","floor":7,"turns":4},{"damage":18,"enemies":"Exordium Wildlife","floor":8,"turns":4},{"damage":13,"enemies":"3 Louse","floor":10,"turns":4},{"damage":5,"enemies":"Large Slime","floor":13,"turns":5},{"damage":17,"enemies":"Lagavulin","floor":14,"turns":4},{"damage":36,"enemies":"Hexaghost","floor":16,"turns":9}],"seed_played":"-1702805862263159007","potions_obtained":[{"floor":0,"key":"Dexterity Potion"},{"floor":0,"key":"FearPotion"},{"floor":5,"key":"BloodPotion"},{"floor":10,"key":"AttackPotion"},{"floor":13,"key":"PowerPotion"},{"floor":14,"key":"Energy Potion"}],"is_trial":false,"path_per_floor":["M","M","M","?","M","R","E","M","T","M","?","R","M","E","R","B"],"character_chosen":"IRONCLAD","items_purchased":[],"campfire_rested":1,"item_purchase_floors":[],"current_hp_per_floor":[51,56,58,58,30,30,37,25,25,18,18,43,44,33,33,0],"gold":271,"neow_bonus":"THREE_SMALL_POTIONS","is_prod":false,"is_daily":false,"chose_seed":false,"campfire_upgraded":2,"win_rate":0,"timestamp":1563221895,"path_taken":["M","M","M","?","M","R","E","?","T","M","?","R","M","E","R","BOSS"],"build_version":"2019-07-05","purchased_purges":0,"victory":false,"max_hp_per_floor":[75,75,75,75,75,75,85,85,85,85,85,85,85,85,85,85],"card_choices":[{"not_picked":["Havoc","Twin Strike"],"picked":"Headbutt","floor":1},{"not_picked":["Dropkick","Heavy Blade"],"picked":"Iron Wave","floor":2},{"not_picked":["Havoc","Dual Wield"],"picked":"Thunderclap","floor":3},{"not_picked":["Cleave","Havoc"],"picked":"Twin Strike","floor":5},{"not_picked":["Exhume","Havoc"],"picked":"Metallicize","floor":7},{"not_picked":["Warcry","Cleave"],"picked":"Hemokinesis","floor":8},{"not_picked":["Heavy Blade","Second Wind"],"picked":"Battle Trance","floor":10},{"not_picked":["Anger","Power Through"],"picked":"Flex","floor":13},{"not_picked":["Clothesline","Dual Wield"],"picked":"Flame Barrier","floor":14}],"player_experience":1599708,"relics_obtained":[{"floor":7,"key":"Pear"},{"floor":9,"key":"Ice Cream"},{"floor":14,"key":"Singing Bowl"}],"event_choices":[{"damage_healed":0,"gold_gain":0,"player_choice":"Upgraded","damage_taken":0,"max_hp_gain":0,"max_hp_loss":0,"event_name":"Upgrade Shrine","floor":4,"gold_loss":0,"cards_upgraded":["Bash"]},{"damage_healed":0,"gold_gain":0,"player_choice":"Ignored","damage_taken":0,"max_hp_gain":0,"max_hp_loss":0,"event_name":"Shining Light","floor":11,"gold_loss":0}],"is_beta":false,"boss_relics":[],"items_purged_floors":[],"is_endless":false,"potions_floor_spawned":[5,10,13,14],"killed_by":"Hexaghost","ascension_level":18}