{"gold_per_floor":[115,65,83,98,23,23,57,57,57,74,138,138,148,148,148,250,250,270,270,270,185,135,135],"floor_reached":23,"playtime":821,"items_purged":["Strike_R","Defend_R"],"score":290,"play_id":"084ef1d0-a86c-40f1-9423-ec0e332461a9","local_time":"20181110190315","is_ascension_mode":true,"campfire_choices":[{"data":"Searing Blow","floor":6,"key":"SMITH"},{"data":"Searing Blow+1","floor":8,"key":"SMITH"},{"data":"Searing Blow+2","floor":12,"key":"SMITH"},{"floor":15,"key":"REST"}],"neow_cost":"NONE","seed_source_timestamp":193181367754630,"circlet_count":0,"master_deck":["AscendersBane","Defend_R","Defend_R","Defend_R","Bash","Rampage","Searing Blow+3","Burning Pact+1","Inflame","Sentinel","Impervious+1"],"relics":["Burning Blood","Mummified Hand","Blue Candle","Smiling Mask","Empty Cage","Orichalcum","War Paint"],"potions_floor_usage":[3,7,16,18,23],"damage_taken":[{"damage":8,"enemies":"2 Louse","floor":1,"turns":4},{"damage":4,"enemies":"Small Slimes","floor":3,"turns":4},{"damage":11,"enemies":"Cultist","floor":4,"turns":4},{"damage":42,"enemies":"Lagavulin","floor":7,"turns":6},{"damage":5,"enemies":"2 Fungi Beasts","floor":10,"turns":3},{"damage":24,"enemies":"Gremlin Nob","floor":11,"turns":4},{"damage":0,"enemies":"Looter","floor":13,"turns":1},{"damage":10,"enemies":"The Guardian","floor":16,"turns":9},{"damage":25,"enemies":"Chosen","floor":18,"turns":5},{"damage":65,"enemies":"Book of Stabbing","floor":23,"turns":6}],"seed_played":"-8384541913477901216","potions_obtained":[{"floor":1,"key":"SkillPotion"},{"floor":4,"key":"Explosive Potion"},{"floor":11,"key":"PowerPotion"},{"floor":16,"key":"Swift Potion"},{"floor":18,"key":"Energy Potion"}],"is_trial":false,"path_per_floor":["M","?","M","M","$","R","E","R","T","M","?","R","M","?","R","B",null,"M","T","?","?","$","E"],"character_chosen":"IRONCLAD","items_purchased":[],"campfire_rested":1,"item_purchase_floors":[],"current_hp_per_floor":[78,78,80,75,75,75,39,39,39,40,22,22,28,28,54,50,79,60,60,60,60,60,0],"gold":135,"neow_bonus":"TEN_PERCENT_HP_BONUS","is_prod":false,"is_daily":false,"chose_seed":false,"campfire_upgraded":3,"win_rate":0,"timestamp":1541894595,"path_taken":["M","?","M","M","$","R","E","R","T","M","?","R","M","?","R","BOSS","M","?","?","?","$","E"],"build_version":"2018-11-08","purchased_purges":2,"victory":false,"max_hp_per_floor":[88,88,88,88,88,88,88,88,88,88,88,88,88,88,88,88,88,88,88,88,88,88,88],"card_choices":[{"not_picked":["Cleave","Twin Strike"],"picked":"Rampage","floor":1},{"not_picked":["Cleave","Corruption"],"picked":"Searing Blow","floor":3},{"not_picked":["Wild Strike","Thunderclap","Heavy Blade"],"picked":"SKIP","floor":4},{"not_picked":["Body Slam","Iron Wave","Dual Wield"],"picked":"SKIP","floor":7},{"not_picked":["Rage","Berserk"],"picked":"Burning Pact","floor":10},{"not_picked":["Thunderclap","Sword Boomerang"],"picked":"Inflame","floor":11},{"not_picked":["Iron Wave","Warcry"],"picked":"Sentinel","floor":13},{"not_picked":["Brutality","Feed"],"picked":"Impervious","floor":16},{"not_picked":["Sever Soul","Ghostly Armor","Twin Strike"],"picked":"SKIP","floor":18}],"player_experience":663862,"relics_obtained":[{"floor":7,"key":"Mummified Hand"},{"floor":9,"key":"Blue Candle"},{"floor":11,"key":"Smiling Mask"},{"floor":19,"key":"Orichalcum"}],"event_choices":[{"cards_removed":["Strike_R"],"damage_healed":0,"gold_gain":0,"player_choice":"Card Removal","damage_taken":0,"max_hp_gain":0,"max_hp_loss":0,"event_name":"The Cleric","floor":2,"gold_loss":50},{"damage_healed":0,"gold_gain":0,"player_choice":"Searched \u00271\u0027 times","damage_taken":0,"max_hp_gain":0,"max_hp_loss":0,"event_name":"Dead Adventurer","floor":11,"gold_loss":0},{"damage_healed":0,"gold_gain":0,"player_choice":"Ignored","damage_taken":0,"max_hp_gain":0,"max_hp_loss":0,"event_name":"WeMeetAgain","floor":14,"gold_loss":0},{"cards_removed":["Strike_R"],"damage_healed":0,"gold_gain":0,"player_choice":"Elegance","damage_taken":0,"max_hp_gain":0,"max_hp_loss":0,"event_name":"Back to Basics","floor":20,"gold_loss":0},{"damage_healed":0,"gold_gain":0,"player_choice":"Obtained Relic","damage_taken":0,"relics_obtained":["War Paint"],"max_hp_gain":0,"max_hp_loss":0,"event_name":"Addict","floor":21,"gold_loss":85}],"is_beta":false,"boss_relics":[{"not_picked":["Velvet Choker","Runic Dome"],"picked":"Empty Cage"}],"items_purged_floors":[5,22],"is_endless":false,"potions_floor_spawned":[1,4,11,16,18],"killed_by":"Book of Stabbing","ascension_level":11}