{"gold_per_floor":[11,11,11,25,46,85,85,116,416,416,491,491,3,18,18,112,112,125,149,39,39],"floor_reached":21,"playtime":934,"items_purged":[],"score":355,"play_id":"ccebf973-25ba-4630-bd58-2d541850d332","local_time":"20190907073903","is_ascension_mode":true,"campfire_choices":[{"floor":7,"key":"REST"},{"floor":10,"key":"REST"},{"floor":12,"key":"REST"},{"data":"Defragment","floor":15,"key":"SMITH"}],"neow_cost":"NO_GOLD","seed_source_timestamp":26068507801370,"circlet_count":0,"master_deck":["AscendersBane","Strike_B+1","Strike_B","Defend_B","Defend_B","Defend_B","Defend_B","Zap","Dualcast","Gash","Core Surge","Compile Driver","Cold Snap","Recycle","Defragment+1","Gash","Seek","Auto Shields","Seek","Fission","Ball Lightning","Coolheaded+1"],"relics":["Cracked Core","Golden Idol","Cables","Ice Cream","DataDisk","Old Coin","Pear","Snecko Eye"],"potions_floor_usage":[8,16,21],"damage_taken":[{"damage":7,"enemies":"2 Louse","floor":1,"turns":2},{"damage":7,"enemies":"Jaw Worm","floor":4,"turns":2},{"damage":1,"enemies":"Cultist","floor":5,"turns":3},{"damage":27,"enemies":"3 Sentries","floor":6,"turns":14},{"damage":9,"enemies":"Gremlin Nob","floor":8,"turns":3},{"damage":6,"enemies":"Red Slaver","floor":14,"turns":3},{"damage":22,"enemies":"Hexaghost","floor":16,"turns":11},{"damage":14,"enemies":"Chosen","floor":18,"turns":5},{"damage":20,"enemies":"Spheric Guardian","floor":19,"turns":5},{"damage":47,"enemies":"Shelled Parasite and Fungi","floor":21,"turns":4}],"seed_played":"8493413065796250304","potions_obtained":[{"floor":4,"key":"SteroidPotion"},{"floor":8,"key":"Fire Potion"}],"is_trial":false,"path_per_floor":["M","?","?","M","M","E","R","E","T","R","?","R","$","M","R","B",null,"M","M","?","M"],"character_chosen":"DEFECT","items_purchased":["Seek","Pear","Auto Shields","PowerPotion"],"campfire_rested":3,"item_purchase_floors":[13,13,13,13],"current_hp_per_floor":[57,57,39,32,31,4,25,16,16,37,26,47,57,51,51,29,68,54,34,34,0],"gold":39,"neow_bonus":"TRANSFORM_TWO_CARDS","is_prod":false,"is_daily":false,"chose_seed":false,"campfire_upgraded":1,"win_rate":0,"timestamp":1567805943,"path_taken":["M","?","?","M","M","E","R","E","T","R","?","R","$","?","R","BOSS","M","M","?","?"],"build_version":"2019-07-17","purchased_purges":0,"victory":false,"max_hp_per_floor":[71,71,71,71,71,71,71,71,71,71,71,71,81,81,81,81,81,81,81,81,81],"card_choices":[{"not_picked":["Conserve Battery","Storm"],"picked":"Compile Driver","floor":1},{"not_picked":["Steam","Skim"],"picked":"Cold Snap","floor":4},{"not_picked":["Beam Cell","Conserve Battery"],"picked":"Recycle","floor":5},{"not_picked":["Turbo","Cold Snap"],"picked":"Defragment","floor":6},{"not_picked":["Rip and Tear","Compile Driver"],"picked":"Gash","floor":8},{"not_picked":["Steam","Stack"],"picked":"Seek","floor":14},{"not_picked":["Hyperbeam","Buffer"],"picked":"Fission","floor":16},{"not_picked":["Gash","Chaos"],"picked":"Ball Lightning","floor":18},{"not_picked":["Steam","Stack"],"picked":"Coolheaded+1","floor":19}],"player_experience":1263075,"relics_obtained":[{"floor":6,"key":"Ice Cream"},{"floor":8,"key":"DataDisk"},{"floor":9,"key":"Old Coin"}],"event_choices":[{"damage_healed":0,"gold_gain":0,"player_choice":"Take Wound","damage_taken":0,"relics_obtained":["Golden Idol"],"max_hp_gain":0,"max_hp_loss":0,"event_name":"Golden Idol","floor":2,"gold_loss":0,"cards_obtained":["Injury"]},{"damage_healed":0,"gold_gain":0,"player_choice":"Success","damage_taken":18,"relics_obtained":["Cables"],"max_hp_gain":0,"max_hp_loss":0,"event_name":"Scrap Ooze","floor":3,"gold_loss":0},{"damage_healed":0,"gold_gain":75,"player_choice":"Gather Gold","damage_taken":11,"max_hp_gain":0,"max_hp_loss":0,"event_name":"World of Goop","floor":11,"gold_loss":0},{"cards_removed":["Injury"],"damage_healed":0,"gold_gain":0,"player_choice":"Upgrade and Remove","damage_taken":0,"max_hp_gain":0,"max_hp_loss":0,"event_name":"Designer","floor":20,"gold_loss":110,"cards_upgraded":["Strike_B"]}],"is_beta":false,"boss_relics":[{"not_picked":["Pandora\u0027s Box","Coffee Dripper"],"picked":"Snecko Eye"}],"items_purged_floors":[],"is_endless":false,"potions_floor_spawned":[4,8,14],"killed_by":"Shelled Parasite and Fungi","ascension_level":18}