{"gold_per_floor":[111,121,136,136,152,177,197,197,221,248,248,274,3,3,3,77,77,95,194,40,40,55,55,55,83,83,83,106,132,132,151,151,151],"floor_reached":33,"playtime":1057,"items_purged":[],"score":512,"play_id":"f191dfc9-6d7b-45af-af89-418117ce726d","local_time":"20190711051053","is_ascension_mode":true,"campfire_choices":[{"data":"Armaments","floor":8,"key":"SMITH"},{"floor":11,"key":"REST"},{"floor":15,"key":"REST"},{"floor":23,"key":"REST"},{"floor":27,"key":"REST"},{"floor":32,"key":"REST"}],"neow_cost":"NONE","seed_source_timestamp":47007229925346,"circlet_count":0,"master_deck":["AscendersBane","Strike_R+1","Strike_R","Strike_R","Strike_R","Strike_R","Defend_R","Defend_R","Defend_R","Defend_R","Bash+1","Cleave+1","Pommel Strike","Evolve","Heavy Blade","Inflame","Armaments+1","Headbutt","Clothesline","Flame Barrier","Disarm","Offering","Pommel Strike","Feel No Pain","Writhe","Dual Wield","Burning Pact"],"relics":["Burning Blood","Potion Belt","Happy Flower","Bag of Marbles","Juzu Bracelet","Oddly Smooth Stone","Runic Cube","Regal Pillow","Boot","Shuriken","Meat on the Bone","PreservedInsect","Calipers"],"potions_floor_usage":[6,6,16,22,25,25,33],"damage_taken":[{"damage":12,"enemies":"Small Slimes","floor":1,"turns":4},{"damage":12,"enemies":"Jaw Worm","floor":2,"turns":2},{"damage":6,"enemies":"2 Louse","floor":3,"turns":2},{"damage":0,"enemies":"Large Slime","floor":5,"turns":4},{"damage":26,"enemies":"Gremlin Nob","floor":6,"turns":5},{"damage":6,"enemies":"Exordium Wildlife","floor":7,"turns":2},{"damage":30,"enemies":"3 Sentries","floor":10,"turns":6},{"damage":16,"enemies":"Gremlin Nob","floor":12,"turns":3},{"damage":33,"enemies":"Slime Boss","floor":16,"turns":11},{"damage":29,"enemies":"Spheric Guardian","floor":18,"turns":5},{"damage":22,"enemies":"2 Thieves","floor":22,"turns":3},{"damage":59,"enemies":"Slavers","floor":25,"turns":6},{"damage":18,"enemies":"Book of Stabbing","floor":29,"turns":5},{"damage":35,"enemies":"3 Cultists","floor":31,"turns":6},{"damage":79,"enemies":"Automaton","floor":33,"turns":6}],"seed_played":"-914373669911553202","potions_obtained":[{"floor":2,"key":"Fruit Juice"},{"floor":5,"key":"Weak Potion"},{"floor":6,"key":"Ancient Potion"},{"floor":12,"key":"Fire Potion"},{"floor":16,"key":"Fire Potion"},{"floor":22,"key":"BloodPotion"},{"floor":31,"key":"Strength Potion"}],"is_trial":false,"path_per_floor":["M","M","M","?","M","E","M","R","T","E","R","E","$","?","R","B",null,"M","?","$","?","M","R","?","E","T","R","T","E","?","M","R","B"],"character_chosen":"IRONCLAD","items_purchased":["Oddly Smooth Stone","Flame Barrier","Disarm","Regal Pillow"],"campfire_rested":5,"item_purchase_floors":[13,13,13,20],"current_hp_per_floor":[62,56,56,41,47,32,32,32,32,8,32,22,22,22,46,19,65,42,42,42,26,10,49,49,16,16,55,55,55,55,38,77,0],"gold":151,"neow_bonus":"UPGRADE_CARD","is_prod":false,"is_daily":false,"chose_seed":false,"campfire_upgraded":1,"win_rate":0,"timestamp":1562785853,"path_taken":["M","M","M","?","M","E","M","R","T","E","R","E","?","?","R","BOSS","M","?","$","?","M","R","?","E","T","R","?","E","?","M","R","BOSS"],"build_version":"2019-07-05","purchased_purges":0,"victory":false,"max_hp_per_floor":[75,75,75,75,75,80,80,80,80,80,80,80,80,80,80,80,80,80,80,80,80,80,80,80,80,80,80,80,80,80,80,80,80],"card_choices":[{"not_picked":["Armaments","Iron Wave"],"picked":"Cleave","floor":1},{"not_picked":["Twin Strike","Headbutt"],"picked":"Pommel Strike","floor":2},{"not_picked":["Bloodletting","Intimidate"],"picked":"Evolve","floor":3},{"not_picked":["Body Slam","Dark Embrace"],"picked":"Heavy Blade","floor":5},{"not_picked":["Perfected Strike","Wild Strike"],"picked":"Inflame","floor":6},{"not_picked":["Havoc","Headbutt"],"picked":"Armaments","floor":7},{"not_picked":["Warcry","Anger"],"picked":"Headbutt","floor":10},{"not_picked":["Warcry","Heavy Blade"],"picked":"Clothesline","floor":12},{"not_picked":["Berserk","Feed"],"picked":"Offering","floor":16},{"not_picked":["Entrench","Headbutt"],"picked":"Pommel Strike","floor":18},{"not_picked":["Body Slam","Bloodletting"],"picked":"Feel No Pain","floor":22},{"not_picked":["Inflame","Anger"],"picked":"Dual Wield","floor":25},{"not_picked":["Headbutt","Clothesline"],"picked":"Burning Pact","floor":29},{"not_picked":["Armaments+1","Burning Pact","Warcry"],"picked":"SKIP","floor":31}],"player_experience":972004,"relics_obtained":[{"floor":6,"key":"Potion Belt"},{"floor":9,"key":"Happy Flower"},{"floor":10,"key":"Bag of Marbles"},{"floor":12,"key":"Juzu Bracelet"},{"floor":25,"key":"Shuriken"},{"floor":26,"key":"Meat on the Bone"},{"floor":28,"key":"PreservedInsect"},{"floor":29,"key":"Calipers"}],"event_choices":[{"damage_healed":0,"gold_gain":0,"player_choice":"Entered Light","damage_taken":15,"max_hp_gain":0,"max_hp_loss":0,"event_name":"Shining Light","floor":4,"gold_loss":0,"cards_upgraded":["Strike_R","Cleave"]},{"damage_healed":0,"gold_gain":0,"player_choice":"Ignored","damage_taken":0,"max_hp_gain":0,"max_hp_loss":0,"event_name":"Liars Game","floor":14,"gold_loss":0},{"damage_healed":0,"gold_gain":99,"player_choice":"Stole From Cult","damage_taken":0,"max_hp_gain":0,"max_hp_loss":0,"event_name":"Nest","floor":19,"gold_loss":0},{"damage_healed":0,"gold_gain":0,"player_choice":"POTION ","damage_taken":16,"max_hp_gain":0,"max_hp_loss":0,"event_name":"Knowing Skull","floor":21,"potions_obtained":["PowerPotion"],"gold_loss":0,"cards_obtained":[]},{"damage_healed":0,"gold_gain":0,"player_choice":"Opened","damage_taken":0,"relics_obtained":["Boot"],"max_hp_gain":0,"max_hp_loss":0,"event_name":"The Mausoleum","floor":24,"gold_loss":0,"cards_obtained":["Writhe"]},{"damage_healed":0,"gold_gain":0,"player_choice":"0 cards matched","damage_taken":0,"max_hp_gain":0,"max_hp_loss":0,"event_name":"Match and Keep!","floor":30,"gold_loss":0,"cards_obtained":[]}],"is_beta":false,"boss_relics":[{"not_picked":["Runic Pyramid","Fusion Hammer"],"picked":"Runic Cube"}],"items_purged_floors":[],"is_endless":false,"potions_floor_spawned":[2,5,6,12,16,22,31],"killed_by":"Automaton","ascension_level":14}