{"gold_per_floor":[19,29,29,29,39,65,84,84,138,138,154,154,165,130,130,234,234,245,255,255,19,29,29,42,42,42,42,42,42,76,94,94,190,190,200,200,12,25,9,38,38,55,55,84,0,0,0,16,16,16],"floor_reached":51,"playtime":2426,"items_purged":["Pain"],"score":818,"play_id":"985bd6d0-e886-4c8b-97a5-8d44e7fd1984","local_time":"20190913145855","is_ascension_mode":true,"campfire_choices":[{"data":"CrushJoints","floor":8,"key":"SMITH"},{"data":"Devotion","floor":12,"key":"SMITH"},{"data":"FlyingSleeves","floor":15,"key":"SMITH"},{"data":"Nirvana","floor":23,"key":"SMITH"},{"data":"DeceiveReality","floor":25,"key":"SMITH"},{"floor":29,"key":"REST"},{"data":"Prostrate","floor":32,"key":"SMITH"},{"data":"SandsOfTime","floor":41,"key":"SMITH"},{"data":"DevaForm","floor":47,"key":"SMITH"},{"data":"Vigilance","floor":49,"key":"SMITH"}],"neow_cost":"NO_GOLD","seed_source_timestamp":14323935588135,"circlet_count":0,"master_deck":["Strike_P+1","Strike_P+1","Strike_P+1","Strike_P+1","Defend_P+1","Defend_P+1","Defend_P+1","Defend_P+1","Eruption","Vigilance+1","CrushJoints+1","CutThroughFate","DeceiveReality+1","FollowUp","Vault","ThirdEye","Devotion+1","FlyingSleeves+1","Nirvana+1","PathToVictory","CutThroughFate+1","FearNoEvil","EmptyMind","PathToVictory+1","EmptyFist+1","Prostrate+1","DevaForm+1","SandsOfTime+1","Consecrate+1","Vengeance+1","Protect+1","WreathOfFlame+1"],"relics":["PureWater","Lizard Tail","Eternal Feather","Vajra","Sozu","Nloth\u0027s Gift","Orichalcum","The Courier","Mango","SlaversCollar","WarpedTongs","Membership Card","Pantograph","Mummified Hand","Melange","Red Mask"],"potions_floor_usage":[6,6,16,22],"damage_taken":[{"damage":15,"enemies":"Small Slimes","floor":1,"turns":3},{"damage":0,"enemies":"Cultist","floor":2,"turns":3},{"damage":7,"enemies":"Jaw Worm","floor":5,"turns":3},{"damage":34,"enemies":"Gremlin Nob","floor":6,"turns":5},{"damage":12,"enemies":"Lots of Slimes","floor":7,"turns":3},{"damage":0,"enemies":"Large Slime","floor":11,"turns":3},{"damage":2,"enemies":"3 Louse","floor":13,"turns":3},{"damage":7,"enemies":"Slime Boss","floor":16,"turns":9},{"damage":7,"enemies":"Shell Parasite","floor":18,"turns":5},{"damage":12,"enemies":"3 Byrds","floor":19,"turns":5},{"damage":16,"enemies":"Sentry and Sphere","floor":22,"turns":8},{"damage":16,"enemies":"Shelled Parasite and Fungi","floor":24,"turns":4},{"damage":18,"enemies":"Slavers","floor":30,"turns":4},{"damage":0,"enemies":"Cultist and Chosen","floor":31,"turns":3},{"damage":19,"enemies":"Automaton","floor":33,"turns":8},{"damage":0,"enemies":"Orb Walker","floor":35,"turns":5},{"damage":13,"enemies":"3 Shapes","floor":38,"turns":7},{"damage":11,"enemies":"Nemesis","floor":40,"turns":9},{"damage":28,"enemies":"Spire Growth","floor":42,"turns":6},{"damage":24,"enemies":"Reptomancer","floor":44,"turns":5},{"damage":22,"enemies":"4 Shapes","floor":48,"turns":6},{"damage":22,"enemies":"Time Eater","floor":50,"turns":11}],"seed_played":"6454475370113416907","potions_obtained":[{"floor":1,"key":"Weak Potion"},{"floor":2,"key":"Block Potion"},{"floor":7,"key":"SpeedPotion"},{"floor":13,"key":"Explosive Potion"},{"floor":16,"key":"LiquidBronze"}],"is_trial":false,"path_per_floor":["M","M","?","$","M","E","M","R","T","?","M","R","M","?","R","B",null,"M","M","?","$","M","R","M","R","T","?","?","R","E","M","R","B",null,"M","?","$","M","$","E","R","M","T","E","?","?","R","M","R","B",null],"character_chosen":"WATCHER","items_purchased":["FearNoEvil","Orichalcum","Membership Card","SandsOfTime","MentalFortress"],"campfire_rested":1,"item_purchase_floors":[21,21,37,37,39],"current_hp_per_floor":[50,50,50,50,43,9,32,41,41,23,23,32,30,46,55,48,65,58,46,46,46,30,42,26,38,38,27,27,60,56,56,71,52,84,84,84,84,71,71,60,78,50,50,26,26,84,84,62,80,62],"gold":16,"neow_bonus":"ONE_RARE_RELIC","is_prod":false,"is_daily":false,"chose_seed":false,"campfire_upgraded":9,"win_rate":0,"timestamp":1568350735,"path_taken":["M","M","?","$","M","E","?","R","T","?","M","R","M","?","R","BOSS","M","M","?","$","?","R","M","R","T","?","?","R","E","M","R","BOSS","M","?","$","M","?","E","R","M","T","E","?","?","R","M","R","BOSS"],"build_version":"2019-09-11v2","purchased_purges":1,"victory":true,"max_hp_per_floor":[65,65,65,65,65,65,65,65,65,65,65,65,65,65,65,65,65,65,65,65,65,65,65,65,65,65,70,70,70,84,84,84,84,84,84,84,84,84,84,84,84,84,84,84,84,84,84,84,84,84],"card_choices":[{"not_picked":["WaveOfTheHand","BowlingBash"],"picked":"CrushJoints","floor":1},{"not_picked":["Protect","Collect"],"picked":"CutThroughFate","floor":2},{"not_picked":["Vengeance","Tantrum"],"picked":"FollowUp","floor":5},{"not_picked":["WreathOfFlame","WindmillStrike"],"picked":"Vault","floor":6},{"not_picked":["ClearTheMind","CutThroughFate"],"picked":"ThirdEye","floor":7},{"not_picked":["DeceiveReality","EmptyMind"],"picked":"Devotion","floor":11},{"not_picked":["Evaluate","JustLucky"],"picked":"FlyingSleeves","floor":13},{"not_picked":["Wallop","SignatureMove"],"picked":"Nirvana","floor":16},{"not_picked":["ThirdEye","Clarity+1"],"picked":"PathToVictory","floor":18},{"not_picked":["CleanseEvil","Scrawl"],"picked":"CutThroughFate+1","floor":19},{"not_picked":["Halt","Omniscience"],"picked":"EmptyMind","floor":22},{"not_picked":["EmptyBody","CrushJoints"],"picked":"PathToVictory+1","floor":24},{"not_picked":["Clarity","Swivel"],"picked":"EmptyFist+1","floor":30},{"not_picked":["BowlingBash","StepAndStrike"],"picked":"Prostrate","floor":31},{"not_picked":["Vault","FlowState"],"picked":"DevaForm","floor":33},{"not_picked":["Worship+1","Vengeance","CutThroughFate+1"],"picked":"SKIP","floor":35},{"not_picked":["Vengeance","JustLucky"],"picked":"Consecrate+1","floor":38},{"not_picked":["Omniscience","Blasphemy","Consecrate"],"picked":"SKIP","floor":40},{"not_picked":["ClearTheMind+1","ThirdEye"],"picked":"Vengeance+1","floor":42},{"not_picked":["Wireheading+1","Sanctity"],"picked":"Protect+1","floor":44},{"not_picked":["CrushJoints","EmptyBody+1"],"picked":"WreathOfFlame+1","floor":48}],"player_experience":1321691,"relics_obtained":[{"floor":6,"key":"Eternal Feather"},{"floor":9,"key":"Bag of Preparation"},{"floor":26,"key":"The Courier"},{"floor":30,"key":"Mango"},{"floor":40,"key":"Pantograph"},{"floor":43,"key":"Mummified Hand"},{"floor":44,"key":"Melange"}],"event_choices":[{"damage_healed":0,"gold_gain":0,"player_choice":"1 cards matched","damage_taken":0,"max_hp_gain":0,"max_hp_loss":0,"event_name":"Match and Keep!","floor":3,"gold_loss":0,"cards_obtained":["DeceiveReality"]},{"damage_healed":0,"gold_gain":0,"player_choice":"Success","damage_taken":18,"relics_obtained":["Vajra"],"max_hp_gain":0,"max_hp_loss":0,"event_name":"Scrap Ooze","floor":10,"gold_loss":0},{"damage_healed":16,"gold_gain":0,"player_choice":"Healed","damage_taken":0,"max_hp_gain":0,"max_hp_loss":0,"event_name":"The Cleric","floor":14,"gold_loss":35},{"damage_healed":0,"gold_gain":0,"player_choice":"Traded Relic","damage_taken":0,"relics_obtained":["Nloth\u0027s Gift"],"max_hp_gain":0,"max_hp_loss":0,"event_name":"N\u0027loth","floor":20,"relics_lost":["Bag of Preparation"],"gold_loss":0},{"damage_healed":0,"gold_gain":0,"player_choice":"Shed Blood","damage_taken":16,"max_hp_gain":5,"max_hp_loss":0,"event_name":"Forgotten Altar","floor":27,"gold_loss":0},{"damage_healed":0,"gold_gain":0,"player_choice":"Simplicity","damage_taken":0,"max_hp_gain":0,"max_hp_loss":0,"event_name":"Back to Basics","floor":28,"gold_loss":0,"cards_upgraded":["Strike_P","Strike_P","Strike_P","Strike_P","Defend_P","Defend_P","Defend_P","Defend_P"]},{"damage_healed":0,"gold_gain":0,"player_choice":"Rummage","damage_taken":0,"relics_obtained":["WarpedTongs"],"max_hp_gain":0,"max_hp_loss":0,"event_name":"Accursed Blacksmith","floor":36,"gold_loss":0,"cards_obtained":["Pain"]},{"damage_healed":0,"gold_gain":0,"player_choice":"Paid","damage_taken":0,"relics_obtained":["Red Mask"],"max_hp_gain":0,"max_hp_loss":0,"event_name":"Tomb of Lord Red Mask","floor":45,"gold_loss":84},{"cards_removed":["MentalFortress"],"damage_healed":58,"gold_gain":0,"player_choice":"Offered Uncommon","damage_taken":0,"max_hp_gain":0,"max_hp_loss":0,"event_name":"Bonfire Elementals","floor":46,"gold_loss":0}],"is_beta":true,"boss_relics":[{"not_picked":["Snecko Eye","Velvet Choker"],"picked":"Sozu"},{"not_picked":["Tiny House","SacredBark"],"picked":"SlaversCollar"}],"items_purged_floors":[37],"is_endless":false,"potions_floor_spawned":[1,2,7,13,16,18,19,24,31,38,42,44],"ascension_level":2}