{"gold_per_floor":[113,129,129,139,149,181,181,181],"floor_reached":8,"playtime":469,"items_purged":[],"score":102,"play_id":"e35f4ef7-4358-4764-b8f1-730213067a20","local_time":"20190718143323","is_ascension_mode":true,"campfire_choices":[{"floor":7,"key":"REST"}],"neow_cost":"NONE","seed_source_timestamp":15640753721168,"circlet_count":0,"master_deck":["AscendersBane","Strike_G","Strike_G","Strike_G","Strike_G","Strike_G","Defend_G+1","Defend_G","Defend_G","Defend_G","Defend_G","Survivor+1","Neutralize","Dagger Spray","Sucker Punch","Poisoned Stab","Burst","Corpse Explosion"],"relics":["Ring of the Snake","Blood Vial","The Courier"],"potions_floor_usage":[],"damage_taken":[{"damage":4,"enemies":"Small Slimes","floor":1,"turns":4},{"damage":2,"enemies":"Jaw Worm","floor":2,"turns":5},{"damage":0,"enemies":"Cultist","floor":4,"turns":4},{"damage":14,"enemies":"Exordium Thugs","floor":5,"turns":5},{"damage":41,"enemies":"Lagavulin","floor":6,"turns":8},{"damage":37,"enemies":"Gremlin Nob","floor":8,"turns":4}],"seed_played":"-9014214078301562419","potions_obtained":[{"floor":5,"key":"FairyPotion"}],"is_trial":false,"path_per_floor":["M","M","?","M","M","E","R","E"],"character_chosen":"THE_SILENT","items_purchased":[],"campfire_rested":1,"item_purchase_floors":[],"current_hp_per_floor":[57,57,37,39,27,6,25,0],"gold":181,"neow_bonus":"RANDOM_COMMON_RELIC","is_prod":false,"is_daily":false,"chose_seed":false,"campfire_upgraded":0,"win_rate":0,"timestamp":1563424403,"path_taken":["M","M","?","M","M","E","R","E"],"build_version":"2019-07-17","purchased_purges":0,"victory":false,"max_hp_per_floor":[66,66,66,66,66,66,66,66],"card_choices":[{"not_picked":["Flying Knee","Outmaneuver"],"picked":"Dagger Spray","floor":1},{"not_picked":["Underhanded Strike","Acrobatics"],"picked":"Sucker Punch","floor":2},{"not_picked":["Dodge and Roll","Choke"],"picked":"Poisoned Stab","floor":4},{"not_picked":["Prepared","Cloak And Dagger"],"picked":"Burst","floor":5},{"not_picked":["Flying Knee","Deflect"],"picked":"Corpse Explosion","floor":6}],"player_experience":1021025,"relics_obtained":[{"floor":6,"key":"The Courier"}],"event_choices":[{"damage_healed":0,"gold_gain":0,"player_choice":"Entered Light","damage_taken":20,"max_hp_gain":0,"max_hp_loss":0,"event_name":"Shining Light","floor":3,"gold_loss":0,"cards_upgraded":["Survivor","Defend_G"]}],"is_beta":false,"boss_relics":[],"items_purged_floors":[],"is_endless":false,"potions_floor_spawned":[5],"killed_by":"Gremlin Nob","ascension_level":15}