{"gold_per_floor":[117,130,150,162,162,206,229,267,290,243,243,318,318,22,22,22],"floor_reached":16,"playtime":696,"items_purged":[],"score":110,"play_id":"87c0b741-7081-4702-b997-1c4dbdce143e","local_time":"20190328001246","is_ascension_mode":false,"campfire_choices":[{"floor":13,"key":"REST"},{"data":"Choke","floor":15,"key":"SMITH"}],"neow_cost":"NONE","seed_source_timestamp":49050147581968,"circlet_count":0,"master_deck":["Defend_G","Defend_G","Defend_G","Defend_G+1","Defend_G","Strike_G","Strike_G","Strike_G","Strike_G","Strike_G","Survivor","Neutralize","Escape Plan","Escape Plan","Choke+1","Accuracy","Dodge and Roll+1","Predator","Dagger Spray","Dodge and Roll"],"relics":["Ring of the Snake","Omamori","Golden Idol","Ancient Tea Set","War Paint","Matryoshka"],"potions_floor_usage":[2,6,8],"damage_taken":[{"damage":0,"enemies":"Jaw Worm","floor":1,"turns":8},{"damage":0,"enemies":"Small Slimes","floor":2,"turns":2},{"damage":0,"enemies":"2 Louse","floor":3,"turns":4},{"damage":6,"enemies":"Large Slime","floor":4,"turns":6},{"damage":11,"enemies":"Gremlin Nob","floor":6,"turns":4},{"damage":0,"enemies":"Looter","floor":7,"turns":4},{"damage":38,"enemies":"Lagavulin","floor":8,"turns":12},{"damage":66,"enemies":"Hexaghost","floor":16,"turns":14}],"seed_played":"-5919213716885395041","potions_obtained":[{"floor":1,"key":"Fire Potion"},{"floor":3,"key":"SteroidPotion"},{"floor":7,"key":"PowerPotion"}],"is_trial":false,"path_per_floor":["M","M","M","M","?","E","M","E","T","?","?","?","R","$","R","B"],"character_chosen":"THE_SILENT","items_purchased":["Matryoshka","Dodge and Roll"],"campfire_rested":1,"item_purchase_floors":[14,14],"current_hp_per_floor":[70,70,70,64,64,53,53,15,15,15,38,38,59,59,59,0],"gold":22,"neow_bonus":"RANDOM_COMMON_RELIC","is_prod":false,"is_daily":false,"chose_seed":false,"campfire_upgraded":1,"win_rate":0,"timestamp":1553695966,"path_taken":["M","M","M","M","?","E","M","E","T","?","?","?","R","?","R","BOSS"],"build_version":"2019-01-23","purchased_purges":0,"victory":false,"max_hp_per_floor":[70,70,70,70,70,70,70,70,70,70,70,70,70,70,70,70],"card_choices":[{"not_picked":["Tactician","Setup"],"picked":"Escape Plan","floor":1},{"not_picked":["Slice","All Out Attack"],"picked":"Escape Plan","floor":2},{"not_picked":["Concentrate","Masterful Stab"],"picked":"Choke","floor":3},{"not_picked":["Backflip","Footwork"],"picked":"Accuracy","floor":4},{"not_picked":["Masterful Stab","Expertise"],"picked":"Dodge and Roll","floor":6},{"not_picked":["Reflex","Deadly Poison"],"picked":"Predator","floor":7},{"not_picked":["Night Terror","Dagger Throw"],"picked":"Dagger Spray","floor":8}],"player_experience":215606,"relics_obtained":[{"floor":6,"key":"Ancient Tea Set"},{"floor":8,"key":"War Paint"}],"event_choices":[{"damage_healed":0,"gold_gain":0,"player_choice":"Take Wound","damage_taken":0,"relics_obtained":["Golden Idol"],"max_hp_gain":0,"max_hp_loss":0,"event_name":"Golden Idol","floor":5,"gold_loss":0,"cards_obtained":["Injury"]},{"damage_healed":0,"gold_gain":0,"player_choice":"Left Gold","damage_taken":0,"max_hp_gain":0,"max_hp_loss":0,"event_name":"World of Goop","floor":10,"gold_loss":47},{"damage_healed":23,"gold_gain":0,"player_choice":"Banana","damage_taken":0,"max_hp_gain":0,"max_hp_loss":0,"event_name":"Big Fish","floor":11,"gold_loss":0},{"damage_healed":0,"gold_gain":75,"player_choice":"Gained Gold","damage_taken":0,"max_hp_gain":0,"max_hp_loss":0,"event_name":"Golden Wing","floor":12,"gold_loss":0}],"is_beta":false,"boss_relics":[],"items_purged_floors":[],"is_endless":false,"potions_floor_spawned":[1,3,7],"killed_by":"Hexaghost","ascension_level":0}