{"gold_per_floor":[119,44,44,44,2,2,37,0,0,35,35,94,106,5,5,78,78,89,89,100,150,150,150],"floor_reached":23,"playtime":589,"items_purged":[],"score":474,"play_id":"b3c59fac-36f6-4ec7-902c-a011c7307613","local_time":"20190909184407","is_ascension_mode":true,"campfire_choices":[{"data":"Static Discharge","floor":6.0,"key":"SMITH"},{"data":"1","floor":11.0,"key":"LIFT"},{"data":"2","floor":15.0,"key":"LIFT"}],"neow_cost":"NONE","seed_source_timestamp":13010500951413,"circlet_count":0,"master_deck":["AscendersBane","Strike_B","Strike_B","Strike_B","Defend_B","Defend_B","Defend_B","Defend_B","Zap","Dualcast","Static Discharge+1","Loop","Reinforced Body","Melter","FTL","Go for the Eyes+1","Sweeping Beam+1","Flash of Steel+1","Electrodynamics","Capacitor","Turbo"],"special_seed":0,"relics":["Cracked Core","NeowsBlessing","Vajra","Mummified Hand","Girya","Orichalcum","Molten Egg 2","Inserter"],"potions_floor_usage":[23,23],"damage_taken":[{"damage":0.0,"enemies":"Jaw Worm","floor":1.0,"turns":1.0},{"damage":0.0,"enemies":"3 Sentries","floor":7.0,"turns":1.0},{"damage":0.0,"enemies":"Gremlin Nob","floor":10.0,"turns":1.0},{"damage":5.0,"enemies":"Gremlin Nob","floor":12.0,"turns":3.0},{"damage":0.0,"enemies":"2 Louse","floor":13.0,"turns":2.0},{"damage":13.0,"enemies":"Slime Boss","floor":16.0,"turns":7.0},{"damage":7.0,"enemies":"Chosen","floor":18.0,"turns":4.0},{"damage":20,"enemies":"Shell Parasite","floor":20,"turns":4},{"damage":23,"enemies":"Gremlin Leader","floor":23,"turns":4}],"seed_played":"-6986185923928870345","potions_obtained":[{"floor":1.0,"key":"EssenceOfSteel"},{"floor":13.0,"key":"SteroidPotion"},{"floor":16.0,"key":"AttackPotion"}],"is_trial":false,"path_per_floor":["M","?","?","?","$","R","E","$","T","E","R","?","M","$","R","B",null,"M","?","M","?","?","E"],"character_chosen":"DEFECT","items_purchased":["Loop","Melter","Flash of Steel+1"],"campfire_rested":0,"item_purchase_floors":[5,8,14],"current_hp_per_floor":[64,64,53,58,58,58,58,58,58,58,58,53,53,53,53,40,67,60,38,18,18,18,0],"gold":150,"neow_bonus":"THREE_ENEMY_KILL","is_prod":false,"is_daily":false,"chose_seed":false,"campfire_upgraded":1,"win_rate":0,"timestamp":1568018647,"path_taken":["M","?","?","?","$","R","E","$","T","E","R","?","M","?","R","BOSS","M","?","M","?","?","E"],"build_version":"2019-07-17","purchased_purges":0,"victory":false,"max_hp_per_floor":[71,71,71,76,76,76,76,76,76,76,76,76,76,76,76,76,76,76,81,81,81,81,81],"card_choices":[{"not_picked":["Stack","Conserve Battery"],"picked":"Static Discharge","floor":1.0},{"not_picked":["Barrage","Turbo"],"picked":"Reinforced Body","floor":7.0},{"not_picked":["Rebound","Steam Power"],"picked":"FTL","floor":10.0},{"not_picked":["Turbo","Chill"],"picked":"Go for the Eyes","floor":12.0},{"not_picked":["Streamline+1","Steam"],"picked":"Sweeping Beam+1","floor":13.0},{"not_picked":["All For One+1","Buffer"],"picked":"Electrodynamics","floor":16.0},{"not_picked":["Storm","Gash+1"],"picked":"Capacitor","floor":18.0},{"not_picked":["Steam","Hello World"],"picked":"Turbo","floor":20}],"player_experience":1267775,"relics_obtained":[{"floor":7.0,"key":"Mummified Hand"},{"floor":9.0,"key":"Girya"},{"floor":10.0,"key":"Orichalcum"},{"floor":12.0,"key":"Molten Egg 2"}],"event_choices":[{"cards_removed":["Strike_B"],"damage_healed":0.0,"max_hp_gain":0.0,"max_hp_loss":0.0,"gold_gain":0.0,"event_name":"The Cleric","player_choice":"Card Removal","floor":2.0,"gold_loss":75.0,"damage_taken":0.0},{"damage_healed":0.0,"max_hp_gain":0.0,"max_hp_loss":0.0,"gold_gain":0.0,"event_name":"Scrap Ooze","player_choice":"Success","floor":3.0,"gold_loss":0.0,"damage_taken":11.0,"relics_obtained":["Vajra"]},{"damage_healed":0.0,"max_hp_gain":5.0,"max_hp_loss":0.0,"gold_gain":0.0,"event_name":"Big Fish","player_choice":"Donut","floor":4.0,"gold_loss":0.0,"damage_taken":0.0},{"damage_healed":0.0,"max_hp_gain":0.0,"max_hp_loss":0.0,"gold_gain":0.0,"event_name":"Dead Adventurer","player_choice":"Searched \u00271\u0027 times","floor":12.0,"gold_loss":0.0,"damage_taken":0.0},{"damage_healed":0.0,"max_hp_gain":5.0,"max_hp_loss":0.0,"gold_gain":0.0,"event_name":"Forgotten Altar","player_choice":"Shed Blood","floor":19.0,"gold_loss":0.0,"damage_taken":27.0},{"damage_healed":0,"gold_gain":50,"player_choice":"Stole From Cult","damage_taken":0,"max_hp_gain":0,"max_hp_loss":0,"event_name":"Nest","floor":21,"gold_loss":0},{"damage_healed":0,"gold_gain":0,"player_choice":"Ignored","damage_taken":0,"max_hp_gain":0,"max_hp_loss":0,"event_name":"Cursed Tome","floor":22,"gold_loss":0}],"is_beta":false,"boss_relics":[{"not_picked":["Lizard Tail","Sozu"],"picked":"Inserter"}],"items_purged_floors":[],"is_endless":false,"potions_floor_spawned":[1,13,16],"killed_by":"Gremlin Leader","ascension_level":19}