{"gold_per_floor":[113,129,145,145,145,145,177,191,191,191,191,207,207,217,217,312,312,326,326,342,342,353,388,388,388,439,457,457,475,575,588,588,688,688,707,721,721,734,734,734,747,747,747,747,776,787,787,802,802,802],"floor_reached":51,"playtime":2576,"items_purged":[],"score":1000,"play_id":"1cc97633-471d-4a6c-83a1-4dc64ed9a92c","local_time":"20190601232540","is_ascension_mode":true,"campfire_choices":[{"floor":6,"key":"REST"},{"floor":11,"key":"REST"},{"floor":13,"key":"REST"},{"data":"1","floor":15,"key":"LIFT"},{"floor":24,"key":"REST"},{"floor":28,"key":"REST"},{"floor":32,"key":"REST"},{"data":"2","floor":40,"key":"LIFT"},{"floor":42,"key":"REST"},{"data":"3","floor":44,"key":"LIFT"},{"floor":47,"key":"REST"},{"floor":49,"key":"REST"}],"neow_cost":"PERCENT_DAMAGE","seed_source_timestamp":16125469439184,"circlet_count":0,"master_deck":["Defend_G+1","Defend_G+1","Defend_G+1","Defend_G+1","Defend_G+1","Strike_G+1","Strike_G+1","Strike_G+1","Strike_G+1","Strike_G+1","Survivor","Neutralize+1","Dagger Throw","Backstab","PiercingWail","Blade Dance","Infinite Blades","Heel Hook","Leg Sweep","Tools of the Trade","Infinite Blades","Decay","Masterful Stab","Prepared","Dagger Spray","Injury","Poisoned Stab+1","Quick Slash","Choke","Wraith Form v2","Caltrops+1","Well Laid Plans+1","Deflect+1","Setup","Clumsy","Crippling Poison+1","Cloak And Dagger+1","Backstab+1"],"relics":["Ring of the Snake","Kunai","Girya","Ice Cream","Cursed Key","The Courier","Vajra","Du-Vu Doll","Darkstone Periapt","Lizard Tail","Ornamental Fan","Omamori","Letter Opener"],"potions_floor_usage":[10,16,18,30,30,33,33,33,38,48],"damage_taken":[{"damage":0,"enemies":"2 Louse","floor":1,"turns":3},{"damage":1,"enemies":"Jaw Worm","floor":2,"turns":4},{"damage":3,"enemies":"Cultist","floor":3,"turns":4},{"damage":28,"enemies":"3 Sentries","floor":7,"turns":11},{"damage":18,"enemies":"Large Slime","floor":8,"turns":8},{"damage":7,"enemies":"Gremlin Nob","floor":10,"turns":3},{"damage":0,"enemies":"2 Fungi Beasts","floor":12,"turns":4},{"damage":3,"enemies":"Looter","floor":14,"turns":4},{"damage":10,"enemies":"Slime Boss","floor":16,"turns":11},{"damage":1,"enemies":"3 Byrds","floor":18,"turns":6},{"damage":28,"enemies":"2 Thieves","floor":20,"turns":4},{"damage":11,"enemies":"Shelled Parasite and Fungi","floor":22,"turns":5},{"damage":32,"enemies":"Gremlin Leader","floor":23,"turns":10},{"damage":2,"enemies":"Centurion and Healer","floor":27,"turns":7},{"damage":3,"enemies":"Chosen and Byrds","floor":29,"turns":4},{"damage":4,"enemies":"Colosseum Slavers","floor":30,"turns":3},{"damage":2,"enemies":"Colosseum Nobs","floor":30,"turns":5},{"damage":0,"enemies":"Snecko","floor":31,"turns":3},{"damage":46,"enemies":"Collector","floor":33,"turns":12},{"damage":12,"enemies":"3 Shapes","floor":35,"turns":5},{"damage":27,"enemies":"3 Darklings","floor":36,"turns":6},{"damage":17,"enemies":"4 Shapes","floor":38,"turns":6},{"damage":37,"enemies":"Spire Growth","floor":41,"turns":6},{"damage":21,"enemies":"Giant Head","floor":45,"turns":9},{"damage":15,"enemies":"Maw","floor":46,"turns":7},{"damage":1,"enemies":"Jaw Worm Horde","floor":48,"turns":3},{"damage":54,"enemies":"Awakened One","floor":50,"turns":12}],"seed_played":"1174896626081785808","potions_obtained":[{"floor":1,"key":"SmokeBomb"},{"floor":12,"key":"Ancient Potion"},{"floor":14,"key":"SkillPotion"},{"floor":16,"key":"Explosive Potion"},{"floor":23,"key":"Fire Potion"},{"floor":27,"key":"Dexterity Potion"},{"floor":30,"key":"Weak Potion"},{"floor":31,"key":"SpeedPotion"},{"floor":36,"key":"Explosive Potion"},{"floor":38,"key":"Strength Potion"},{"floor":46,"key":"AttackPotion"}],"is_trial":false,"path_per_floor":["M","M","M","?","?","R","E","M","T","E","R","M","R","M","R","B",null,"M","?","M","?","M","E","R","?","T","M","R","M","?","M","R","B",null,"M","M","?","M","?","R","M","R","T","R","E","M","R","M","R","B",null],"character_chosen":"THE_SILENT","items_purchased":[],"campfire_rested":9,"item_purchase_floors":[],"current_hp_per_floor":[59,58,55,30,30,55,27,9,9,2,27,27,52,49,49,39,73,72,72,44,44,33,1,26,26,26,24,49,46,40,40,65,19,68,56,29,73,56,56,56,19,40,46,46,25,10,33,32,55,1],"gold":802,"neow_bonus":"TWENTY_PERCENT_HP_BONUS","is_prod":false,"is_daily":false,"chose_seed":false,"campfire_upgraded":0,"win_rate":0,"timestamp":1559395540,"path_taken":["M","M","M","?","?","R","E","?","T","E","R","M","R","M","R","BOSS","M","?","M","?","M","E","R","?","T","M","R","?","?","M","R","BOSS","M","M","?","M","?","R","M","R","T","R","E","M","R","M","R","BOSS"],"build_version":"2019-01-23","purchased_purges":0,"victory":true,"max_hp_per_floor":[84,84,84,84,84,84,84,84,84,84,84,84,84,84,84,84,84,84,84,84,84,84,84,84,84,84,84,84,84,84,84,84,84,84,84,84,73,73,73,73,73,73,79,79,79,79,79,79,79,79],"card_choices":[{"not_picked":["Heel Hook","Flying Knee"],"picked":"Dagger Throw","floor":1},{"not_picked":["PiercingWail","Poisoned Stab"],"picked":"Backstab","floor":2},{"not_picked":["Finisher","Outmaneuver"],"picked":"PiercingWail","floor":3},{"not_picked":["Dagger Spray","Terror"],"picked":"Blade Dance","floor":7},{"not_picked":["Quick Slash","Acrobatics"],"picked":"Infinite Blades","floor":8},{"not_picked":["Bane","Blade Dance"],"picked":"Heel Hook","floor":12},{"not_picked":["Riddle With Holes","Prepared"],"picked":"Leg Sweep","floor":14},{"not_picked":["Phantasmal Killer","Night Terror"],"picked":"Tools of the Trade","floor":16},{"not_picked":["Underhanded Strike","Acrobatics"],"picked":"Infinite Blades","floor":18},{"not_picked":["Deflect","Dagger Spray"],"picked":"Masterful Stab","floor":20},{"not_picked":["Dagger Spray","Riddle With Holes"],"picked":"Prepared","floor":22},{"not_picked":["All Out Attack","Reflex"],"picked":"Dagger Spray","floor":23},{"not_picked":["Quick Slash","Unload"],"picked":"Poisoned Stab+1","floor":27},{"not_picked":["Expertise","Dagger Spray"],"picked":"Quick Slash","floor":29},{"not_picked":["Bouncing Flask+1","Terror"],"picked":"Choke","floor":31},{"not_picked":["Malaise","Tools of the Trade"],"picked":"Wraith Form v2","floor":33},{"not_picked":["Acrobatics","Dagger Throw"],"picked":"Caltrops+1","floor":35},{"not_picked":["Backstab","Catalyst"],"picked":"Well Laid Plans+1","floor":36},{"not_picked":["Quick Slash+1","Slice"],"picked":"Deflect+1","floor":38},{"not_picked":["Riddle With Holes","Predator"],"picked":"Setup","floor":41},{"not_picked":["Dagger Spray+1","Catalyst"],"picked":"Crippling Poison+1","floor":45},{"not_picked":["All Out Attack","Escape Plan+1"],"picked":"Cloak And Dagger+1","floor":46},{"not_picked":["Acrobatics+1","Outmaneuver"],"picked":"Backstab+1","floor":48}],"player_experience":783230,"relics_obtained":[{"floor":7,"key":"Girya"},{"floor":9,"key":"Ice Cream"},{"floor":23,"key":"The Courier"},{"floor":26,"key":"Vajra"},{"floor":30,"key":"Du-Vu Doll"},{"floor":30,"key":"Darkstone Periapt"},{"floor":43,"key":"Omamori"},{"floor":45,"key":"Letter Opener"}],"event_choices":[{"damage_healed":0,"gold_gain":0,"player_choice":"Success","damage_taken":25,"relics_obtained":["Kunai"],"max_hp_gain":0,"max_hp_loss":0,"event_name":"Scrap Ooze","floor":4,"gold_loss":0},{"damage_healed":0,"gold_gain":0,"player_choice":"Upgraded","damage_taken":0,"max_hp_gain":0,"max_hp_loss":0,"event_name":"Upgrade Shrine","floor":5,"gold_loss":0,"cards_upgraded":["Neutralize"]},{"damage_healed":0,"gold_gain":0,"player_choice":"Smashed Altar","damage_taken":0,"max_hp_gain":0,"max_hp_loss":0,"event_name":"Forgotten Altar","floor":19,"gold_loss":0,"cards_obtained":["Decay"]},{"damage_healed":0,"gold_gain":0,"player_choice":"Simplicity","damage_taken":0,"max_hp_gain":0,"max_hp_loss":0,"event_name":"Back to Basics","floor":21,"gold_loss":0,"cards_upgraded":["Defend_G","Defend_G","Defend_G","Defend_G","Defend_G","Strike_G","Strike_G","Strike_G","Strike_G","Strike_G"]},{"damage_healed":0,"gold_gain":0,"player_choice":"Ignored","damage_taken":0,"max_hp_gain":0,"max_hp_loss":0,"event_name":"Vampires","floor":25,"gold_loss":0},{"damage_healed":0,"gold_gain":0,"player_choice":"Fight","damage_taken":0,"max_hp_gain":0,"max_hp_loss":0,"event_name":"Colosseum","floor":30,"gold_loss":0},{"damage_healed":0,"gold_gain":0,"player_choice":"Fought Nobs","damage_taken":0,"max_hp_gain":0,"max_hp_loss":0,"event_name":"Colosseum","floor":30,"gold_loss":0},{"damage_healed":73,"gold_gain":0,"player_choice":"Heal","damage_taken":0,"max_hp_gain":0,"max_hp_loss":11,"event_name":"The Moai Head","floor":37,"gold_loss":0},{"damage_healed":0,"gold_gain":0,"player_choice":"Gave Potion","damage_taken":0,"relics_obtained":["Ornamental Fan"],"max_hp_gain":0,"max_hp_loss":0,"event_name":"WeMeetAgain","floor":39,"gold_loss":0}],"is_beta":false,"boss_relics":[{"not_picked":["Velvet Choker","Fusion Hammer"],"picked":"Cursed Key"},{"not_picked":["Orrery","Tiny House"],"picked":"Lizard Tail"}],"items_purged_floors":[],"is_endless":false,"potions_floor_spawned":[1,12,14,16,23,27,30,31,36,38,46],"ascension_level":8}