{"gold_per_floor":[119,129,146,71,85,85,120,131,154,166,194,206,231,276,288,376,388,419,356,368,0,15,44,44],"floor_reached":24,"playtime":2082,"items_purged":["Normality"],"score":456,"play_id":"2b673927-7e63-41fa-b705-4680121da019","local_time":"20190430212009","is_ascension_mode":true,"campfire_choices":[{"data":"Finisher","floor":6.0,"key":"SMITH"},{"floor":12.0,"key":"REST"},{"data":"Neutralize","floor":15.0,"key":"SMITH"}],"neow_cost":"NONE","seed_source_timestamp":0,"circlet_count":0,"master_deck":["AscendersBane","Defend_G","Defend_G","Defend_G","Defend_G","Defend_G","Strike_G","Strike_G","Strike_G","Survivor","Neutralize+1","Finisher+1","Cloak And Dagger","Underhanded Strike","Quick Slash","Calculated Gamble","PiercingWail","Well Laid Plans","Dagger Throw","Cloak And Dagger","Malaise","Pain","Underhanded Strike+1","Footwork+1","Crippling Poison","Endless Agony"],"special_seed":0,"relics":["Ring of the Snake","Paper Crane","MawBank","Oddly Smooth Stone","Calling Bell","PreservedInsect","Frozen Egg 2","Girya","Omamori","Boot"],"potions_floor_usage":[],"damage_taken":[{"damage":0.0,"enemies":"2 Louse","floor":1.0,"turns":3.0},{"damage":0.0,"enemies":"Cultist","floor":2.0,"turns":3.0},{"damage":0.0,"enemies":"Jaw Worm","floor":3.0,"turns":1.0},{"damage":9.0,"enemies":"Large Slime","floor":5.0,"turns":7.0},{"damage":21.0,"enemies":"3 Sentries","floor":7.0,"turns":11.0},{"damage":7.0,"enemies":"Exordium Wildlife","floor":8.0,"turns":4.0},{"damage":1.0,"enemies":"Red Slaver","floor":11.0,"turns":3.0},{"damage":0.0,"enemies":"Large Slime","floor":13.0,"turns":4.0},{"damage":14.0,"enemies":"Lagavulin","floor":14.0,"turns":5.0},{"damage":16.0,"enemies":"The Guardian","floor":16.0,"turns":19.0},{"damage":27.0,"enemies":"3 Byrds","floor":18.0,"turns":11.0},{"damage":6.0,"enemies":"Shell Parasite","floor":22.0,"turns":9.0},{"damage":11.0,"enemies":"Gremlin Leader","floor":23.0,"turns":7.0},{"damage":21,"enemies":"Shelled Parasite and Fungi","floor":24,"turns":8}],"seed_played":"-4877460109550080743","potions_obtained":[{"floor":1.0,"key":"Fire Potion"},{"floor":5.0,"key":"SpeedPotion"},{"floor":7.0,"key":"Block Potion"},{"floor":10.0,"key":"PowerPotion"},{"floor":16.0,"key":"SkillPotion"},{"floor":22.0,"key":"Explosive Potion"}],"is_trial":false,"path_per_floor":["M","M","M","?","M","R","E","M","T","?","M","R","M","E","R","B",null,"M","?","?","$","M","E","M"],"character_chosen":"THE_SILENT","items_purchased":["Footwork+1","Omamori","PowerPotion"],"campfire_rested":1,"item_purchase_floors":[21,21,21],"current_hp_per_floor":[59,59,59,59,50,50,29,22,22,22,21,40,40,26,26,10,52,25,25,38,38,32,21,0],"gold":44,"neow_bonus":"TRANSFORM_CARD","is_prod":false,"is_daily":false,"chose_seed":false,"campfire_upgraded":2,"win_rate":0,"timestamp":1556673609,"path_taken":["M","M","M","?","M","R","E","M","T","?","?","R","M","E","R","BOSS","M","?","?","$","M","E","M"],"build_version":"2019-01-23","purchased_purges":1,"victory":false,"max_hp_per_floor":[66,66,66,66,66,66,66,66,66,66,66,66,66,66,66,66,66,66,66,66,66,66,66,66],"card_choices":[{"not_picked":["Skewer","Acrobatics"],"picked":"Cloak And Dagger","floor":1.0},{"not_picked":["Setup","Prepared"],"picked":"Underhanded Strike","floor":2.0},{"not_picked":["Setup","Acrobatics"],"picked":"Quick Slash","floor":3.0},{"not_picked":["Concentrate","PiercingWail"],"picked":"Calculated Gamble","floor":5.0},{"not_picked":["Skewer","Night Terror"],"picked":"PiercingWail","floor":7.0},{"not_picked":["Dodge and Roll","Deflect"],"picked":"Well Laid Plans","floor":8.0},{"not_picked":["PiercingWail","Deadly Poison"],"picked":"Dagger Throw","floor":11.0},{"not_picked":["Acrobatics","Well Laid Plans","Dagger Spray"],"picked":"SKIP","floor":13.0},{"not_picked":["Endless Agony","Caltrops"],"picked":"Cloak And Dagger","floor":14.0},{"not_picked":["Tools of the Trade","Storm of Steel"],"picked":"Malaise","floor":16.0},{"not_picked":["Poisoned Stab","Eviscerate"],"picked":"Underhanded Strike+1","floor":18.0},{"not_picked":["Deadly Poison","Underhanded Strike"],"picked":"Crippling Poison","floor":22.0},{"not_picked":["Crippling Poison","Concentrate"],"picked":"Endless Agony","floor":23.0}],"player_experience":1329448,"relics_obtained":[{"floor":7.0,"key":"Paper Crane"},{"floor":9.0,"key":"MawBank"},{"floor":14.0,"key":"Oddly Smooth Stone"},{"floor":17.0,"key":"PreservedInsect"},{"floor":17.0,"key":"Frozen Egg 2"},{"floor":17.0,"key":"Girya"},{"floor":23.0,"key":"Boot"}],"event_choices":[{"cards_removed":["Strike_G"],"damage_healed":0.0,"max_hp_gain":0.0,"max_hp_loss":0.0,"gold_gain":0.0,"event_name":"The Cleric","player_choice":"Card Removal","floor":4.0,"gold_loss":75.0,"damage_taken":0.0},{"damage_healed":0.0,"max_hp_gain":0.0,"max_hp_loss":0.0,"gold_gain":0.0,"event_name":"Lab","player_choice":"Got Potions","floor":10.0,"gold_loss":0.0,"damage_taken":0.0},{"cards_removed":["Normality"],"damage_healed":0.0,"max_hp_gain":0.0,"max_hp_loss":0.0,"gold_gain":0.0,"event_name":"Beggar","player_choice":"Gave Gold","floor":19.0,"gold_loss":75.0,"damage_taken":0.0},{"damage_healed":13.0,"max_hp_gain":0.0,"max_hp_loss":0.0,"gold_gain":0.0,"event_name":"The Library","player_choice":"Heal","floor":20.0,"gold_loss":0.0,"damage_taken":0.0}],"is_beta":false,"boss_relics":[{"not_picked":["HoveringKite","Runic Pyramid"],"picked":"Calling Bell"}],"items_purged_floors":[21],"is_endless":false,"potions_floor_spawned":[1,5,7,16,22],"killed_by":"Shelled Parasite and Fungi","ascension_level":20}