{"gold_per_floor":[115,115,130,9,84,84,84,84,84,84,110,127,93,108,108,210,210,230,230,244,264,264],"floor_reached":22,"playtime":907,"items_purged":["Strike_R"],"score":267,"play_id":"1ad7d09e-56b3-418d-b61c-8a39340f8006","local_time":"20181001111901","is_ascension_mode":true,"campfire_choices":[{"data":"Rampage","floor":6,"key":"SMITH"},{"data":"Shockwave","floor":8,"key":"SMITH"},{"data":"Headbutt","floor":10,"key":"SMITH"},{"data":"Corruption","floor":15,"key":"SMITH"}],"neow_cost":"TEN_PERCENT_HP_LOSS","seed_source_timestamp":1572540854693109,"circlet_count":0,"master_deck":["Strike_R","Strike_R","Defend_R","Defend_R","Defend_R","Defend_R","Bash","Rampage+1","Shockwave+1","Headbutt+1","Corruption+1","Warcry","Dark Embrace","Dropkick","Shrug It Off","Power Through+1"],"relics":["Black Blood","Torii","NlothsMask","Darkstone Periapt"],"potions_floor_usage":[14,18,20,21],"damage_taken":[{"damage":1,"enemies":"Cultist","floor":1,"turns":3},{"damage":7,"enemies":"Jaw Worm","floor":3,"turns":3},{"damage":14,"enemies":"Gremlin Nob","floor":11,"turns":4},{"damage":2,"enemies":"2 Louse","floor":12,"turns":3},{"damage":12,"enemies":"Exordium Wildlife","floor":14,"turns":3},{"damage":19,"enemies":"Hexaghost","floor":16,"turns":8},{"damage":3,"enemies":"Shell Parasite","floor":18,"turns":4},{"damage":39,"enemies":"3 Byrds","floor":20,"turns":8},{"damage":40,"enemies":"Shelled Parasite and Fungi","floor":21,"turns":5},{"damage":26,"enemies":"Snake Plant","floor":22,"turns":3}],"seed_played":"8623525174427023582","potions_obtained":[{"floor":1,"key":"Poison Potion"},{"floor":3,"key":"Ancient Potion"},{"floor":14,"key":"AttackPotion"},{"floor":16,"key":"SkillPotion"},{"floor":20,"key":"Regen Potion"}],"is_trial":false,"path_per_floor":["M","?","M","$","?","R","?","R","T","R","E","M","$","M","R","B",null,"M","?","M","M"],"character_chosen":"IRONCLAD","items_purchased":["Headbutt","Corruption"],"campfire_rested":0,"item_purchase_floors":[4,13],"current_hp_per_floor":[72,72,71,71,60,60,60,60,60,60,52,56,56,50,50,37,63,70,70,41,25,0],"gold":264,"neow_bonus":"ONE_RARE_RELIC","is_prod":false,"is_daily":false,"chose_seed":false,"campfire_upgraded":4,"win_rate":0,"timestamp":1538407141,"path_taken":["M","?","?","$","?","R","?","R","T","R","E","?","$","M","R","BOSS","M","?","M","?","M"],"build_version":"2018-09-27","purchased_purges":1,"victory":false,"max_hp_per_floor":[72,72,72,72,72,72,72,72,72,72,72,72,72,72,72,72,72,72,72,72,72,72],"card_choices":[{"not_picked":["Corruption","Seeing Red"],"picked":"Rampage","floor":1},{"not_picked":["Clothesline","Heavy Blade"],"picked":"Shockwave","floor":3},{"not_picked":["Rupture","Armaments","Fire Breathing"],"picked":"SKIP","floor":11},{"not_picked":["Iron Wave","Cleave","Flex"],"picked":"SKIP","floor":12},{"not_picked":["Clash","Shockwave"],"picked":"Warcry","floor":14},{"not_picked":["Reaper","Feed"],"picked":"Dark Embrace","floor":16},{"not_picked":["Body Slam","Cleave"],"picked":"Dropkick","floor":18},{"not_picked":["Armaments","Iron Wave"],"picked":"Shrug It Off","floor":20},{"not_picked":["Searing Blow+1","Perfected Strike"],"picked":"Power Through+1","floor":21}],"player_experience":544579,"relics_obtained":[{"floor":11,"key":"Darkstone Periapt"}],"event_choices":[{"event_name":"FaceTrader","player_choice":"Trade","floor":2,"damage_taken":0},{"event_name":"World of Goop","player_choice":"Gather Gold","floor":5,"damage_taken":0},{"event_name":"Living Wall","player_choice":"Forget","floor":7,"damage_taken":0},{"event_name":"Back to Basics","player_choice":"Elegance","floor":19,"damage_taken":0}],"is_beta":false,"boss_relics":[{"not_picked":["Mark of Pain","Tiny House"],"picked":"Black Blood"}],"items_purged_floors":[4],"is_endless":false,"potions_floor_spawned":[1,3,14,16,20],"killed_by":"Snake Plant","ascension_level":9}