{"gold_per_floor":[113,113,113,125,136,153,183,31,57,57,57,57,68,14,14,116,166,180,145,145,158,178,178,178],"floor_reached":24,"playtime":2153,"items_purged":[],"score":223,"play_id":"e8500c40-bb49-4952-9bb2-954ce4d6cf26","local_time":"20190911110940","is_ascension_mode":false,"campfire_choices":[{"floor":10,"key":"REST"},{"data":"Genetic Algorithm","floor":12,"key":"SMITH"},{"data":"Echo Form","floor":15,"key":"SMITH"},{"floor":23,"key":"REST"}],"neow_cost":"NONE","seed_source_timestamp":75745639958668,"circlet_count":0,"master_deck":["Strike_B","Strike_B","Strike_B","Defend_B","Defend_B","Defend_B","Defend_B+1","Zap","Dualcast","Cold Snap","Rebound+1","Gash","Gash+1","Auto Shields","Genetic Algorithm+1","Echo Form+1","BootSequence","Ball Lightning","Core Surge","Cold Snap","Hologram","Stack","Coolheaded","Leap"],"relics":["Cracked Core","Strawberry","Orichalcum","Lantern","Tiny House","Whetstone"],"potions_floor_usage":[21,21],"damage_taken":[{"damage":4,"enemies":"2 Louse","floor":1,"turns":4},{"damage":0,"enemies":"Small Slimes","floor":4,"turns":2},{"damage":0,"enemies":"Cultist","floor":5,"turns":3},{"damage":24,"enemies":"Gremlin Gang","floor":6,"turns":5},{"damage":8,"enemies":"Gremlin Nob","floor":7,"turns":4},{"damage":2,"enemies":"Red Slaver","floor":13,"turns":3},{"damage":8,"enemies":"Slime Boss","floor":16,"turns":8},{"damage":55,"enemies":"3 Byrds","floor":18,"turns":7},{"damage":20,"enemies":"2 Thieves","floor":19,"turns":5},{"damage":5,"enemies":"Cultist and Chosen","floor":21,"turns":8},{"damage":8,"enemies":"Snake Plant","floor":22,"turns":8},{"damage":58,"enemies":"3 Cultists","floor":24,"turns":7}],"seed_played":"8964379727487782644","potions_obtained":[{"floor":4,"key":"EssenceOfSteel"},{"floor":6,"key":"Energy Potion"},{"floor":7,"key":"Block Potion"},{"floor":16,"key":"Weak Potion"},{"floor":17,"key":"FairyPotion"},{"floor":22,"key":"Fire Potion"}],"is_trial":false,"path_per_floor":["M","?","?","M","M","M","E","$","T","R","?","R","M","$","R","B",null,"M","M","T","M","M","R","M"],"character_chosen":"DEFECT","items_purchased":["Orichalcum","Ball Lightning"],"campfire_rested":2,"item_purchase_floors":[8,14],"current_hp_per_floor":[71,71,76,76,76,52,51,51,51,77,77,77,75,75,75,67,92,37,17,17,12,4,31,0],"gold":178,"neow_bonus":"THREE_CARDS","is_prod":false,"is_daily":false,"chose_seed":false,"campfire_upgraded":2,"win_rate":0,"timestamp":1568210980,"path_taken":["M","?","?","M","M","M","E","$","T","R","?","R","?","$","R","BOSS","M","?","?","M","M","R","M"],"build_version":"2019-07-17","purchased_purges":0,"victory":false,"max_hp_per_floor":[75,75,80,80,80,80,87,87,87,87,87,87,87,87,87,87,92,92,92,92,92,92,92,92],"card_choices":[{"not_picked":["Reinforced Body","Beam Cell"],"picked":"Cold Snap","floor":0},{"not_picked":["Compile Driver","Beam Cell"],"picked":"Rebound","floor":1},{"not_picked":["Cold Snap","Melter"],"picked":"Gash","floor":4},{"not_picked":["Aggregate","Turbo"],"picked":"Gash","floor":5},{"not_picked":["Steam","Darkness"],"picked":"Auto Shields","floor":6},{"not_picked":["Streamline","Steam Power"],"picked":"Genetic Algorithm","floor":7},{"not_picked":["Barrage","Compile Driver"],"picked":"BootSequence","floor":13},{"not_picked":["Meteor Strike","Thunder Strike"],"picked":"Core Surge","floor":16},{"not_picked":["Conserve Battery","Coolheaded"],"picked":"Cold Snap","floor":17},{"not_picked":["Coolheaded","Ball Lightning"],"picked":"Hologram","floor":18},{"not_picked":["Cold Snap","Rebound"],"picked":"Stack","floor":19},{"not_picked":["Leap","FTL"],"picked":"Coolheaded","floor":21},{"not_picked":["Recycle","Aggregate"],"picked":"Leap","floor":22}],"player_experience":141488,"relics_obtained":[{"floor":7,"key":"Strawberry"},{"floor":9,"key":"Lantern"},{"floor":20,"key":"Whetstone"}],"event_choices":[{"damage_healed":0,"gold_gain":0,"player_choice":"Leave","damage_taken":0,"max_hp_gain":0,"max_hp_loss":0,"event_name":"The Cleric","floor":2,"gold_loss":0},{"damage_healed":0,"gold_gain":0,"player_choice":"Donut","damage_taken":0,"max_hp_gain":5,"max_hp_loss":0,"event_name":"Big Fish","floor":3,"gold_loss":0},{"damage_healed":0,"gold_gain":0,"cards_transformed":["Strike_B"],"player_choice":"Transformed","damage_taken":0,"max_hp_gain":0,"max_hp_loss":0,"event_name":"Transmorgrifier","floor":11,"gold_loss":0,"cards_obtained":["Echo Form"]}],"is_beta":false,"boss_relics":[{"not_picked":["Sozu","Calling Bell"],"picked":"Tiny House"}],"items_purged_floors":[],"is_endless":false,"potions_floor_spawned":[4,6,7,16,18,22],"killed_by":"3 Cultists","ascension_level":0}