{"gold_per_floor":[110,35,35,45,45,79,92,127,150,150,179,192,208,239,239,337,337,355,355],"floor_reached":19,"playtime":1265,"items_purged":["Strike_R"],"score":273,"play_id":"d6ddc137-c575-4a49-8a9f-8a277adb361b","local_time":"20190711111545","is_ascension_mode":true,"campfire_choices":[{"data":"Demon Form","floor":10,"key":"SMITH"},{"data":"Rampage","floor":15,"key":"SMITH"}],"neow_cost":"NONE","seed_source_timestamp":260452905256572,"circlet_count":0,"master_deck":["Strike_R","Strike_R","Strike_R","Defend_R","Defend_R","Defend_R","Defend_R","Bash","Headbutt","Reaper","Armaments","Demon Form+1","Intimidate","Rampage+1","Thunderclap","Battle Trance","Warcry+1"],"relics":["Burning Blood","Ancient Tea Set","Bag of Marbles","Odd Mushroom","Frozen Egg 2","Runic Pyramid"],"potions_floor_usage":[8,11,11],"damage_taken":[{"damage":2,"enemies":"Jaw Worm","floor":1,"turns":3},{"damage":0,"enemies":"Small Slimes","floor":4,"turns":3},{"damage":37,"enemies":"Gremlin Nob","floor":6,"turns":5},{"damage":3,"enemies":"2 Louse","floor":7,"turns":3},{"damage":45,"enemies":"3 Sentries","floor":8,"turns":11},{"damage":11,"enemies":"The Mushroom Lair","floor":11,"turns":3},{"damage":12,"enemies":"Blue Slaver","floor":12,"turns":5},{"damage":17,"enemies":"3 Louse","floor":13,"turns":4},{"damage":32,"enemies":"Gremlin Nob","floor":14,"turns":4},{"damage":0,"enemies":"Slime Boss","floor":16,"turns":5},{"damage":30,"enemies":"3 Byrds","floor":18,"turns":5},{"damage":0,"enemies":"Shell Parasite","floor":19,"turns":2}],"seed_played":"8300098220142282019","potions_obtained":[{"floor":4,"key":"Regen Potion"},{"floor":7,"key":"Block Potion"},{"floor":8,"key":"Explosive Potion"},{"floor":11,"key":"Dexterity Potion"},{"floor":16,"key":"SteroidPotion"}],"is_trial":false,"path_per_floor":["M","$","?","M","?","E","M","E","T","R","?","M","M","E","R","B",null,"M","M"],"character_chosen":"IRONCLAD","items_purchased":[],"campfire_rested":0,"item_purchase_floors":[],"current_hp_per_floor":[80,80,80,80,80,49,60,51,51,51,76,76,73,53,53,66,80,71,71],"gold":355,"neow_bonus":"REMOVE_CARD","is_prod":false,"is_daily":false,"chose_seed":false,"campfire_upgraded":2,"win_rate":0,"timestamp":1562836545,"path_taken":["M","$","?","M","?","E","M","E","T","R","?","M","M","E","R","BOSS","M","M"],"build_version":"2019-07-05","purchased_purges":1,"victory":false,"max_hp_per_floor":[80,80,80,80,80,80,80,80,80,80,80,80,80,80,80,80,80,80,80],"card_choices":[{"not_picked":["Iron Wave","Havoc"],"picked":"Headbutt","floor":1},{"not_picked":["Clash","Dual Wield","Metallicize"],"picked":"SKIP","floor":4},{"not_picked":["Clothesline","Flame Barrier"],"picked":"Reaper","floor":6},{"not_picked":["Sentinel","Whirlwind"],"picked":"Armaments","floor":7},{"not_picked":["Warcry","Twin Strike"],"picked":"Demon Form","floor":8},{"not_picked":["Iron Wave","Fire Breathing"],"picked":"Intimidate","floor":11},{"not_picked":["Heavy Blade","Carnage"],"picked":"Rampage","floor":12},{"not_picked":["Uppercut","Infernal Blade"],"picked":"Thunderclap","floor":13},{"not_picked":["True Grit","Warcry"],"picked":"Battle Trance","floor":14},{"not_picked":["Evolve+1","Havoc"],"picked":"Warcry+1","floor":18}],"player_experience":32638,"relics_obtained":[{"floor":6,"key":"Ancient Tea Set"},{"floor":8,"key":"Bag of Marbles"},{"floor":11,"key":"Odd Mushroom"},{"floor":14,"key":"Frozen Egg 2"}],"event_choices":[{"damage_healed":0,"gold_gain":0,"player_choice":"Leave","damage_taken":0,"max_hp_gain":0,"max_hp_loss":0,"event_name":"The Cleric","floor":3,"gold_loss":0},{"damage_healed":0,"gold_gain":0,"player_choice":"Ignored","damage_taken":0,"max_hp_gain":0,"max_hp_loss":0,"event_name":"Liars Game","floor":5,"gold_loss":0},{"damage_healed":0,"gold_gain":0,"player_choice":"Fought Mushrooms","damage_taken":0,"max_hp_gain":0,"max_hp_loss":0,"event_name":"Mushrooms","floor":11,"gold_loss":0}],"is_beta":false,"boss_relics":[{"not_picked":["White Beast Statue","Ectoplasm"],"picked":"Runic Pyramid"}],"items_purged_floors":[2],"is_endless":false,"potions_floor_spawned":[4,7,8,11,16],"killed_by":"Shell Parasite","ascension_level":3}