{"gold_per_floor":[118,118,138,150,165,165,175,175,175,29,29,61,61,95,95,194,194,213,228,228,241,9,9,19,19,46,46,57,72,72,22,22,22],"floor_reached":33,"playtime":1952,"items_purged":[],"score":398,"play_id":"84e25cfa-6590-490b-bbbf-eb8988be29ac","local_time":"20181124130056","is_ascension_mode":true,"campfire_choices":[{"data":"Riddle With Holes","floor":6,"key":"SMITH"},{"data":"Sucker Punch","floor":8,"key":"SMITH"},{"data":"Poisoned Stab","floor":11,"key":"SMITH"},{"data":"Night Terror","floor":15,"key":"SMITH"},{"floor":23,"key":"REST"},{"floor":25,"key":"REST"},{"data":"Catalyst","floor":27,"key":"SMITH"},{"data":"Burst","floor":30,"key":"SMITH"},{"floor":32,"key":"REST"}],"neow_cost":"NONE","seed_source_timestamp":489301599070082,"circlet_count":0,"master_deck":["AscendersBane","Defend_G","Defend_G","Defend_G","Defend_G","Defend_G","Strike_G","Strike_G","Survivor","Neutralize","Deflect+1","Riddle With Holes+1","Poisoned Stab+1","Sucker Punch+1","Flying Knee","Night Terror+1","Burst+1","Bane+1","Catalyst+1","Writhe","Escape Plan","Finesse+1","Poisoned Stab+1"],"relics":["Ring of the Snake","Mummified Hand","Snake Skull","Juzu Bracelet","Thread and Needle","Empty Cage","Darkstone Periapt","PrismaticShard","Anchor"],"potions_floor_usage":[14,16,19,21,33],"damage_taken":[{"damage":1,"enemies":"Small Slimes","floor":1,"turns":6},{"damage":3,"enemies":"Cultist","floor":3,"turns":6},{"damage":0,"enemies":"2 Louse","floor":4,"turns":3},{"damage":5,"enemies":"Exordium Wildlife","floor":5,"turns":4},{"damage":0,"enemies":"Looter","floor":7,"turns":3},{"damage":10,"enemies":"Gremlin Nob","floor":12,"turns":4},{"damage":30,"enemies":"3 Sentries","floor":14,"turns":7},{"damage":9,"enemies":"The Guardian","floor":16,"turns":13},{"damage":12,"enemies":"Spheric Guardian","floor":18,"turns":4},{"damage":0,"enemies":"Shell Parasite","floor":19,"turns":7},{"damage":37,"enemies":"Sentry and Sphere","floor":21,"turns":9},{"damage":26,"enemies":"Chosen and Byrds","floor":24,"turns":8},{"damage":0,"enemies":"Centurion and Healer","floor":28,"turns":7},{"damage":0,"enemies":"Snake Plant","floor":29,"turns":2},{"damage":96,"enemies":"Automaton","floor":33,"turns":12}],"seed_played":"5869512789719929534","potions_obtained":[{"floor":4,"key":"PowerPotion"},{"floor":5,"key":"Ancient Potion"},{"floor":7,"key":"Weak Potion"},{"floor":14,"key":"Explosive Potion"},{"floor":16,"key":"Energy Potion"},{"floor":29,"key":"GhostInAJar"}],"is_trial":false,"path_per_floor":["M","?","M","M","M","R","M","R","T","$","R","E","?","E","R","B",null,"M","M","?","M","$","R","M","R","T","R","M","M","R","?","R","B"],"character_chosen":"THE_SILENT","items_purchased":["Snake Skull","PrismaticShard","Escape Plan"],"campfire_rested":3,"item_purchase_floors":[10,22,22],"current_hp_per_floor":[62,62,59,59,54,54,54,54,54,54,54,44,67,37,37,28,60,48,48,54,17,17,39,13,35,35,35,35,35,35,35,57,0],"gold":22,"neow_bonus":"REMOVE_CARD","is_prod":false,"is_daily":false,"chose_seed":false,"campfire_upgraded":6,"win_rate":0,"timestamp":1543082456,"path_taken":["M","?","M","M","?","R","M","R","T","?","R","E","?","E","R","BOSS","M","M","?","M","$","R","M","R","T","R","M","M","R","?","R","BOSS"],"build_version":"2018-11-15","purchased_purges":0,"victory":false,"max_hp_per_floor":[70,70,70,70,70,70,70,70,70,70,70,70,70,70,70,70,70,70,70,76,76,76,76,76,76,76,76,76,76,76,76,76,76],"card_choices":[{"not_picked":["Sucker Punch","Outmaneuver"],"picked":"Deflect","floor":1},{"not_picked":["Slice","Dash"],"picked":"Riddle With Holes","floor":3},{"not_picked":["Outmaneuver","Die Die Die"],"picked":"Poisoned Stab","floor":4},{"not_picked":["Endless Agony","Poisoned Stab"],"picked":"Sucker Punch","floor":5},{"not_picked":["Prepared","Slice"],"picked":"Flying Knee","floor":7},{"not_picked":["Outmaneuver","Venomology"],"picked":"Night Terror","floor":12},{"not_picked":["Endless Agony","Bane","Venomology"],"picked":"SKIP","floor":14},{"not_picked":["Venomology","Envenom"],"picked":"Burst","floor":16},{"not_picked":["Flying Knee+1","Sucker Punch+1"],"picked":"Bane+1","floor":18},{"not_picked":["Backstab+1","Flying Knee"],"picked":"Catalyst","floor":19},{"not_picked":["PiercingWail","Sucker Punch","Concentrate"],"picked":"SKIP","floor":21},{"not_picked":["All Out Attack","Coolheaded"],"picked":"Finesse+1","floor":24},{"not_picked":["Hyperbeam","Burning Pact"],"picked":"Poisoned Stab+1","floor":28},{"not_picked":["Choke","Evolve+1","Cloak And Dagger"],"picked":"SKIP","floor":29}],"player_experience":701982,"relics_obtained":[{"floor":9,"key":"Mummified Hand"},{"floor":12,"key":"Juzu Bracelet"},{"floor":14,"key":"Thread and Needle"},{"floor":26,"key":"Anchor"}],"event_choices":[{"damage_healed":0,"gold_gain":0,"player_choice":"Upgraded","damage_taken":0,"max_hp_gain":0,"max_hp_loss":0,"event_name":"Upgrade Shrine","floor":2,"gold_loss":0,"cards_upgraded":["Deflect"]},{"damage_healed":23,"gold_gain":0,"player_choice":"Banana","damage_taken":0,"max_hp_gain":0,"max_hp_loss":0,"event_name":"Big Fish","floor":13,"gold_loss":0},{"damage_healed":0,"gold_gain":0,"player_choice":"Opened","damage_taken":0,"relics_obtained":["Darkstone Periapt"],"max_hp_gain":0,"max_hp_loss":0,"event_name":"The Mausoleum","floor":20,"gold_loss":0,"cards_obtained":["Writhe"]},{"damage_healed":0,"gold_gain":0,"player_choice":"Bet on Murderer","damage_taken":0,"max_hp_gain":0,"max_hp_loss":0,"event_name":"The Joust","floor":31,"gold_loss":50}],"is_beta":false,"boss_relics":[{"not_picked":["Astrolabe","Calling Bell"],"picked":"Empty Cage"}],"items_purged_floors":[],"is_endless":false,"potions_floor_spawned":[4,5,7,14,16,18,29],"killed_by":"Automaton","ascension_level":11}