{"gold_per_floor":[113,123,138,153,167,200,200,226,281,281,281],"floor_reached":11,"playtime":901,"items_purged":[],"score":98,"play_id":"74d3aba5-2287-4c84-8413-90ff149506f8","local_time":"20190909121035","is_ascension_mode":true,"campfire_choices":[{"floor":7,"key":"REST"}],"neow_cost":"NONE","seed_source_timestamp":437331902556600,"circlet_count":0,"master_deck":["Strike_R","Strike_R","Strike_R","Strike_R","Strike_R","Defend_R+1","Defend_R","Defend_R+1","Defend_R","Bash","Clothesline","Uppercut","Sentinel","Armaments","Armaments","Fiend Fire","Twin Strike"],"relics":["Burning Blood","War Paint","The Courier","Dream Catcher","Toxic Egg 2"],"potions_floor_usage":[11],"damage_taken":[{"damage":4,"enemies":"2 Louse","floor":1,"turns":4},{"damage":0,"enemies":"Cultist","floor":2,"turns":4},{"damage":0,"enemies":"Jaw Worm","floor":3,"turns":4},{"damage":2,"enemies":"Blue Slaver","floor":4,"turns":5},{"damage":10,"enemies":"2 Fungi Beasts","floor":5,"turns":6},{"damage":50,"enemies":"3 Sentries","floor":6,"turns":13},{"damage":51,"enemies":"Gremlin Nob","floor":8,"turns":6},{"damage":15,"enemies":"Large Slime","floor":11,"turns":4}],"seed_played":"1072151763455739056","potions_obtained":[{"floor":2,"key":"Strength Potion"},{"floor":4,"key":"Strength Potion"},{"floor":6,"key":"EssenceOfSteel"}],"is_trial":false,"path_per_floor":["M","M","M","M","M","E","R","E","T","?","M"],"character_chosen":"IRONCLAD","items_purchased":[],"campfire_rested":1,"item_purchase_floors":[],"current_hp_per_floor":[80,80,80,80,76,32,56,11,11,11,0],"gold":281,"neow_bonus":"RANDOM_COMMON_RELIC","is_prod":false,"is_daily":false,"chose_seed":false,"campfire_upgraded":0,"win_rate":0,"timestamp":1568049035,"path_taken":["M","M","M","M","M","E","R","E","T","?","M"],"build_version":"2019-07-17","purchased_purges":0,"victory":false,"max_hp_per_floor":[80,80,80,80,80,80,80,80,80,80,80],"card_choices":[{"not_picked":["Twin Strike","Iron Wave"],"picked":"Clothesline","floor":1},{"not_picked":["Perfected Strike","Battle Trance"],"picked":"Uppercut","floor":2},{"not_picked":["Cleave","Heavy Blade"],"picked":"Sentinel","floor":3},{"not_picked":["Power Through","Heavy Blade"],"picked":"Armaments","floor":4},{"not_picked":["Body Slam","Flex"],"picked":"Armaments","floor":5},{"not_picked":["True Grit","Cleave"],"picked":"Fiend Fire","floor":6},{"not_picked":["Headbutt","Wild Strike"],"picked":"Twin Strike","floor":8}],"player_experience":295000,"relics_obtained":[{"floor":6,"key":"The Courier"},{"floor":8,"key":"Dream Catcher"}],"event_choices":[{"damage_healed":0,"gold_gain":0,"player_choice":"Gave Potion","damage_taken":0,"relics_obtained":["Toxic Egg 2"],"max_hp_gain":0,"max_hp_loss":0,"event_name":"WeMeetAgain","floor":10,"gold_loss":0}],"is_beta":false,"boss_relics":[],"items_purged_floors":[],"is_endless":false,"potions_floor_spawned":[2,4,6],"killed_by":"Large Slime","ascension_level":3}