{"gold_per_floor":[114,114,126,126,1,16,16,16,68,68,98,156,166,23,23,100,100,112,112,59,59,59,59,88,99,124,124,140,151,151,171,171,171],"floor_reached":33,"playtime":1462,"items_purged":["Pain","Strike_B"],"score":512,"play_id":"614e4a5c-80b3-4dfa-9e2c-0051aa241af4","local_time":"20190811130722","is_ascension_mode":true,"campfire_choices":[{"data":"Zap","floor":7.0,"key":"SMITH"},{"floor":15.0,"key":"REST"},{"floor":23.0,"key":"REST"},{"floor":27.0,"key":"REST"},{"floor":32,"key":"REST"}],"neow_cost":"NONE","seed_source_timestamp":19710180487019,"circlet_count":0,"master_deck":["AscendersBane","Defend_B","Defend_B","Defend_B","Defend_B","Zap+1","Dualcast","Doom and Gloom","Compile Driver","Conserve Battery","Ball Lightning","Genetic Algorithm+1","Stack","Double Energy","Reinforced Body","Multi-Cast+1","Go for the Eyes","Bite","Bite","Bite","Bite","Bite","Biased Cognition","Cold Snap","Hologram","Self Repair","Undo","Cold Snap"],"special_seed":0,"relics":["Cracked Core","NeowsBlessing","WarpedTongs","Anchor","Matryoshka","Blue Candle","Symbiotic Virus","Lizard Tail","Strawberry","Happy Flower","Blood Vial","War Paint","Bottled Flame"],"potions_floor_usage":[31],"damage_taken":[{"damage":0.0,"enemies":"Small Slimes","floor":1.0,"turns":1.0},{"damage":0.0,"enemies":"Cultist","floor":3.0,"turns":1.0},{"damage":0.0,"enemies":"Jaw Worm","floor":6.0,"turns":1.0},{"damage":28.0,"enemies":"Gremlin Nob","floor":11.0,"turns":4.0},{"damage":30.0,"enemies":"Lagavulin Event","floor":12.0,"turns":4.0},{"damage":5.0,"enemies":"Blue Slaver","floor":13.0,"turns":5.0},{"damage":10.0,"enemies":"Hexaghost","floor":16.0,"turns":9.0},{"damage":31.0,"enemies":"3 Byrds","floor":18.0,"turns":5.0},{"damage":24.0,"enemies":"Book of Stabbing","floor":24.0,"turns":5.0},{"damage":11.0,"enemies":"Spheric Guardian","floor":25.0,"turns":3.0},{"damage":24.0,"enemies":"Snake Plant","floor":28.0,"turns":5.0},{"damage":34.0,"enemies":"Shelled Parasite and Fungi","floor":29.0,"turns":6.0},{"damage":39,"enemies":"Chosen and Byrds","floor":31,"turns":8},{"damage":88,"enemies":"Collector","floor":33,"turns":6}],"seed_played":"-5616555795989061883","potions_obtained":[{"floor":1.0,"key":"AttackPotion"},{"floor":6.0,"key":"Block Potion"},{"floor":16.0,"key":"Ancient Potion"},{"floor":28.0,"key":"Swift Potion"}],"is_trial":false,"path_per_floor":["M","?","M","?","$","M","R","$","T","T","E","?","M","$","R","B",null,"M","?","$","?","?","R","E","M","T","R","M","M","T","M","R","B"],"character_chosen":"DEFECT","items_purchased":["Conserve Battery","Reinforced Body","Fire Potion"],"campfire_rested":4,"item_purchase_floors":[5,14,20],"current_hp_per_floor":[64,69,69,69,69,69,69,69,69,69,41,11,6,6,28,18,62,31,31,31,31,17,34,26,21,21,40,29,22,22,1,20,0],"gold":171,"neow_bonus":"THREE_ENEMY_KILL","is_prod":false,"is_daily":false,"chose_seed":false,"campfire_upgraded":1,"win_rate":0,"timestamp":1565492842,"path_taken":["M","?","M","?","$","?","R","$","T","?","E","?","M","$","R","BOSS","M","?","$","?","?","R","E","M","T","R","?","M","?","M","R","BOSS"],"build_version":"2019-07-17","purchased_purges":2,"victory":false,"max_hp_per_floor":[71,76,76,76,76,76,76,76,76,76,76,76,76,76,76,76,76,76,53,53,53,58,58,65,65,65,65,65,65,65,65,65,65],"card_choices":[{"not_picked":["Tempest","Reinforced Body"],"picked":"Doom and Gloom","floor":1.0},{"not_picked":["Hello World","Loop"],"picked":"Compile Driver","floor":3.0},{"not_picked":["Compile Driver","Aggregate"],"picked":"Ball Lightning","floor":6.0},{"not_picked":["Beam Cell","Turbo"],"picked":"Genetic Algorithm","floor":11.0},{"not_picked":["Barrage","Conserve Battery"],"picked":"Stack","floor":12.0},{"not_picked":["Streamline","Conserve Battery"],"picked":"Double Energy","floor":13.0},{"not_picked":["Seek","Meteor Strike"],"picked":"Multi-Cast","floor":16.0},{"not_picked":["Leap","Stack+1"],"picked":"Go for the Eyes","floor":18.0},{"not_picked":["Coolheaded","Redo"],"picked":"Cold Snap","floor":24.0},{"not_picked":["Cold Snap","Streamline+1"],"picked":"Hologram","floor":25.0},{"not_picked":["Stack","Compile Driver"],"picked":"Self Repair","floor":28.0},{"not_picked":["Doom and Gloom","Loop"],"picked":"Undo","floor":29.0},{"not_picked":["Gash","Leap"],"picked":"Cold Snap","floor":31}],"player_experience":1195790,"relics_obtained":[{"floor":9.0,"key":"Anchor"},{"floor":10.0,"key":"Matryoshka"},{"floor":11.0,"key":"Blue Candle"},{"floor":12.0,"key":"Symbiotic Virus"},{"floor":24.0,"key":"Strawberry"},{"floor":26.0,"key":"Happy Flower"},{"floor":26.0,"key":"Blood Vial"},{"floor":30.0,"key":"War Paint"},{"floor":30.0,"key":"Bottled Flame"}],"event_choices":[{"damage_healed":0.0,"max_hp_gain":5.0,"max_hp_loss":0.0,"gold_gain":0.0,"event_name":"Big Fish","player_choice":"Donut","floor":2.0,"gold_loss":0.0,"damage_taken":0.0},{"damage_healed":0.0,"max_hp_gain":0.0,"max_hp_loss":0.0,"gold_gain":0.0,"event_name":"Accursed Blacksmith","player_choice":"Rummage","floor":4.0,"gold_loss":0.0,"damage_taken":0.0,"relics_obtained":["WarpedTongs"],"cards_obtained":["Pain"]},{"damage_healed":0.0,"max_hp_gain":0.0,"max_hp_loss":0.0,"gold_gain":0.0,"event_name":"Dead Adventurer","player_choice":"Searched \u00271\u0027 times","floor":12.0,"gold_loss":0.0,"damage_taken":0.0},{"damage_healed":0.0,"max_hp_gain":0.0,"max_hp_loss":23.0,"gold_gain":0.0,"event_name":"Vampires","player_choice":"Became a vampire","floor":19.0,"gold_loss":0.0,"damage_taken":0.0,"cards_obtained":["Bite","Bite","Bite","Bite","Bite"]},{"damage_healed":0.0,"max_hp_gain":0.0,"max_hp_loss":0.0,"gold_gain":0.0,"event_name":"The Library","player_choice":"Read","floor":21.0,"gold_loss":0.0,"damage_taken":0.0,"cards_obtained":["Biased Cognition"]},{"damage_healed":0.0,"max_hp_gain":5.0,"max_hp_loss":0.0,"gold_gain":0.0,"event_name":"Forgotten Altar","player_choice":"Shed Blood","floor":22.0,"gold_loss":0.0,"damage_taken":19.0}],"is_beta":false,"boss_relics":[{"not_picked":["Coffee Dripper","White Beast Statue"],"picked":"Lizard Tail"}],"items_purged_floors":[5,14],"is_endless":false,"potions_floor_spawned":[1,6,16,24,28],"killed_by":"Collector","ascension_level":17}