{"path_per_floor":["M","M","M","M","$","E","$","M","T","M","?","?","R","M","R","B",null,"M","?","$","M"],"character_chosen":"IRONCLAD","items_purchased":["Combust","Warcry","Block Potion","Meat on the Bone","Blood for Blood"],"gold_per_floor":[112,127,145,163,36,70,22,42,92,112,112,112,112,130,130,253,291,306,306,10,35,35],"floor_reached":22,"campfire_rested":2,"playtime":1730,"current_hp_per_floor":[77,73,69,63,63,59,59,48,48,35,35,35,59,51,75,34,86,55,55,55,53,0],"items_purged":[],"gold":35,"score":226,"play_id":"e8d2a66e-825b-4673-9358-021e0f8723a6","local_time":"20180408232738","is_prod":false,"is_daily":false,"is_ascension_mode":true,"campfire_upgraded":0,"timestamp":1523244458,"path_taken":["M","M","?","M","$","E","$","M","T","M","?","?","R","M","R","BOSS","M","?","$","?","M"],"build_version":"2018-04-05v2","purchased_purges":0,"victory":false,"master_deck":["Sword Boomerang","Headbutt","Rampage+1","Thunderclap","Clothesline","Flame Barrier","Rupture","Hemokinesis","Armaments+1","Heavy Blade","True Grit","Shrug It Off","Iron Wave","Combust","Warcry","Cleave","Combust","Headbutt","Feed","Shockwave","True Grit","Blood for Blood","Twin Strike+1"],"max_hp_per_floor":[80,80,80,80,80,87,87,87,87,87,81,81,81,81,81,81,86,86,86,86,86,86],"relics":["Pandora\u0027s Box","Strawberry","Prayer Wheel","Golden Idol","Tiny House","Meat on the Bone"],"card_choices":[{"not_picked":["Body Slam","Reckless Charge"],"picked":"Heavy Blade","floor":1},{"not_picked":["Power Through","Disarm"],"picked":"True Grit","floor":2},{"not_picked":["Evolve","Flex"],"picked":"Shrug It Off","floor":3},{"not_picked":["Metallicize","Headbutt"],"picked":"Iron Wave","floor":4},{"not_picked":["Immolate","Anger"],"picked":"Cleave","floor":6},{"not_picked":["Rage","Reckless Charge"],"picked":"Combust","floor":8},{"not_picked":["Clash","Spot Weakness"],"picked":"Headbutt","floor":10},{"not_picked":["Demon Form","Brutality"],"picked":"Feed","floor":16},{"not_picked":["Shrug It Off","Cleave"],"picked":"Shockwave","floor":17},{"not_picked":["Perfected Strike","Metallicize"],"picked":"True Grit","floor":18},{"not_picked":["Searing Blow","Havoc"],"picked":"Twin Strike","floor":21}],"player_experience":199335,"potions_floor_usage":[6,16,16,18,21,21],"damage_taken":[{"damage":3,"enemies":"Cultist","floor":1,"turns":3},{"damage":4,"enemies":"Jaw Worm","floor":2,"turns":3},{"damage":4,"enemies":"Small Slimes","floor":3,"turns":2},{"damage":6,"enemies":"3 Louse","floor":4,"turns":4},{"damage":11,"enemies":"Gremlin Nob","floor":6,"turns":5},{"damage":11,"enemies":"Blue Slaver","floor":8,"turns":3},{"damage":13,"enemies":"Exordium Thugs","floor":10,"turns":4},{"damage":8,"enemies":"Exordium Wildlife","floor":14,"turns":3},{"damage":41,"enemies":"The Guardian","floor":16,"turns":9},{"damage":31,"enemies":"Shell Parasite","floor":18,"turns":8},{"damage":2,"enemies":"3 Byrds","floor":21,"turns":3},{"damage":54,"enemies":"Cultist and Chosen","floor":22,"turns":6}],"event_choices":[{"event_name":"Golden Idol","player_choice":"Lose Max HP","floor":11,"damage_taken":0},{"event_name":"Upgrade Shrine","player_choice":"Upgraded","floor":12,"damage_taken":0},{"event_name":"Bonfire Elementals","player_choice":"BASIC","floor":19,"damage_taken":0}],"boss_relics":[{"not_picked":["Mark of Pain","Runic Dome"],"picked":"Tiny House"}],"potions_floor_spawned":[2,3,8,10,18],"seed_played":"2830786984550381345","killed_by":"Cultist and Chosen","ascension_level":4,"is_trial":false}