{"gold_per_floor":[359,359,372,94,109,109,284,284,307,307,324,324,356,356,356,458,458,478,14,26,40,40],"floor_reached":22,"playtime":1669,"items_purged":["Defend_B"],"score":201,"play_id":"f73b7e12-d796-410d-909e-cecfc0e6de3d","local_time":"20190826001406","is_ascension_mode":true,"campfire_choices":[{"floor":6,"key":"RECALL"},{"data":"Fission","floor":8,"key":"SMITH"},{"data":"Defragment","floor":10,"key":"SMITH"},{"floor":15,"key":"REST"}],"neow_cost":"TEN_PERCENT_HP_LOSS","seed_source_timestamp":1534376600900,"circlet_count":0,"master_deck":["Strike_B","Strike_B","Strike_B","Strike_B","Defend_B","Defend_B","Defend_B","Zap","Dualcast","Defragment+1","Fission+1","Finesse","Redo","Cold Snap","Force Field","Hologram","Conserve Battery","Biased Cognition","Cold Snap","Melter+1","Cold Snap"],"relics":["Cracked Core","HandDrill","Pen Nib","Spirit Poop","Runic Pyramid","ClockworkSouvenir","Meat on the Bone"],"potions_floor_usage":[16,16],"damage_taken":[{"damage":0,"enemies":"Small Slimes","floor":1,"turns":4},{"damage":1,"enemies":"Cultist","floor":3,"turns":3},{"damage":5,"enemies":"Jaw Worm","floor":5,"turns":3},{"damage":2,"enemies":"2 Fungi Beasts","floor":11,"turns":3},{"damage":36,"enemies":"Lagavulin","floor":13,"turns":11},{"damage":34,"enemies":"Slime Boss","floor":16,"turns":13},{"damage":22,"enemies":"2 Thieves","floor":18,"turns":4},{"damage":0,"enemies":"Spheric Guardian","floor":20,"turns":4},{"damage":29,"enemies":"Centurion and Healer","floor":21,"turns":5},{"damage":35,"enemies":"Snake Plant","floor":22,"turns":5}],"seed_played":"-8255311738866107604","potions_obtained":[{"floor":5,"key":"FocusPotion"},{"floor":11,"key":"FocusPotion"},{"floor":18,"key":"LiquidBronze"},{"floor":20,"key":"LiquidBronze"}],"is_trial":false,"path_per_floor":["M","?","M","$","M","R","?","R","T","R","M","?","E","?","R","B",null,"M","$","M","M","M"],"character_chosen":"DEFECT","items_purchased":["HandDrill","ClockworkSouvenir","Meat on the Bone"],"campfire_rested":1,"item_purchase_floors":[4,19,19],"current_hp_per_floor":[68,68,67,67,62,62,62,62,62,62,60,65,29,29,50,16,73,51,51,51,34,0],"gold":40,"neow_bonus":"TWO_FIFTY_GOLD","is_prod":false,"is_daily":false,"chose_seed":false,"campfire_upgraded":2,"win_rate":0,"timestamp":1566796446,"path_taken":["M","?","?","$","M","R","?","R","T","R","M","?","E","?","R","BOSS","M","$","M","?","M"],"build_version":"2019-07-17","purchased_purges":1,"victory":false,"max_hp_per_floor":[68,68,68,68,68,68,68,68,68,68,68,73,73,73,73,73,73,73,73,73,73,73],"card_choices":[{"not_picked":["Barrage","Lockon"],"picked":"Defragment","floor":1},{"not_picked":["Skim","Go for the Eyes"],"picked":"Cold Snap","floor":3},{"not_picked":["White Noise","Sweeping Beam"],"picked":"Force Field","floor":5},{"not_picked":["Beam Cell","Streamline"],"picked":"Hologram","floor":11},{"not_picked":["Sweeping Beam","Buffer"],"picked":"Conserve Battery","floor":13},{"not_picked":["Echo Form","Hyperbeam"],"picked":"Biased Cognition","floor":16},{"not_picked":["Skim","Go for the Eyes"],"picked":"Cold Snap","floor":18},{"not_picked":["Steam","Static Discharge+1"],"picked":"Melter+1","floor":20},{"not_picked":["Leap","Redo+1"],"picked":"Cold Snap","floor":21}],"player_experience":203274,"relics_obtained":[{"floor":13,"key":"Pen Nib"}],"event_choices":[{"damage_healed":0,"gold_gain":0,"player_choice":"3 cards matched","damage_taken":0,"max_hp_gain":0,"max_hp_loss":0,"event_name":"Match and Keep!","floor":2,"gold_loss":0,"cards_obtained":["Fission","Finesse","Redo"]},{"damage_healed":0,"gold_gain":175,"player_choice":"AGREE","damage_taken":0,"max_hp_gain":0,"max_hp_loss":0,"event_name":"Liars Game","floor":7,"gold_loss":0,"cards_obtained":["Doubt"]},{"damage_healed":0,"gold_gain":0,"player_choice":"Donut","damage_taken":0,"max_hp_gain":5,"max_hp_loss":0,"event_name":"Big Fish","floor":12,"gold_loss":0},{"cards_removed":["Doubt"],"damage_healed":0,"gold_gain":0,"player_choice":"Offered Curse","damage_taken":0,"relics_obtained":["Spirit Poop"],"max_hp_gain":0,"max_hp_loss":0,"event_name":"Bonfire Elementals","floor":14,"gold_loss":0}],"is_beta":false,"boss_relics":[{"not_picked":["Runic Dome","White Beast Statue"],"picked":"Runic Pyramid"}],"items_purged_floors":[4],"is_endless":false,"potions_floor_spawned":[5,11,18,20],"killed_by":"Snake Plant","ascension_level":2}