{"gold_per_floor":[117,117,130,130,142,176,19,19,65,65,77,91,91,121,133,219,231,261,285,307,337,349,361],"floor_reached":23,"playtime":829,"items_purged":[],"score":370,"play_id":"79b8a307-f09c-4e4f-be35-39fd3d6b2bcc","local_time":"20190709144619","is_ascension_mode":true,"campfire_choices":[{"data":"Inflame","floor":8.0,"key":"SMITH"},{"data":"Heavy Blade","floor":10.0,"key":"SMITH"},{"data":"Whirlwind","floor":13.0,"key":"SMITH"},{"floor":15.0,"key":"REST"}],"neow_cost":"NONE","seed_source_timestamp":0,"circlet_count":0,"master_deck":["AscendersBane","Strike_R+1","Strike_R","Strike_R+1","Strike_R","Defend_R","Defend_R","Defend_R","Defend_R","Bash","Clothesline","Inflame+1","Rampage","Heavy Blade+1","Whirlwind+1","Pommel Strike","Juggernaut","Feed","Uppercut","Shockwave+1","Rupture+1","Anger+1","J.A.X."],"special_seed":0,"relics":["Burning Blood","Bag of Marbles","Anchor","Orichalcum","MawBank","Runic Cube"],"potions_floor_usage":[],"damage_taken":[{"damage":10.0,"enemies":"2 Louse","floor":1.0,"turns":3.0},{"damage":7.0,"enemies":"Small Slimes","floor":3.0,"turns":3.0},{"damage":4.0,"enemies":"Cultist","floor":5.0,"turns":3.0},{"damage":30.0,"enemies":"Gremlin Nob","floor":6.0,"turns":4.0},{"damage":3.0,"enemies":"Blue Slaver","floor":11.0,"turns":3.0},{"damage":0.0,"enemies":"Looter","floor":12.0,"turns":2.0},{"damage":18.0,"enemies":"3 Sentries","floor":14.0,"turns":5.0},{"damage":44.0,"enemies":"The Guardian","floor":16.0,"turns":9.0},{"damage":0.0,"enemies":"3 Byrds","floor":18.0,"turns":2.0},{"damage":26.0,"enemies":"Spheric Guardian","floor":19.0,"turns":5.0},{"damage":23.0,"enemies":"Shelled Parasite and Fungi","floor":20.0,"turns":5.0},{"damage":31.0,"enemies":"Centurion and Healer","floor":21.0,"turns":5.0},{"damage":24,"enemies":"Snake Plant","floor":23,"turns":3}],"seed_played":"8944338028544228100","potions_obtained":[{"floor":3.0,"key":"Fruit Juice"},{"floor":5.0,"key":"SkillPotion"},{"floor":14.0,"key":"Explosive Potion"},{"floor":18.0,"key":"SpeedPotion"}],"is_trial":false,"path_per_floor":["M","?","M","?","M","E","$","R","T","R","M","M","R","E","R","B",null,"M","M","M","M","?","M"],"character_chosen":"IRONCLAD","items_purchased":["Anchor"],"campfire_rested":1,"item_purchase_floors":[7],"current_hp_per_floor":[71,55,54,54,56,37,37,37,37,37,40,46,46,34,60,22,71,77,60,46,24,24,0],"gold":361,"neow_bonus":"TEN_PERCENT_HP_BONUS","is_prod":false,"is_daily":false,"chose_seed":false,"campfire_upgraded":3,"win_rate":0,"timestamp":1562647579,"path_taken":["M","?","M","?","M","E","$","R","T","R","M","M","R","E","R","BOSS","M","M","M","?","?","M"],"build_version":"2019-07-05","purchased_purges":0,"victory":false,"max_hp_per_floor":[82,82,82,82,82,87,87,87,87,87,87,87,87,87,87,87,87,87,90,93,96,96,96],"card_choices":[{"not_picked":["Sword Boomerang","Clash"],"picked":"Clothesline","floor":1.0},{"not_picked":["Wild Strike","Metallicize"],"picked":"Inflame","floor":3.0},{"not_picked":["Twin Strike","Clothesline"],"picked":"Rampage","floor":5.0},{"not_picked":["Body Slam","Entrench"],"picked":"Heavy Blade","floor":6.0},{"not_picked":["Anger","Rampage"],"picked":"Whirlwind","floor":11.0},{"not_picked":["Warcry","Heavy Blade"],"picked":"Pommel Strike","floor":12.0},{"not_picked":["Reckless Charge","Dark Embrace"],"picked":"Juggernaut","floor":14.0},{"not_picked":["Barricade","Double Tap"],"picked":"Feed","floor":16.0},{"not_picked":["Entrench","Blood for Blood"],"picked":"Uppercut","floor":18.0},{"not_picked":["Bloodletting+1","Intimidate"],"picked":"Shockwave+1","floor":19.0},{"not_picked":["Iron Wave","Clash"],"picked":"Rupture+1","floor":20.0},{"not_picked":["Thunderclap","Rupture"],"picked":"Anger+1","floor":21.0}],"player_experience":961332,"relics_obtained":[{"floor":6.0,"key":"Bag of Marbles"},{"floor":9.0,"key":"Orichalcum"},{"floor":14.0,"key":"MawBank"}],"event_choices":[{"damage_healed":0.0,"max_hp_gain":0.0,"max_hp_loss":0.0,"gold_gain":0.0,"event_name":"Shining Light","player_choice":"Entered Light","floor":2.0,"gold_loss":0.0,"damage_taken":16.0,"cards_upgraded":["Strike_R","Strike_R"]},{"cards_removed":["Strike_R"],"damage_healed":0.0,"max_hp_gain":0.0,"max_hp_loss":0.0,"gold_gain":0.0,"event_name":"Purifier","player_choice":"Purged","floor":4.0,"gold_loss":0.0,"damage_taken":0.0},{"damage_healed":0.0,"max_hp_gain":0.0,"max_hp_loss":0.0,"gold_gain":0.0,"event_name":"Drug Dealer","player_choice":"Obtain J.A.X.","floor":22.0,"gold_loss":0.0,"damage_taken":0.0,"cards_obtained":["J.A.X."]}],"is_beta":false,"boss_relics":[{"not_picked":["Ectoplasm","White Beast Statue"],"picked":"Runic Cube"}],"items_purged_floors":[],"is_endless":false,"potions_floor_spawned":[3,5,14,18],"killed_by":"Snake Plant","ascension_level":14}