{"gold_per_floor":[110,123,139,151,44,44,73,43,43,59,85,85,98,98,98,193,193,174,174,174,36,56,56,56],"floor_reached":24,"playtime":1282,"items_purged":[],"score":309,"play_id":"5eee3511-aa55-4692-a915-00702f40f5a7","local_time":"20181109021838","is_ascension_mode":true,"campfire_choices":[{"data":"Redo","floor":6,"key":"SMITH"},{"floor":12,"key":"REST"},{"floor":15,"key":"REST"},{"floor":23,"key":"REST"}],"neow_cost":"NONE","seed_source_timestamp":46039073839277,"circlet_count":0,"master_deck":["AscendersBane","Strike_B","Strike_B","Defend_B","Defend_B","Defend_B","Defend_B","Zap","Dualcast","Force Field","Redo+1","Compile Driver","Go for the Eyes","Heatsinks","Loop","Glacier","Buffer","Force Field","Sunder","Consume","Echo Form","Necronomicurse","Hyperbeam","Conserve Battery+1"],"relics":["Cracked Core","Bronze Scales","Boot","Dodecahedron","Inserter","Necronomicon","Bottled Tornado"],"potions_floor_usage":[4,11,11,16],"damage_taken":[{"damage":2,"enemies":"Jaw Worm","floor":1,"turns":3},{"damage":1,"enemies":"Cultist","floor":2,"turns":4},{"damage":0,"enemies":"2 Louse","floor":3,"turns":2},{"damage":16,"enemies":"Exordium Wildlife","floor":4,"turns":6},{"damage":21,"enemies":"Lagavulin","floor":7,"turns":8},{"damage":8,"enemies":"Large Slime","floor":10,"turns":6},{"damage":5,"enemies":"3 Sentries","floor":11,"turns":4},{"damage":9,"enemies":"Looter","floor":13,"turns":3},{"damage":10,"enemies":"The Guardian","floor":16,"turns":18},{"damage":36,"enemies":"2 Thieves","floor":18,"turns":4},{"damage":0,"enemies":"Spheric Guardian","floor":22,"turns":5},{"damage":37,"enemies":"Book of Stabbing","floor":24,"turns":8}],"seed_played":"7522815034676840343","potions_obtained":[{"floor":2,"key":"SteroidPotion"},{"floor":4,"key":"Explosive Potion"},{"floor":8,"key":"SneckoOil"},{"floor":8,"key":"Block Potion"},{"floor":10,"key":"AttackPotion"},{"floor":18,"key":"Strength Potion"},{"floor":22,"key":"Strength Potion"}],"is_trial":false,"path_per_floor":["M","M","M","M","$","R","E","?","T","M","E","R","M","?","R","B",null,"M","?","T","$","M","R","E"],"character_chosen":"DEFECT","items_purchased":["Loop","Glacier","Hyperbeam"],"campfire_rested":3,"item_purchase_floors":[5,5,21],"current_hp_per_floor":[66,65,65,49,49,49,28,28,28,20,15,37,28,21,43,33,65,29,13,13,13,13,35,0],"gold":56,"neow_bonus":"TRANSFORM_CARD","is_prod":false,"is_daily":false,"chose_seed":false,"campfire_upgraded":1,"win_rate":0,"timestamp":1541747918,"path_taken":["M","M","M","M","$","R","E","?","T","?","E","R","M","?","R","BOSS","M","?","?","$","M","R","E"],"build_version":"2018-11-08","purchased_purges":0,"victory":false,"max_hp_per_floor":[75,75,75,75,75,75,75,75,75,75,75,75,75,75,75,75,75,75,75,75,75,75,75,75],"card_choices":[{"not_picked":["Streamline","Sweeping Beam"],"picked":"Redo","floor":1},{"not_picked":["Auto Shields","Redo"],"picked":"Compile Driver","floor":2},{"not_picked":["Rebound","Barrage"],"picked":"Go for the Eyes","floor":3},{"not_picked":["Beam Cell","Go for the Eyes"],"picked":"Heatsinks","floor":4},{"not_picked":["Stack","Gash"],"picked":"Buffer","floor":7},{"not_picked":["Static Discharge","Streamline"],"picked":"Force Field","floor":10},{"not_picked":["Fission","Melter"],"picked":"Sunder","floor":11},{"not_picked":["Sweeping Beam","Cold Snap"],"picked":"Consume","floor":13},{"not_picked":["All For One","Multi-Cast"],"picked":"Echo Form","floor":16},{"not_picked":["Lockon","Hologram","Reprogram"],"picked":"SKIP","floor":18},{"not_picked":["Cold Snap+1","Recycle"],"picked":"Conserve Battery+1","floor":22}],"player_experience":644510,"relics_obtained":[{"floor":7,"key":"Bronze Scales"},{"floor":9,"key":"Boot"},{"floor":11,"key":"Dodecahedron"},{"floor":19,"key":"Necronomicon"},{"floor":20,"key":"Bottled Tornado"}],"event_choices":[{"damage_healed":0,"gold_gain":0,"player_choice":"Bought 2 Potions","damage_taken":0,"max_hp_gain":0,"max_hp_loss":0,"event_name":"The Woman in Blue","floor":8,"gold_loss":0},{"cards_removed":["Strike_B"],"damage_healed":0,"gold_gain":0,"player_choice":"Card Removal","damage_taken":7,"max_hp_gain":0,"max_hp_loss":0,"event_name":"Golden Wing","floor":14,"gold_loss":0},{"damage_healed":0,"gold_gain":0,"player_choice":"Obtained Book","damage_taken":16,"max_hp_gain":0,"max_hp_loss":0,"event_name":"Cursed Tome","floor":19,"gold_loss":0}],"is_beta":false,"boss_relics":[{"not_picked":["Tiny House","Runic Pyramid"],"picked":"Inserter"}],"items_purged_floors":[],"is_endless":false,"potions_floor_spawned":[2,4,10,18,22],"killed_by":"Book of Stabbing","ascension_level":10}