{"gold_per_floor":[117,117,267,342,0,34,34,62,62,73,73,73,100,112,112,183,183,203,303,303,321,336,336,366,385,385,5,35,52,82,112,112,112],"floor_reached":33,"playtime":2570,"items_purged":["Doubt","Strike_B"],"score":649,"play_id":"2f4085d4-7579-4146-b124-08a60782dd41","local_time":"20190518101654","is_ascension_mode":true,"campfire_choices":[{"data":"Defragment","floor":7,"key":"SMITH"},{"data":"Chaos","floor":11,"key":"SMITH"},{"data":"Darkness","floor":15,"key":"SMITH"},{"floor":23,"key":"REST"},{"floor":32,"key":"REST"}],"neow_cost":"NONE","seed_source_timestamp":2071648439144112,"circlet_count":0,"master_deck":["AscendersBane","Strike_B","Strike_B","Defend_B","Defend_B","Defend_B","Defend_B","Zap+1","Dualcast","Compile Driver","Defragment+1","Doom and Gloom","Undo","Chaos+1","Conserve Battery","Darkness+1","Coolheaded","Rainbow","Streamline+1","Leap","Loop","Stack","Double Energy+1","FTL+1","Hello World","Core Surge+1","Storm"],"relics":["Cracked Core","NeowsBlessing","Oddly Smooth Stone","Smiling Mask","Omamori","Meat on the Bone","Pen Nib","Bottled Lightning","Nuclear Battery","Emotion Chip","Darkstone Periapt","Dream Catcher","Molten Egg 2","Toxic Egg 2","Mummified Hand","Bronze Scales","Tiny Chest"],"potions_floor_usage":[13,16,19,25,28,30,33],"damage_taken":[{"damage":0,"enemies":"Jaw Worm","floor":1,"turns":1},{"damage":0,"enemies":"3 Sentries","floor":6,"turns":1},{"damage":0,"enemies":"Lagavulin","floor":8,"turns":1},{"damage":8,"enemies":"Small Slimes","floor":10,"turns":2},{"damage":20,"enemies":"Gremlin Nob","floor":13,"turns":4},{"damage":0,"enemies":"2 Louse","floor":14,"turns":2},{"damage":4,"enemies":"The Guardian","floor":16,"turns":9},{"damage":10,"enemies":"2 Thieves","floor":18,"turns":4},{"damage":18,"enemies":"Colosseum Slavers","floor":19,"turns":4},{"damage":24,"enemies":"Colosseum Nobs","floor":19,"turns":4},{"damage":0,"enemies":"Spheric Guardian","floor":21,"turns":2},{"damage":0,"enemies":"Snecko","floor":22,"turns":3},{"damage":24,"enemies":"Slavers","floor":24,"turns":3},{"damage":12,"enemies":"Centurion and Healer","floor":25,"turns":5},{"damage":5,"enemies":"Book of Stabbing","floor":28,"turns":5},{"damage":14,"enemies":"Snake Plant","floor":29,"turns":3},{"damage":26,"enemies":"Slavers","floor":30,"turns":6},{"damage":47,"enemies":"Collector","floor":33,"turns":7}],"seed_played":"9102783238012510834","potions_obtained":[{"floor":6,"key":"PowerPotion"},{"floor":8,"key":"GamblersBrew"},{"floor":18,"key":"Fire Potion"},{"floor":21,"key":"Energy Potion"},{"floor":24,"key":"Explosive Potion"},{"floor":25,"key":"FearPotion"},{"floor":30,"key":"Weak Potion"}],"is_trial":false,"path_per_floor":["M","?","?","?","$","E","R","E","T","M","R","?","E","M","R","B",null,"M","?","?","M","M","R","E","M","T","$","E","M","E","?","R","B"],"character_chosen":"DEFECT","items_purchased":["Oddly Smooth Stone","Defragment","Doom and Gloom","Toxic Egg 2","Double Energy+1"],"campfire_rested":2,"item_purchase_floors":[5,5,5,27,27],"current_hp_per_floor":[64,64,64,53,53,53,53,53,53,45,45,34,26,38,38,46,65,55,25,25,37,37,58,46,46,46,46,41,39,25,25,46,0],"gold":112,"neow_bonus":"THREE_ENEMY_KILL","is_prod":false,"is_daily":false,"chose_seed":false,"campfire_upgraded":3,"win_rate":0,"timestamp":1558189014,"path_taken":["M","?","?","?","?","E","R","E","T","M","R","?","E","M","R","BOSS","M","?","?","M","M","R","E","M","T","$","E","?","E","?","R","BOSS"],"build_version":"2019-01-23","purchased_purges":2,"victory":false,"max_hp_per_floor":[71,71,71,71,71,71,71,71,71,71,71,71,71,71,71,71,71,71,71,71,71,71,71,71,71,71,71,71,71,71,71,71,71],"card_choices":[{"not_picked":["Streamline","Steam"],"picked":"Compile Driver","floor":1},{"not_picked":["Capacitor","Gash"],"picked":"Undo","floor":6},{"not_picked":["Fusion","Hologram"],"picked":"Chaos","floor":8},{"not_picked":["Rebound","Barrage"],"picked":"Conserve Battery","floor":10},{"not_picked":["Heatsinks","Turbo"],"picked":"Darkness","floor":13},{"not_picked":["Cold Snap","Rebound"],"picked":"Coolheaded","floor":14},{"not_picked":["Machine Learning","Hyperbeam"],"picked":"Rainbow","floor":16},{"not_picked":["Redo","Turbo"],"picked":"Streamline+1","floor":18},{"not_picked":["Compile Driver","Gash"],"picked":"Leap","floor":19},{"not_picked":["Cold Snap","Steam"],"picked":"Loop","floor":21},{"not_picked":["Force Field","Gash"],"picked":"Stack","floor":22},{"not_picked":["Blizzard","Coolheaded","Turbo"],"picked":"SKIP","floor":24},{"not_picked":["Compile Driver","Scrape","Consume"],"picked":"SKIP","floor":25},{"not_picked":["Melter+1","Meteor Strike+1"],"picked":"FTL+1","floor":28},{"not_picked":["Rebound+1","Gash+1"],"picked":"Hello World","floor":29},{"not_picked":["Gash+1","Cold Snap+1"],"picked":"Core Surge+1","floor":30},{"not_picked":["Force Field+1","Hologram+1"],"picked":"Storm","floor":32}],"player_experience":1518120,"relics_obtained":[{"floor":6,"key":"Smiling Mask"},{"floor":8,"key":"Omamori"},{"floor":9,"key":"Meat on the Bone"},{"floor":13,"key":"Bottled Lightning"},{"floor":19,"key":"Emotion Chip"},{"floor":19,"key":"Darkstone Periapt"},{"floor":24,"key":"Dream Catcher"},{"floor":26,"key":"Molten Egg 2"},{"floor":28,"key":"Mummified Hand"},{"floor":30,"key":"Bronze Scales"}],"event_choices":[{"damage_healed":0,"gold_gain":0,"player_choice":"Grow","damage_taken":0,"max_hp_gain":0,"max_hp_loss":0,"event_name":"Living Wall","floor":2,"gold_loss":0,"cards_upgraded":["Zap"]},{"damage_healed":0,"gold_gain":150,"player_choice":"AGREE","damage_taken":0,"max_hp_gain":0,"max_hp_loss":0,"event_name":"Liars Game","floor":3,"gold_loss":0,"cards_obtained":["Doubt"]},{"damage_healed":0,"gold_gain":75,"player_choice":"Gather Gold","damage_taken":11,"max_hp_gain":0,"max_hp_loss":0,"event_name":"World of Goop","floor":4,"gold_loss":0},{"damage_healed":0,"gold_gain":0,"player_choice":"Success","damage_taken":11,"relics_obtained":["Pen Nib"],"max_hp_gain":0,"max_hp_loss":0,"event_name":"Scrap Ooze","floor":12,"gold_loss":0},{"damage_healed":0,"gold_gain":0,"player_choice":"Fight","damage_taken":0,"max_hp_gain":0,"max_hp_loss":0,"event_name":"Colosseum","floor":19,"gold_loss":0},{"damage_healed":0,"gold_gain":0,"player_choice":"Fought Nobs","damage_taken":0,"max_hp_gain":0,"max_hp_loss":0,"event_name":"Colosseum","floor":19,"gold_loss":0},{"cards_removed":["Strike_B"],"damage_healed":0,"gold_gain":0,"player_choice":"Purged","damage_taken":0,"max_hp_gain":0,"max_hp_loss":0,"event_name":"Purifier","floor":20,"gold_loss":0},{"damage_healed":0,"gold_gain":0,"player_choice":"Opened","damage_taken":0,"relics_obtained":["Tiny Chest"],"max_hp_gain":0,"max_hp_loss":0,"event_name":"The Mausoleum","floor":31,"gold_loss":0,"cards_obtained":["Writhe"]}],"is_beta":false,"boss_relics":[{"not_picked":["Eternal Feather","Cursed Key"],"picked":"Nuclear Battery"}],"items_purged_floors":[5,27],"is_endless":false,"potions_floor_spawned":[6,8,10,18,21,24,25,30],"killed_by":"Collector","ascension_level":15}