{"gold_per_floor":[113,113,113,191,205,237,237,248,248,282,282,346,357,357,357,456,456,466,466,466,476,28,28,28,28,54,54,70,105,105,131,131,230,230,241,290,305,305,305,305],"floor_reached":40,"playtime":1572,"items_purged":[],"score":478,"play_id":"db9b0b41-5bbc-40f4-8bf2-e91a80f1f14d","local_time":"20190328030934","is_ascension_mode":false,"campfire_choices":[{"data":"Neutralize","floor":7,"key":"SMITH"},{"floor":11,"key":"REST"},{"floor":15,"key":"REST"},{"floor":23,"key":"RECALL"},{"floor":27,"key":"REST"},{"floor":32,"key":"REST"}],"neow_cost":"NONE","seed_source_timestamp":58780438389861,"circlet_count":0,"master_deck":["Defend_G","Defend_G","Defend_G","Defend_G","Defend_G","Strike_G","Strike_G","Strike_G","Strike_G+1","Strike_G","Survivor+1","Neutralize+1","Backstab","Regret","Dagger Spray","Dagger Throw","After Image","Acrobatics","Flying Knee","Cloak And Dagger+1","Flying Knee","Finisher","Glass Knife","Leg Sweep","Outmaneuver","Deflect","Slice","Blade Dance","Deflect","Poisoned Stab","Blade Dance","Quick Slash+1","Backstab+1","Deflect","Sucker Punch+1","Prepared","Envenom","Sucker Punch+1","Dagger Spray+1","Cloak And Dagger","Defend_G","Neutralize+1","Bouncing Flask"],"relics":["Ring of the Snake","NeowsBlessing","Gremlin Horn","Mercury Hourglass","Dream Catcher","Smiling Mask","Letter Opener","Orrery","MutagenicStrength","Molten Egg 2","Juzu Bracelet","Enchiridion","Centennial Puzzle","Pantograph","Art of War","The Courier","HoveringKite","Du-Vu Doll"],"potions_floor_usage":[12,13,16,21,29,36],"damage_taken":[{"damage":0,"enemies":"Cultist","floor":1,"turns":1},{"damage":0,"enemies":"Small Slimes","floor":5,"turns":1},{"damage":0,"enemies":"Gremlin Nob","floor":6,"turns":1},{"damage":1,"enemies":"Jaw Worm","floor":8,"turns":2},{"damage":19,"enemies":"Lagavulin","floor":10,"turns":7},{"damage":12,"enemies":"Gremlin Nob","floor":12,"turns":4},{"damage":0,"enemies":"Exordium Wildlife","floor":13,"turns":3},{"damage":25,"enemies":"The Guardian","floor":16,"turns":11},{"damage":2,"enemies":"Chosen","floor":18,"turns":5},{"damage":0,"enemies":"Shell Parasite","floor":21,"turns":5},{"damage":10,"enemies":"Centurion and Healer","floor":28,"turns":4},{"damage":2,"enemies":"Book of Stabbing","floor":29,"turns":3},{"damage":13,"enemies":"Gremlin Leader","floor":31,"turns":3},{"damage":65,"enemies":"Champ","floor":33,"turns":13},{"damage":1,"enemies":"3 Shapes","floor":35,"turns":3},{"damage":34,"enemies":"2 Orb Walkers","floor":36,"turns":6},{"damage":31,"enemies":"3 Darklings","floor":37,"turns":3},{"damage":4,"enemies":"Nemesis","floor":40,"turns":1}],"seed_played":"-1817347738676111261","potions_obtained":[{"floor":6,"key":"Explosive Potion"},{"floor":10,"key":"Weak Potion"},{"floor":12,"key":"SteroidPotion"},{"floor":13,"key":"SkillPotion"},{"floor":21,"key":"Energy Potion"},{"floor":33,"key":"SteroidPotion"},{"floor":35,"key":"FearPotion"}],"is_trial":false,"path_per_floor":["M","?","?","?","M","E","R","M","T","E","R","?","M","?","R","B",null,"M","T","?","M","$","R","?","$","T","R","M","E","?","E","R","B",null,"M","?","M","?","?","E"],"character_chosen":"THE_SILENT","items_purchased":["Molten Egg 2","Juzu Bracelet","Blade Dance"],"campfire_rested":4,"item_purchase_floors":[22,22,22],"current_hp_per_floor":[70,70,56,56,56,56,56,55,55,36,57,45,45,45,66,41,70,68,68,68,68,68,68,52,52,52,70,60,58,58,45,66,5,70,69,35,4,4,4,0],"gold":305,"neow_bonus":"THREE_ENEMY_KILL","is_prod":false,"is_daily":false,"chose_seed":false,"campfire_upgraded":1,"win_rate":0,"timestamp":1553706574,"path_taken":["M","?","?","?","?","E","R","M","T","E","R","?","M","?","R","BOSS","M","?","?","M","$","R","?","$","T","R","M","E","?","E","R","BOSS","M","?","M","?","?","E"],"build_version":"2019-01-23","purchased_purges":0,"victory":false,"max_hp_per_floor":[70,70,70,70,70,70,70,70,70,70,70,70,70,70,70,70,70,70,70,70,70,70,70,70,70,70,70,70,70,70,70,70,70,70,70,70,70,70,70,70],"card_choices":[{"not_picked":["PiercingWail","Expertise"],"picked":"Backstab","floor":1},{"not_picked":["Underhanded Strike","Escape Plan"],"picked":"Dagger Spray","floor":5},{"not_picked":["All Out Attack","PiercingWail"],"picked":"Dagger Throw","floor":6},{"not_picked":["Poisoned Stab","Noxious Fumes"],"picked":"After Image","floor":8},{"not_picked":["Prepared","Leg Sweep"],"picked":"Acrobatics","floor":10},{"not_picked":["Slice","Dodge and Roll"],"picked":"Flying Knee","floor":11},{"not_picked":["Well Laid Plans","Catalyst"],"picked":"Cloak And Dagger","floor":12},{"not_picked":["Expertise","Outmaneuver"],"picked":"Flying Knee","floor":13},{"not_picked":["Heel Hook","Masterful Stab"],"picked":"Finisher","floor":15},{"not_picked":["Doppelganger","After Image"],"picked":"Glass Knife","floor":16},{"not_picked":["Masterful Stab","Predator"],"picked":"Leg Sweep","floor":17},{"not_picked":["Reflex","Poisoned Stab"],"picked":"Outmaneuver","floor":17},{"not_picked":["Skewer","Underhanded Strike"],"picked":"Deflect","floor":17},{"not_picked":["Skewer","Poisoned Stab"],"picked":"Slice","floor":17},{"not_picked":["Dagger Throw","Riddle With Holes"],"picked":"Blade Dance","floor":17},{"not_picked":["Skewer","Finisher"],"picked":"Deflect","floor":18},{"not_picked":["Bane","Die Die Die"],"picked":"Poisoned Stab","floor":21},{"not_picked":["Eviscerate+1","Flechettes+1"],"picked":"Quick Slash+1","floor":27},{"not_picked":["Riddle With Holes+1","Underhanded Strike+1"],"picked":"Backstab+1","floor":28},{"not_picked":["A Thousand Cuts","Underhanded Strike+1"],"picked":"Deflect","floor":29},{"not_picked":["Reflex","Terror"],"picked":"Sucker Punch+1","floor":31},{"not_picked":["Quick Slash+1","Sucker Punch+1"],"picked":"Prepared","floor":32},{"not_picked":["Adrenaline","Tools of the Trade"],"picked":"Envenom","floor":33},{"not_picked":["Bane+1","Deadly Poison"],"picked":"Sucker Punch+1","floor":35},{"not_picked":["Predator+1","Quick Slash+1"],"picked":"Dagger Spray+1","floor":36},{"not_picked":["Escape Plan+1","A Thousand Cuts"],"picked":"Cloak And Dagger","floor":37}],"player_experience":223274,"relics_obtained":[{"floor":6,"key":"Mercury Hourglass"},{"floor":9,"key":"Dream Catcher"},{"floor":10,"key":"Smiling Mask"},{"floor":24,"key":"Enchiridion"},{"floor":26,"key":"Centennial Puzzle"},{"floor":29,"key":"Pantograph"},{"floor":31,"key":"The Courier"},{"floor":36,"key":"Du-Vu Doll"}],"event_choices":[{"damage_healed":0,"gold_gain":0,"player_choice":"Box","damage_taken":0,"relics_obtained":["Gremlin Horn"],"max_hp_gain":0,"max_hp_loss":0,"event_name":"Big Fish","floor":2,"gold_loss":0,"cards_obtained":["Regret"]},{"damage_healed":0,"gold_gain":0,"player_choice":"Entered Light","damage_taken":14,"max_hp_gain":0,"max_hp_loss":0,"event_name":"Shining Light","floor":3,"gold_loss":0,"cards_upgraded":["Survivor","Strike_G"]},{"damage_healed":0,"gold_gain":78,"player_choice":"Gained Gold","damage_taken":0,"max_hp_gain":0,"max_hp_loss":0,"event_name":"Golden Wing","floor":4,"gold_loss":0},{"damage_healed":0,"gold_gain":0,"player_choice":"Searched \u00272\u0027 times","damage_taken":0,"relics_obtained":["Letter Opener"],"max_hp_gain":0,"max_hp_loss":0,"event_name":"Dead Adventurer","floor":12,"gold_loss":0},{"damage_healed":0,"gold_gain":0,"player_choice":"Upgraded","damage_taken":0,"max_hp_gain":0,"max_hp_loss":0,"event_name":"Upgrade Shrine","floor":14,"gold_loss":0,"cards_upgraded":["Cloak And Dagger"]},{"damage_healed":0,"gold_gain":0,"player_choice":"Inject Mutagens","damage_taken":0,"relics_obtained":["MutagenicStrength"],"max_hp_gain":0,"max_hp_loss":0,"event_name":"Drug Dealer","floor":20,"gold_loss":0},{"damage_healed":0,"gold_gain":0,"player_choice":"Obtained Book","damage_taken":16,"max_hp_gain":0,"max_hp_loss":0,"event_name":"Cursed Tome","floor":24,"gold_loss":0},{"damage_healed":0,"gold_gain":0,"player_choice":"Stole Relic","damage_taken":0,"relics_obtained":["Art of War"],"max_hp_gain":0,"max_hp_loss":0,"event_name":"Addict","floor":30,"gold_loss":0,"cards_obtained":["Shame"]},{"damage_healed":0,"gold_gain":0,"player_choice":"Fight","damage_taken":0,"max_hp_gain":0,"max_hp_loss":0,"event_name":"Mysterious Sphere","floor":36,"gold_loss":0},{"cards_removed":["Shame"],"damage_healed":0,"gold_gain":0,"player_choice":"Took Card","damage_taken":0,"max_hp_gain":0,"max_hp_loss":0,"event_name":"NoteForYourself","floor":38,"gold_loss":0,"cards_obtained":["Defend_G"]},{"damage_healed":0,"gold_gain":0,"player_choice":"2 cards matched","damage_taken":0,"max_hp_gain":0,"max_hp_loss":0,"event_name":"Match and Keep!","floor":39,"gold_loss":0,"cards_obtained":["Neutralize","Bouncing Flask"]}],"is_beta":false,"boss_relics":[{"not_picked":["Sozu","Eternal Feather"],"picked":"Orrery"},{"not_picked":["Snecko Eye","Coffee Dripper"],"picked":"HoveringKite"}],"items_purged_floors":[],"is_endless":false,"potions_floor_spawned":[6,10,12,13,21,33,35],"killed_by":"Nemesis","ascension_level":0}