{"gold_per_floor":[114,124,124,135,159,192,192,212,212,212,231,247,247,261,261,261],"floor_reached":16,"playtime":609,"items_purged":[],"score":203,"play_id":"7544269f-f664-4d5d-a826-d2f97200081e","local_time":"20190830131026","is_ascension_mode":true,"campfire_choices":[{"floor":10,"key":"REST"},{"data":"Pommel Strike","floor":13,"key":"SMITH"},{"data":"Rampage","floor":15,"key":"SMITH"}],"neow_cost":"NONE","seed_source_timestamp":77563745467066,"circlet_count":0,"master_deck":["AscendersBane","Strike_R","Strike_R","Strike_R","Strike_R","Strike_R","Defend_R","Defend_R","Defend_R+1","Defend_R+1","Bash","Battle Trance","Feel No Pain","Infernal Blade","Ghostly Armor","Seeing Red","Pommel Strike+1","Blood for Blood","Rampage+1"],"relics":["Burning Blood","War Paint","Regal Pillow","Orichalcum","Anchor","GremlinMask","Mango"],"potions_floor_usage":[6,12,16,16],"damage_taken":[{"damage":3,"enemies":"Cultist","floor":1,"turns":4},{"damage":4,"enemies":"Jaw Worm","floor":2,"turns":3},{"damage":0,"enemies":"2 Louse","floor":4,"turns":3},{"damage":80,"enemies":"Gremlin Nob","floor":6,"turns":5},{"damage":8,"enemies":"Red Slaver","floor":8,"turns":5},{"damage":1,"enemies":"Exordium Wildlife","floor":11,"turns":4},{"damage":2,"enemies":"Large Slime","floor":12,"turns":8},{"damage":20,"enemies":"Exordium Thugs","floor":14,"turns":6},{"damage":63,"enemies":"Hexaghost","floor":16,"turns":11}],"seed_played":"1041920396352358812","potions_obtained":[{"floor":1,"key":"Regen Potion"},{"floor":11,"key":"Fire Potion"},{"floor":12,"key":"SteroidPotion"},{"floor":14,"key":"Explosive Potion"}],"is_trial":false,"path_per_floor":["M","M","?","M","T","E","?","M","T","R","M","M","R","M","R","B"],"character_chosen":"IRONCLAD","items_purchased":[],"campfire_rested":1,"item_purchase_floors":[],"current_hp_per_floor":[71,73,68,74,74,9,9,7,21,62,67,71,71,57,57,0],"gold":261,"neow_bonus":"RANDOM_COMMON_RELIC","is_prod":false,"is_daily":false,"chose_seed":false,"campfire_upgraded":2,"win_rate":0,"timestamp":1567134626,"path_taken":["M","?","?","M","?","E","?","M","T","R","?","M","R","M","R","BOSS"],"build_version":"2019-07-17","purchased_purges":0,"victory":false,"max_hp_per_floor":[75,75,75,75,75,75,75,75,89,89,89,89,89,89,89,89],"card_choices":[{"not_picked":["Flex","Feel No Pain"],"picked":"Battle Trance","floor":1},{"not_picked":["Iron Wave","Entrench"],"picked":"Feel No Pain","floor":2},{"not_picked":["Warcry","Dark Embrace"],"picked":"Infernal Blade","floor":4},{"not_picked":["Clothesline","Whirlwind"],"picked":"Ghostly Armor","floor":6},{"not_picked":["Clash","Disarm"],"picked":"Seeing Red","floor":8},{"not_picked":["Intimidate","Seeing Red"],"picked":"Pommel Strike","floor":11},{"not_picked":["Corruption","Rampage"],"picked":"Blood for Blood","floor":12},{"not_picked":["True Grit","Hemokinesis"],"picked":"Rampage","floor":14}],"player_experience":1232798,"relics_obtained":[{"floor":5,"key":"Orichalcum"},{"floor":6,"key":"Anchor"},{"floor":9,"key":"Mango"}],"event_choices":[{"damage_healed":0,"gold_gain":0,"player_choice":"Success","damage_taken":5,"relics_obtained":["Regal Pillow"],"max_hp_gain":0,"max_hp_loss":0,"event_name":"Scrap Ooze","floor":3,"gold_loss":0},{"damage_healed":0,"gold_gain":0,"player_choice":"Trade","damage_taken":0,"relics_obtained":["GremlinMask"],"max_hp_gain":0,"max_hp_loss":0,"event_name":"FaceTrader","floor":7,"gold_loss":0}],"is_beta":false,"boss_relics":[],"items_purged_floors":[],"is_endless":false,"potions_floor_spawned":[1,11,12,14],"killed_by":"Hexaghost","ascension_level":19}