{"gold_per_floor":[109,34,49,64,78,103,19,54,107,139,151,198,210,235,247,334,346,368,380,406,431,443,455,467],"floor_reached":24,"playtime":1840,"items_purged":[],"score":561,"play_id":"b34926e8-3654-4927-8e33-4bcdb423e342","local_time":"20190803233307","is_ascension_mode":true,"campfire_choices":[{"floor":11,"key":"REST"},{"data":"Loop","floor":15,"key":"SMITH"},{"data":"Defragment","floor":23,"key":"SMITH"}],"neow_cost":"TEN_PERCENT_HP_LOSS","seed_source_timestamp":632758746119162,"circlet_count":0,"master_deck":["AscendersBane","Defend_B","Defend_B","Defend_B","Zap","Dualcast","Lockon","Beam Cell","Melter","Doom and Gloom","Loop+1","Loop","Steam","Defragment+1","Seek","Chaos+1","Storm+1","Glacier+1","Chill","Compile Driver+1","Bite","Bite","Bite","Bite","Bite"],"relics":["Cracked Core","Nunchaku","Letter Opener","Bottled Tornado","MawBank","Happy Flower","Astrolabe"],"potions_floor_usage":[6,8,10,18,20,20,24],"damage_taken":[{"damage":8,"enemies":"Small Slimes","floor":1,"turns":3},{"damage":2,"enemies":"Jaw Worm","floor":3,"turns":2},{"damage":0,"enemies":"Cultist","floor":4,"turns":2},{"damage":6,"enemies":"Looter","floor":5,"turns":2},{"damage":30,"enemies":"3 Sentries","floor":6,"turns":6},{"damage":0,"enemies":"Lagavulin","floor":8,"turns":4},{"damage":6,"enemies":"2 Fungi Beasts","floor":10,"turns":2},{"damage":40,"enemies":"3 Sentries","floor":12,"turns":6},{"damage":15,"enemies":"3 Louse","floor":14,"turns":2},{"damage":55,"enemies":"Hexaghost","floor":16,"turns":8},{"damage":27,"enemies":"2 Thieves","floor":18,"turns":4},{"damage":12,"enemies":"3 Byrds","floor":20,"turns":3},{"damage":4,"enemies":"Centurion and Healer","floor":21,"turns":7},{"damage":46,"enemies":"Gremlin Leader","floor":24,"turns":6}],"seed_played":"-1656652467936401969","potions_obtained":[{"floor":3,"key":"SpeedPotion"},{"floor":4,"key":"Regen Potion"},{"floor":6,"key":"Ancient Potion"},{"floor":12,"key":"PowerPotion"},{"floor":16,"key":"Weak Potion"},{"floor":18,"key":"Block Potion"},{"floor":21,"key":"Strength Potion"}],"is_trial":false,"path_per_floor":["M","?","M","M","M","E","$","E","T","M","R","E","?","M","R","B",null,"M","?","M","M","?","R","E"],"character_chosen":"DEFECT","items_purchased":["Seek"],"campfire_rested":1,"item_purchase_floors":[7],"current_hp_per_floor":[56,56,54,54,48,33,33,33,33,27,46,6,74,59,59,4,57,30,45,33,29,29,29,0],"gold":467,"neow_bonus":"ONE_RARE_RELIC","is_prod":false,"is_daily":false,"chose_seed":false,"campfire_upgraded":2,"win_rate":0,"timestamp":1564889587,"path_taken":["M","?","M","M","M","E","$","E","T","M","R","E","?","M","R","BOSS","M","?","M","M","?","R","E"],"build_version":"2019-07-17","purchased_purges":0,"victory":false,"max_hp_per_floor":[64,64,64,64,64,64,64,64,64,64,64,64,74,74,74,74,74,74,74,74,74,51,51,51],"card_choices":[{"not_picked":["Conserve Battery","Rebound"],"picked":"Lockon","floor":1},{"not_picked":["Chaos","Consume"],"picked":"Beam Cell","floor":3},{"not_picked":["Steam","Chill"],"picked":"Melter","floor":4},{"not_picked":["Defragment","Coolheaded"],"picked":"Doom and Gloom","floor":5},{"not_picked":["Beam Cell","Steam"],"picked":"Loop","floor":6},{"not_picked":["Heatsinks","Skim","Rebound"],"picked":"SKIP","floor":8},{"not_picked":["Recycle","Ball Lightning"],"picked":"Loop","floor":10},{"not_picked":["Capacitor","Biased Cognition"],"picked":"Steam","floor":12},{"not_picked":["Consume","Turbo"],"picked":"Defragment","floor":14},{"not_picked":["Core Surge","Buffer"],"picked":"Seek","floor":16},{"not_picked":["Consume","Rip and Tear","Capacitor"],"picked":"SKIP","floor":18},{"not_picked":["Scrape","White Noise"],"picked":"Chill","floor":20},{"not_picked":["Fusion","Heatsinks"],"picked":"Compile Driver+1","floor":21}],"player_experience":1698082,"relics_obtained":[{"floor":6,"key":"Letter Opener"},{"floor":8,"key":"Bottled Tornado"},{"floor":9,"key":"MawBank"},{"floor":12,"key":"Happy Flower"}],"event_choices":[{"cards_removed":["Defend_B"],"damage_healed":0,"gold_gain":0,"player_choice":"Card Removal","damage_taken":0,"max_hp_gain":0,"max_hp_loss":0,"event_name":"The Cleric","floor":2,"gold_loss":75},{"cards_removed":["Seek"],"damage_healed":58,"gold_gain":0,"player_choice":"Offered Rare","damage_taken":0,"max_hp_gain":10,"max_hp_loss":0,"event_name":"Bonfire Elementals","floor":13,"gold_loss":0},{"damage_healed":15,"gold_gain":0,"player_choice":"Heal","damage_taken":0,"max_hp_gain":0,"max_hp_loss":0,"event_name":"The Library","floor":19,"gold_loss":0},{"damage_healed":0,"gold_gain":0,"player_choice":"Became a vampire","damage_taken":0,"max_hp_gain":0,"max_hp_loss":23,"event_name":"Vampires","floor":22,"gold_loss":0,"cards_obtained":["Bite","Bite","Bite","Bite","Bite"]}],"is_beta":false,"boss_relics":[{"not_picked":["Orrery","Busted Crown"],"picked":"Astrolabe"}],"items_purged_floors":[],"is_endless":false,"potions_floor_spawned":[3,4,6,12,16,18,21],"killed_by":"Gremlin Leader","ascension_level":20}