{"path_per_floor":["M","M","?","?","M","E","$","M","T","E","M","R","M","M","R","B",null,"M","?","$","M","M","R","?","$","T","R","E","?","E","M","R","B",null,"M","M","M","$","?","R"],"character_chosen":"THE_SILENT","items_purchased":["Infinite Blades","Prepared","Matryoshka","Bronze Scales","Strength Potion","Skewer","Ninja Scroll"],"gold_per_floor":[115,134,209,384,399,430,93,104,104,130,147,147,164,180,180,279,279,294,294,149,168,187,187,187,135,162,162,187,187,221,239,239,334,334,347,359,372,43,95,95],"floor_reached":41,"campfire_rested":5,"playtime":3636,"current_hp_per_floor":[70,70,59,59,59,20,20,21,21,18,11,32,26,28,49,16,70,65,52,52,50,23,45,70,70,70,70,58,58,26,19,41,11,75,55,41,40,40,9,31],"items_purged":[],"gold":95,"score":512,"play_id":"ae3c511f-e160-4ed8-85a5-73068c9a103e","local_time":"20180321151020","is_prod":false,"is_daily":false,"is_ascension_mode":true,"campfire_upgraded":1,"timestamp":1521659420,"path_taken":["M","M","?","?","M","E","$","M","T","E","M","R","M","M","R","BOSS","M","?","?","M","?","R","?","$","T","R","E","?","E","M","R","BOSS","M","M","M","$","?","R","E"],"build_version":"2018-03-15v3","purchased_purges":1,"victory":false,"master_deck":["Defend_G","Defend_G+1","Defend_G","Defend_G","Defend_G","Strike_G","Strike_G","Strike_G","Strike_G","Strike_G","Survivor","Neutralize","Blade Dance","Caltrops","Doubt","Prepared+1","Backflip","Infinite Blades","Prepared","Cloak And Dagger","Blade Dance+1","Deflect","Deflect","Footwork","Phantasmal Killer","Slice+1","Blade Dance+1","Expertise+1","Underhanded Strike+1","Outmaneuver+1","Poisoned Stab+1","Adrenaline","Blur+1","Masterful Stab+1","Dagger Throw","Skewer","Cloak And Dagger+1"],"max_hp_per_floor":[70,70,70,70,70,70,70,70,70,70,70,70,70,70,70,70,70,70,75,75,75,75,75,75,75,75,75,75,75,75,75,75,75,75,75,75,75,75,75,75],"relics":["Ring of the Snake","NeowsBlessing","War Paint","Matryoshka","Anchor","Kunai","Blood Vial","Runic Dome","Bronze Scales","Pen Nib","Snake Skull","Toolbox","Orichalcum","Oddly Smooth Stone","Philosopher\u0027s Stone","Ninja Scroll","Torii"],"card_choices":[{"not_picked":["Slice","Poisoned Stab"],"picked":"Blade Dance"},{"not_picked":["Reflex","Flying Knee"],"picked":"Caltrops"},{"not_picked":["Reflex","PiercingWail"],"picked":"Prepared"},{"not_picked":["Tools of the Trade","Acrobatics"],"picked":"Backflip"},{"not_picked":["Bane","Flying Knee"],"picked":"Cloak And Dagger"},{"not_picked":["Expertise","Choke"],"picked":"Blade Dance"},{"not_picked":["Leg Sweep","Expertise"],"picked":"Deflect"},{"not_picked":["Quick Slash","Burst"],"picked":"Deflect"},{"not_picked":["Sucker Punch","Bane"],"picked":"Footwork"},{"not_picked":["Unload","Tools of the Trade"],"picked":"Phantasmal Killer"},{"not_picked":["Endless Agony","Deadly Poison"],"picked":"Slice"},{"not_picked":["Dagger Spray","Backflip"],"picked":"Blade Dance"},{"not_picked":["Backflip","Prepared"],"picked":"Expertise"},{"not_picked":["Doppelganger","Dodge and Roll"],"picked":"Underhanded Strike"},{"not_picked":["Distraction","Bane"],"picked":"Outmaneuver"},{"not_picked":["Calculated Gamble","Crippling Poison"],"picked":"Poisoned Stab"},{"not_picked":["Storm of Steel","Die Die Die"],"picked":"Adrenaline"},{"not_picked":["Underhanded Strike","Escape Plan"],"picked":"Blur"},{"not_picked":["Terror","Escape Plan"],"picked":"Masterful Stab"},{"not_picked":["Poisoned Stab","Crippling Poison"],"picked":"Dagger Throw"},{"not_picked":["Skewer","Heel Hook"],"picked":"Cloak And Dagger"}],"player_experience":59598,"potions_floor_usage":[6,8,10,11,16,28,30,33,33,39],"damage_taken":[{"damage":0,"enemies":"Cultist","floor":1,"turns":1},{"damage":0,"enemies":"Jaw Worm","floor":2,"turns":1},{"damage":0,"enemies":"Small Slimes","floor":5,"turns":1},{"damage":39,"enemies":"Gremlin Nob","floor":6,"turns":6},{"damage":8,"enemies":"3 Louse","floor":8,"turns":4},{"damage":3,"enemies":"3 Sentries","floor":10,"turns":6},{"damage":9,"enemies":"Gremlin Gang","floor":11,"turns":4},{"damage":8,"enemies":"2 Fungi Beasts","floor":13,"turns":3},{"damage":0,"enemies":"3 Louse","floor":14,"turns":4},{"damage":35,"enemies":"Slime Boss","floor":16,"turns":18},{"damage":5,"enemies":"Chosen","floor":18,"turns":9},{"damage":4,"enemies":"Shell Parasite","floor":21,"turns":5},{"damage":29,"enemies":"3 Cultists","floor":22,"turns":7},{"damage":14,"enemies":"Slavers","floor":28,"turns":6},{"damage":34,"enemies":"Gremlin Leader","floor":30,"turns":7},{"damage":9,"enemies":"Snake Plant","floor":31,"turns":3},{"damage":32,"enemies":"Champ","floor":33,"turns":10},{"damage":20,"enemies":"Orb Walker","floor":35,"turns":4},{"damage":16,"enemies":"3 Shapes","floor":36,"turns":7},{"damage":3,"enemies":"Sphere and 2 Shapes","floor":37,"turns":8},{"damage":33,"enemies":"Mysterious Sphere","floor":39,"turns":9},{"damage":33,"enemies":"Nemesis","floor":41,"turns":3}],"event_choices":[{"event_name":"World of Goop","player_choice":"Gather Gold","floor":3,"damage_taken":0},{"event_name":"Liars Game","player_choice":"agreed","floor":4,"damage_taken":0},{"event_name":"Forgotten Altar","player_choice":"Shed Blood","floor":19,"damage_taken":0},{"event_name":"The Library","player_choice":"Heal","floor":24,"damage_taken":0},{"event_name":"The Mausoleum","player_choice":"Yes","floor":29,"damage_taken":0},{"event_name":"Mysterious Sphere","player_choice":"Fight","floor":39,"damage_taken":0}],"boss_relics":[{"not_picked":["Lizard Tail","Eternal Feather"],"picked":"Runic Dome"},{"not_picked":["White Beast Statue","Astrolabe"],"picked":"Philosopher\u0027s Stone"}],"potions_floor_spawned":[2,5,8,10,14,18,28,30,35,37],"seed_played":"845036327003543139","killed_by":"Nemesis","ascension_level":2,"is_trial":false}