{"gold_per_floor":[117,117,142,8,22,22,66,66,66,106,130,130,153,166,166,255,255,270,293,293],"floor_reached":20,"playtime":1092,"items_purged":[],"score":401,"play_id":"cdf971db-25ce-45ee-8e30-faa4f7f5a847","local_time":"20190720210434","is_ascension_mode":true,"campfire_choices":[{"data":"Pummel","floor":6,"key":"SMITH"},{"data":"Seeing Red","floor":8,"key":"SMITH"},{"data":"True Grit","floor":12,"key":"SMITH"},{"data":"Thunderclap","floor":15,"key":"SMITH"}],"neow_cost":"NONE","seed_source_timestamp":764960378082193,"circlet_count":0,"master_deck":["AscendersBane","Strike_R","Strike_R","Strike_R","Strike_R","Strike_R","Defend_R","Defend_R","Defend_R","Defend_R","Bash","Thunderclap+1","Flame Barrier","Pummel+1","Seeing Red+1","Shrug It Off","True Grit+1","Battle Trance","Power Through","Feed","Flex"],"relics":["Burning Blood","Red Skull","Golden Idol","Charon\u0027s Ashes","Dream Catcher","Black Star"],"potions_floor_usage":[7,16,16,19],"damage_taken":[{"damage":19,"enemies":"Jaw Worm","floor":1,"turns":4},{"damage":6,"enemies":"Cultist","floor":3,"turns":3},{"damage":0,"enemies":"Small Slimes","floor":5,"turns":2},{"damage":10,"enemies":"Lagavulin","floor":7,"turns":5},{"damage":0,"enemies":"Gremlin Nob","floor":10,"turns":2},{"damage":0,"enemies":"Exordium Wildlife","floor":11,"turns":3},{"damage":8,"enemies":"Blue Slaver","floor":13,"turns":4},{"damage":5,"enemies":"Red Slaver","floor":14,"turns":5},{"damage":29,"enemies":"Slime Boss","floor":16,"turns":12},{"damage":23,"enemies":"Chosen","floor":18,"turns":6},{"damage":20,"enemies":"Shell Parasite","floor":19,"turns":8},{"damage":36,"enemies":"Cultist and Chosen","floor":20,"turns":3}],"seed_played":"-6649194106348375384","potions_obtained":[{"floor":3,"key":"FairyPotion"},{"floor":11,"key":"SkillPotion"},{"floor":13,"key":"LiquidBronze"},{"floor":14,"key":"Explosive Potion"},{"floor":18,"key":"GamblersBrew"}],"is_trial":false,"path_per_floor":["M","?","M","$","M","R","E","R","T","E","M","R","M","M","R","B",null,"M","M","M"],"character_chosen":"IRONCLAD","items_purchased":["Pummel","SteroidPotion"],"campfire_rested":0,"item_purchase_floors":[4,4],"current_hp_per_floor":[55,29,29,29,35,35,31,31,31,37,43,43,41,42,42,19,61,44,30,0],"gold":293,"neow_bonus":"RANDOM_COMMON_RELIC","is_prod":false,"is_daily":false,"chose_seed":false,"campfire_upgraded":4,"win_rate":0,"timestamp":1563671074,"path_taken":["M","?","M","$","M","R","E","R","T","E","M","R","M","M","R","BOSS","M","M","M"],"build_version":"2019-07-17","purchased_purges":0,"victory":false,"max_hp_per_floor":[75,75,75,75,75,75,75,75,75,75,75,75,75,75,75,75,75,75,75,78],"card_choices":[{"not_picked":["Cleave","Clothesline"],"picked":"Thunderclap","floor":1},{"not_picked":["Cleave","Metallicize"],"picked":"Flame Barrier","floor":3},{"not_picked":["Heavy Blade","Rage"],"picked":"Seeing Red","floor":5},{"not_picked":["Thunderclap","Combust"],"picked":"Shrug It Off","floor":7},{"not_picked":["Sword Boomerang","Shockwave"],"picked":"True Grit","floor":10},{"not_picked":["Wild Strike","Heavy Blade"],"picked":"Battle Trance","floor":11},{"not_picked":["Anger","Infernal Blade"],"picked":"Power Through","floor":13},{"not_picked":["Combust","Clothesline","Perfected Strike"],"picked":"SKIP","floor":14},{"not_picked":["Double Tap","Brutality"],"picked":"Feed","floor":16},{"not_picked":["Armaments","Heavy Blade","Havoc"],"picked":"SKIP","floor":18},{"not_picked":["Iron Wave","Headbutt"],"picked":"Flex","floor":19}],"player_experience":1611212,"relics_obtained":[{"floor":7,"key":"Charon\u0027s Ashes"},{"floor":10,"key":"Dream Catcher"}],"event_choices":[{"damage_healed":0,"gold_gain":0,"player_choice":"Take Damage","damage_taken":26,"relics_obtained":["Golden Idol"],"max_hp_gain":0,"max_hp_loss":0,"event_name":"Golden Idol","floor":2,"gold_loss":0}],"is_beta":false,"boss_relics":[{"not_picked":["Calling Bell","Mark of Pain"],"picked":"Black Star"}],"items_purged_floors":[],"is_endless":false,"potions_floor_spawned":[3,11,13,14,18],"killed_by":"Cultist and Chosen","ascension_level":18}