{"gold_per_floor":[160,179,189,31,51,51,76,95,120,120],"floor_reached":10,"playtime":570,"items_purged":[],"score":140,"play_id":"ae52f9fa-c080-49ce-8950-96fe29e7c81c","local_time":"20190506014354","is_ascension_mode":true,"campfire_choices":[{"data":"Neutralize","floor":6,"key":"SMITH"}],"neow_cost":"NONE","seed_source_timestamp":1005959703355879,"circlet_count":0,"master_deck":["AscendersBane","Defend_G","Defend_G","Defend_G+1","Defend_G","Defend_G","Strike_G","Strike_G","Strike_G","Strike_G","Strike_G","Survivor","Neutralize+1","Bane","Flying Knee","Flying Knee","Dash","Crippling Poison","Quick Slash","Masterful Stab"],"relics":["Tiny House","Centennial Puzzle","Pantograph","Pen Nib"],"potions_floor_usage":[1,5],"damage_taken":[{"damage":0,"enemies":"Cultist","floor":1,"turns":3},{"damage":3,"enemies":"Jaw Worm","floor":2,"turns":4},{"damage":1,"enemies":"Small Slimes","floor":3,"turns":4},{"damage":8,"enemies":"Exordium Wildlife","floor":5,"turns":4},{"damage":30,"enemies":"3 Sentries","floor":7,"turns":10},{"damage":17,"enemies":"Exordium Thugs","floor":8,"turns":4},{"damage":7,"enemies":"Large Slime","floor":10,"turns":2}],"seed_played":"7241210000352392425","potions_obtained":[{"floor":0,"key":"Fire Potion"},{"floor":2,"key":"Poison Potion"}],"is_trial":false,"path_per_floor":["M","M","M","$","M","R","E","M","T","M"],"character_chosen":"THE_SILENT","items_purchased":["Centennial Puzzle"],"campfire_rested":0,"item_purchase_floors":[4],"current_hp_per_floor":[64,61,60,60,52,52,22,5,5,0],"gold":120,"neow_bonus":"BOSS_RELIC","is_prod":false,"is_daily":false,"chose_seed":false,"campfire_upgraded":1,"win_rate":0,"timestamp":1557121434,"path_taken":["M","M","M","$","M","R","E","M","T","M"],"build_version":"2019-01-23","purchased_purges":0,"victory":false,"max_hp_per_floor":[71,71,71,71,71,71,71,71,71,71],"card_choices":[{"not_picked":["Backflip","Deadly Poison"],"picked":"Bane","floor":0},{"not_picked":["Deflect","Acrobatics"],"picked":"Flying Knee","floor":1},{"not_picked":["Cloak And Dagger","Slice"],"picked":"Flying Knee","floor":2},{"not_picked":["Masterful Stab","Catalyst"],"picked":"Dash","floor":3},{"not_picked":["Storm of Steel","Sucker Punch"],"picked":"Crippling Poison","floor":5},{"not_picked":["Flying Knee","Night Terror"],"picked":"Quick Slash","floor":7},{"not_picked":["Underhanded Strike","Expertise"],"picked":"Masterful Stab","floor":8}],"player_experience":1439771,"relics_obtained":[{"floor":7,"key":"Pantograph"},{"floor":9,"key":"Pen Nib"}],"event_choices":[],"is_beta":false,"boss_relics":[],"items_purged_floors":[],"is_endless":false,"potions_floor_spawned":[2],"killed_by":"Large Slime","ascension_level":20}