{"gold_per_floor":[114,126,126,139,139,169,184,184,209,236,253,268,293,293,293,396,396,416,65,78,78,90,90,102,134,134,134,147,147,147,158,158,257,257,274,292,292,303,303,334,347,360,360,375,375,30,30,40,40,40],"floor_reached":51,"playtime":3367,"items_purged":["Strike_G"],"score":773,"play_id":"6917025f-f7d8-4e6f-a1b8-b1dc7c366f82","local_time":"20190530080953","is_ascension_mode":false,"campfire_choices":[{"data":"Neutralize","floor":8.0,"key":"SMITH"},{"data":"Deadly Poison","floor":15.0,"key":"SMITH"},{"data":"Poisoned Stab","floor":23.0,"key":"SMITH"},{"data":"Cloak And Dagger","floor":29.0,"key":"SMITH"},{"data":"Cloak And Dagger","floor":32.0,"key":"SMITH"},{"data":"Dagger Spray","floor":45,"key":"SMITH"},{"data":"Survivor","floor":49,"key":"SMITH"}],"neow_cost":"NONE","seed_source_timestamp":903752087881296,"circlet_count":0,"master_deck":["Defend_G","Defend_G","Defend_G","Defend_G","Defend_G","Survivor+1","Neutralize+1","Dagger Spray+1","Dagger Throw+1","Quick Slash","Underhanded Strike+1","Cloak And Dagger+1","Deadly Poison+1","Cloak And Dagger+1","Dodge and Roll+1","Poisoned Stab+1","Prepared+1","Deflect+1","Dagger Spray+1","Bite+1","Bite+1","Bite+1","Bite+1","Bite+1","Flying Knee+1","Deflect+1","Acrobatics+1","Deadly Poison+1"],"special_seed":0,"relics":["Coffee Dripper","Omamori","Smiling Mask","Toxic Egg 2","Black Star","Mercury Hourglass","Snake Skull","Molten Egg 2","Ornamental Fan","MutagenicStrength","Busted Crown","Dream Catcher","Bottled Lightning","Blue Candle","TwistedFunnel","Whetstone"],"potions_floor_usage":[41,50,50],"damage_taken":[{"damage":0.0,"enemies":"Jaw Worm","floor":1.0,"turns":4.0},{"damage":0.0,"enemies":"Small Slimes","floor":2.0,"turns":6.0},{"damage":0.0,"enemies":"Cultist","floor":4.0,"turns":5.0},{"damage":20.0,"enemies":"Lagavulin","floor":6.0,"turns":8.0},{"damage":0.0,"enemies":"Exordium Wildlife","floor":7.0,"turns":4.0},{"damage":14.0,"enemies":"3 Sentries","floor":10.0,"turns":6.0},{"damage":2.0,"enemies":"2 Fungi Beasts","floor":11.0,"turns":3.0},{"damage":0.0,"enemies":"Looter","floor":12.0,"turns":3.0},{"damage":16.0,"enemies":"Gremlin Nob","floor":13.0,"turns":4.0},{"damage":24.0,"enemies":"Slime Boss","floor":16.0,"turns":12.0},{"damage":7.0,"enemies":"Shell Parasite","floor":18.0,"turns":6.0},{"damage":8.0,"enemies":"Spheric Guardian","floor":20.0,"turns":5.0},{"damage":13.0,"enemies":"Snake Plant","floor":22.0,"turns":3.0},{"damage":10.0,"enemies":"Snecko","floor":24.0,"turns":4.0},{"damage":32.0,"enemies":"Slavers","floor":25.0,"turns":5.0},{"damage":3.0,"enemies":"Shelled Parasite and Fungi","floor":28.0,"turns":5.0},{"damage":0.0,"enemies":"Centurion and Healer","floor":31.0,"turns":15.0},{"damage":51.0,"enemies":"Collector","floor":33.0,"turns":10.0},{"damage":0.0,"enemies":"3 Darklings","floor":35.0,"turns":4.0},{"damage":0.0,"enemies":"Orb Walker","floor":36.0,"turns":3.0},{"damage":9.0,"enemies":"Spire Growth","floor":38.0,"turns":5.0},{"damage":62.0,"enemies":"Nemesis","floor":40.0,"turns":7.0},{"damage":11,"enemies":"Maw","floor":41,"turns":6},{"damage":6,"enemies":"Transient","floor":42,"turns":5},{"damage":19,"enemies":"Writhing Mass","floor":44,"turns":6},{"damage":9,"enemies":"3 Darklings","floor":48,"turns":7},{"damage":84,"enemies":"Awakened One","floor":50,"turns":18}],"seed_played":"-5259716800197395359","potions_obtained":[{"floor":4.0,"key":"Swift Potion"},{"floor":6.0,"key":"Weak Potion"},{"floor":11.0,"key":"Energy Potion"},{"floor":12.0,"key":"GhostInAJar"},{"floor":20.0,"key":"Ancient Potion"},{"floor":21.0,"key":"Strength Potion"},{"floor":28.0,"key":"SkillPotion"},{"floor":36.0,"key":"Strength Potion"},{"floor":40.0,"key":"FearPotion"},{"floor":42,"key":"Poison Potion"},{"floor":48,"key":"Explosive Potion"}],"is_trial":false,"path_per_floor":["M","M","?","M","?","E","M","R","T","E","M","M","E","?","R","B",null,"M","$","M","?","M","R","M","E","T","?","M","R","?","M","R","B",null,"M","M","?","M","?","E","M","M","T","M","R","$","?","M","R","B",null],"character_chosen":"THE_SILENT","items_purchased":["Mercury Hourglass","PowerPotion","TwistedFunnel","Whetstone"],"campfire_rested":0,"item_purchase_floors":[19,19,46,46],"current_hp_per_floor":[70,70,70,70,70,50,50,50,50,38,38,40,26,43,43,21,70,63,63,57,57,46,46,38,8,8,8,26,26,26,70,70,46,70,70,70,66,62,62,20,27,42,42,44,44,44,44,62,62,27],"gold":40,"neow_bonus":"BOSS_RELIC","is_prod":false,"is_daily":false,"chose_seed":false,"campfire_upgraded":7,"win_rate":0,"timestamp":1559218193,"path_taken":["M","M","?","M","?","E","M","R","T","E","M","M","E","?","R","BOSS","M","$","M","?","M","R","?","E","T","?","M","R","?","M","R","BOSS","M","M","?","M","?","E","M","M","T","M","R","$","?","M","R","BOSS"],"build_version":"2019-01-23","purchased_purges":1,"victory":true,"max_hp_per_floor":[70,70,70,70,70,70,70,70,70,70,70,70,70,70,70,70,70,70,70,70,70,70,70,70,70,70,70,70,70,70,70,70,70,70,70,70,66,66,66,66,66,66,66,66,66,66,66,66,66,66],"card_choices":[{"not_picked":["Deflect","Acrobatics","Distraction"],"picked":"SKIP","floor":1.0},{"not_picked":["Blade Dance","Dodge and Roll"],"picked":"Dagger Spray","floor":2.0},{"not_picked":["Dagger Spray","Corpse Explosion"],"picked":"Dagger Throw","floor":4.0},{"not_picked":["Prepared","Caltrops"],"picked":"Quick Slash","floor":6.0},{"not_picked":["Reflex","Slice"],"picked":"Underhanded Strike","floor":7.0},{"not_picked":["Wraith Form v2","Accuracy"],"picked":"Cloak And Dagger","floor":10.0},{"not_picked":["Heel Hook","Blade Dance"],"picked":"Deadly Poison","floor":11.0},{"not_picked":["Dagger Spray","Blur"],"picked":"Cloak And Dagger","floor":12.0},{"not_picked":["Poisoned Stab","Distraction"],"picked":"Dodge and Roll","floor":13.0},{"not_picked":["Finisher","Dagger Spray","Calculated Gamble+1"],"picked":"SKIP","floor":18.0},{"not_picked":["Sucker Punch","Slice"],"picked":"Poisoned Stab","floor":20.0},{"not_picked":["Quick Slash","Setup+1"],"picked":"Prepared+1","floor":22.0},{"not_picked":["Cloak And Dagger+1","Slice"],"picked":"Deflect+1","floor":24.0},{"not_picked":["Concentrate+1","Tools of the Trade"],"picked":"Dagger Spray","floor":25.0},{"not_picked":["Acrobatics+1","Bouncing Flask+1"],"picked":"Flying Knee+1","floor":28.0},{"not_picked":["Concentrate+1","Accuracy+1","Quick Slash+1"],"picked":"SKIP","floor":31.0},{"not_picked":[],"picked":"Deflect+1","floor":35.0},{"not_picked":["Reflex+1"],"picked":"SKIP","floor":36.0},{"not_picked":[],"picked":"Acrobatics+1","floor":38.0},{"not_picked":["Underhanded Strike+1"],"picked":"SKIP","floor":40.0},{"not_picked":[],"picked":"Deadly Poison+1","floor":41},{"not_picked":["All Out Attack+1"],"picked":"SKIP","floor":42},{"not_picked":["Flechettes+1"],"picked":"SKIP","floor":44},{"not_picked":["Distraction+1"],"picked":"SKIP","floor":48}],"player_experience":1574070,"relics_obtained":[{"floor":6.0,"key":"Omamori"},{"floor":9.0,"key":"Blood Vial"},{"floor":10.0,"key":"Smiling Mask"},{"floor":13.0,"key":"Toxic Egg 2"},{"floor":25.0,"key":"Snake Skull"},{"floor":25.0,"key":"Molten Egg 2"},{"floor":26.0,"key":"Ornamental Fan"},{"floor":40.0,"key":"Dream Catcher"},{"floor":40.0,"key":"Bottled Lightning"},{"floor":43,"key":"Blue Candle"}],"event_choices":[{"damage_healed":0.0,"max_hp_gain":0.0,"max_hp_loss":0.0,"gold_gain":0.0,"event_name":"Shining Light","player_choice":"Ignored","floor":3.0,"gold_loss":0.0,"damage_taken":0.0},{"damage_healed":0.0,"max_hp_gain":0.0,"max_hp_loss":0.0,"gold_gain":0.0,"event_name":"Liars Game","player_choice":"Ignored","floor":5.0,"gold_loss":0.0,"damage_taken":0.0},{"damage_healed":17.0,"max_hp_gain":0.0,"max_hp_loss":0.0,"gold_gain":0.0,"event_name":"Mushrooms","player_choice":"Healed and dodged fight","floor":14.0,"gold_loss":0.0,"damage_taken":0.0,"cards_obtained":["Parasite"]},{"damage_healed":0.0,"max_hp_gain":0.0,"max_hp_loss":0.0,"gold_gain":0.0,"event_name":"Lab","player_choice":"Got Potions","floor":21.0,"gold_loss":0.0,"damage_taken":0.0},{"damage_healed":0.0,"max_hp_gain":0.0,"max_hp_loss":0.0,"gold_gain":0.0,"event_name":"Vampires","player_choice":"Became a vampire (Vial)","floor":27.0,"relics_lost":["Blood Vial"],"gold_loss":0.0,"damage_taken":0.0,"cards_obtained":["Bite","Bite","Bite","Bite","Bite"]},{"damage_healed":0.0,"max_hp_gain":0.0,"max_hp_loss":0.0,"gold_gain":0.0,"event_name":"Drug Dealer","player_choice":"Inject Mutagens","floor":30.0,"gold_loss":0.0,"damage_taken":0.0,"relics_obtained":["MutagenicStrength"]},{"damage_healed":0.0,"max_hp_gain":0.0,"max_hp_loss":4.0,"gold_gain":0.0,"event_name":"Winding Halls","player_choice":"Max HP","floor":37.0,"gold_loss":0.0,"damage_taken":0.0},{"damage_healed":0.0,"max_hp_gain":0.0,"max_hp_loss":0.0,"gold_gain":0.0,"event_name":"Tomb of Lord Red Mask","player_choice":"Ignored","floor":39.0,"gold_loss":0.0,"damage_taken":0.0},{"damage_healed":0,"gold_gain":0,"player_choice":"Memory 1","damage_taken":0,"max_hp_gain":0,"max_hp_loss":0,"event_name":"SensoryStone","floor":47,"gold_loss":0}],"is_beta":false,"boss_relics":[{"not_picked":["Astrolabe","Velvet Choker"],"picked":"Black Star"},{"not_picked":["Lizard Tail","Fusion Hammer"],"picked":"Busted Crown"}],"items_purged_floors":[19],"is_endless":false,"potions_floor_spawned":[4,6,11,12,20,28,36,40,42,48],"ascension_level":0}