{"path_per_floor":["M","?","M","M","M","E","?","M","T","R","$","?","?","M","R","B",null,"M","?","M"],"character_chosen":"IRONCLAD","items_purchased":["Frozen Egg 2","Sword Boomerang"],"gold_per_floor":[119,219,229,244,254,283,283,297,378,378,91,91,156,176,176,274,274,284,284,298,298],"floor_reached":21,"campfire_rested":1,"playtime":1272,"current_hp_per_floor":[80,80,77,73,52,42,24,22,22,46,46,46,52,33,33,77,80,80,80,48,0],"items_purged":[],"gold":298,"score":199,"play_id":"24f880a4-de8b-470a-83fc-8b8bbcb2c603","local_time":"20180328000128","is_prod":false,"is_daily":false,"is_ascension_mode":true,"campfire_upgraded":1,"timestamp":1522209688,"path_taken":["M","?","M","M","M","E","?","?","T","R","$","?","?","?","R","BOSS","M","?","M","M"],"build_version":"2018-03-22v2","purchased_purges":0,"victory":false,"master_deck":["Strike_R","Strike_R","Strike_R","Strike_R","Defend_R","Defend_R","Defend_R","Defend_R","Bash","Demon Form+1","Warcry","Reaper","Iron Wave","Havoc","Impervious","Battle Trance","Sword Boomerang","Impervious","Armaments","Clothesline","Limit Break","Armaments+1","Evolve+1"],"max_hp_per_floor":[80,80,80,80,80,80,80,80,80,80,80,80,80,80,80,80,80,80,80,80,80],"relics":["Burning Blood","Anchor","Orichalcum","Pantograph","Frozen Egg 2","Bronze Scales","Lizard Tail"],"card_choices":[{"not_picked":["Havoc","Shockwave"],"picked":"Warcry","floor":1},{"not_picked":["Wild Strike","Perfected Strike"],"picked":"Reaper","floor":3},{"not_picked":["Havoc","Body Slam"],"picked":"Iron Wave","floor":4},{"not_picked":["Shrug It Off","Impervious"],"picked":"Havoc","floor":5},{"not_picked":["Barricade","Combust"],"picked":"Impervious","floor":6},{"not_picked":["Body Slam","Dropkick"],"picked":"Battle Trance","floor":8},{"not_picked":["Clothesline","Rage"],"picked":"Armaments","floor":13},{"not_picked":["Entrench","Perfected Strike"],"picked":"Clothesline","floor":14},{"not_picked":["Impervious","Double Tap"],"picked":"Limit Break","floor":16},{"not_picked":["Wild Strike","Headbutt"],"picked":"Armaments","floor":18},{"not_picked":["Power Through","Shrug It Off"],"picked":"Evolve","floor":20}],"player_experience":138667,"potions_floor_usage":[6,6,13,16],"damage_taken":[{"damage":1,"enemies":"Cultist","floor":1,"turns":4},{"damage":9,"enemies":"2 Louse","floor":3,"turns":4},{"damage":14,"enemies":"Small Slimes","floor":4,"turns":4},{"damage":27,"enemies":"Exordium Wildlife","floor":5,"turns":8},{"damage":20,"enemies":"Gremlin Nob","floor":6,"turns":4},{"damage":21,"enemies":"Gremlin Gang","floor":8,"turns":7},{"damage":16,"enemies":"3 Sentries","floor":13,"turns":7},{"damage":30,"enemies":"Exordium Thugs","floor":14,"turns":6},{"damage":17,"enemies":"Slime Boss","floor":16,"turns":10},{"damage":0,"enemies":"3 Byrds","floor":18,"turns":4},{"damage":38,"enemies":"Spheric Guardian","floor":20,"turns":7},{"damage":94,"enemies":"3 Cultists","floor":21,"turns":6}],"event_choices":[{"event_name":"Golden Shrine","player_choice":"Pray","floor":2,"damage_taken":0},{"event_name":"Scrap Ooze","player_choice":"success","floor":7,"damage_taken":18},{"event_name":"Living Wall","player_choice":"Change","floor":12,"damage_taken":0},{"event_name":"Dead Adventurer","player_choice":"Searched \u00273\u0027 times","floor":13,"damage_taken":0},{"event_name":"Cursed Tome","player_choice":"Ignored","floor":19,"damage_taken":0}],"boss_relics":[{"not_picked":["Mark of Pain","Ectoplasm"],"picked":"Lizard Tail"}],"potions_floor_spawned":[3,5,6,8,16],"seed_played":"-8428965877132755586","killed_by":"3 Cultists","ascension_level":2,"is_trial":false}