{"gold_per_floor":[114,134,149,48,58,58,87,107,107,107,207,207,222,257,257,331,331,344,356,376,9,27,27,27,27,72,98,98],"floor_reached":28,"playtime":1558,"items_purged":["Strike_R","Strike_R"],"score":500,"play_id":"96130d92-7ebd-46f4-a0a4-8e3af0614341","local_time":"20190906030210","is_ascension_mode":true,"campfire_choices":[{"data":"Bash","floor":6.0,"key":"SMITH"},{"floor":10.0,"key":"REST"},{"floor":12.0,"key":"REST"},{"data":"Armaments","floor":15.0,"key":"SMITH"},{"floor":23.0,"key":"REST"},{"data":"Demon Form","floor":25.0,"key":"SMITH"}],"neow_cost":"NONE","seed_source_timestamp":52484372182306,"circlet_count":0,"master_deck":["AscendersBane","Strike_R","Strike_R","Strike_R","Defend_R","Defend_R","Defend_R","Defend_R","Bash+1","Twin Strike","Metallicize","Thunderclap","Combust","Shrug It Off","Flex","Armaments+1","Cleave","Clothesline","Demon Form+1","Reaper","True Grit","Sentinel+1","Intimidate","Armaments","Flash of Steel","Spot Weakness","Armaments+1","Writhe","Immolate"],"special_seed":0,"relics":["Burning Blood","Bird Faced Urn","Thread and Needle","Ice Cream","Cursed Key","Membership Card","Lantern","Incense Burner"],"potions_floor_usage":[27,28],"damage_taken":[{"damage":14.0,"enemies":"Jaw Worm","floor":1.0,"turns":4.0},{"damage":3.0,"enemies":"Cultist","floor":2.0,"turns":4.0},{"damage":18.0,"enemies":"Small Slimes","floor":3.0,"turns":4.0},{"damage":15.0,"enemies":"Exordium Thugs","floor":5.0,"turns":5.0},{"damage":30.0,"enemies":"Lagavulin","floor":7.0,"turns":6.0},{"damage":17.0,"enemies":"3 Louse","floor":8.0,"turns":2.0},{"damage":0.0,"enemies":"2 Fungi Beasts","floor":13.0,"turns":3.0},{"damage":10.0,"enemies":"Gremlin Nob","floor":14.0,"turns":4.0},{"damage":44.0,"enemies":"The Guardian","floor":16.0,"turns":11.0},{"damage":33.0,"enemies":"Chosen","floor":18.0,"turns":6.0},{"damage":23.0,"enemies":"Shell Parasite","floor":19.0,"turns":6.0},{"damage":17.0,"enemies":"Snecko","floor":20.0,"turns":5.0},{"damage":29.0,"enemies":"Sentry and Sphere","floor":22.0,"turns":10.0},{"damage":69,"enemies":"Slavers","floor":27,"turns":7},{"damage":21,"enemies":"Centurion and Healer","floor":28,"turns":2}],"seed_played":"1462757208532174429","potions_obtained":[{"floor":7.0,"key":"Weak Potion"},{"floor":13.0,"key":"Block Potion"},{"floor":16.0,"key":"SmokeBomb"},{"floor":18.0,"key":"Fire Potion"},{"floor":20.0,"key":"Poison Potion"},{"floor":22.0,"key":"Weak Potion"},{"floor":27,"key":"Dexterity Potion"}],"is_trial":false,"path_per_floor":["M","M","M","$","M","R","E","M","T","R","?","R","M","E","R","B",null,"M","M","M","$","M","R","?","R","T","E","M"],"character_chosen":"IRONCLAD","items_purchased":["Shrug It Off","Membership Card","Intimidate","Armaments","Flash of Steel"],"campfire_rested":3,"item_purchase_floors":[4,21,21,21,21],"current_hp_per_floor":[60,63,51,51,42,42,18,9,9,31,31,53,61,59,59,27,63,42,29,38,38,21,43,43,43,43,10,0],"gold":98,"neow_bonus":"THREE_CARDS","is_prod":false,"is_daily":false,"chose_seed":false,"campfire_upgraded":3,"win_rate":0,"timestamp":1567702930,"path_taken":["M","M","M","$","M","R","E","M","T","R","?","R","M","E","R","BOSS","M","?","M","?","M","R","?","R","T","E","M"],"build_version":"2019-07-17","purchased_purges":2,"victory":false,"max_hp_per_floor":[75,75,75,75,75,75,75,75,75,75,75,75,75,75,75,75,75,75,75,75,75,75,75,75,75,75,75,75],"card_choices":[{"not_picked":["Entrench","True Grit"],"picked":"Twin Strike","floor":0.0},{"not_picked":["Body Slam","Twin Strike"],"picked":"Metallicize","floor":1.0},{"not_picked":["Twin Strike","Iron Wave"],"picked":"Thunderclap","floor":2.0},{"not_picked":["Warcry","Heavy Blade"],"picked":"Combust","floor":3.0},{"not_picked":["Hemokinesis","Twin Strike"],"picked":"Flex","floor":5.0},{"not_picked":["Limit Break","Heavy Blade"],"picked":"Armaments","floor":7.0},{"not_picked":["Fire Breathing","Iron Wave"],"picked":"Cleave","floor":8.0},{"not_picked":["Wild Strike","Thunderclap"],"picked":"Clothesline","floor":13.0},{"not_picked":["Havoc","Warcry"],"picked":"Demon Form","floor":14.0},{"not_picked":["Double Tap","Demon Form"],"picked":"Reaper","floor":16.0},{"not_picked":["Twin Strike","Rage"],"picked":"True Grit","floor":18.0},{"not_picked":["Flex","Headbutt+1"],"picked":"Sentinel+1","floor":19.0},{"not_picked":["Searing Blow","Wild Strike","Clothesline"],"picked":"SKIP","floor":20.0},{"not_picked":["Heavy Blade","Flame Barrier"],"picked":"Spot Weakness","floor":22.0},{"not_picked":["Anger+1","Evolve+1"],"picked":"Immolate","floor":27}],"player_experience":1244716,"relics_obtained":[{"floor":7.0,"key":"Bird Faced Urn"},{"floor":9.0,"key":"Thread and Needle"},{"floor":14.0,"key":"Ice Cream"},{"floor":26.0,"key":"Lantern"},{"floor":27,"key":"Incense Burner"}],"event_choices":[{"damage_healed":0.0,"max_hp_gain":0.0,"max_hp_loss":0.0,"gold_gain":100.0,"event_name":"Wheel of Change","player_choice":"Gold","floor":11.0,"gold_loss":0.0,"damage_taken":0.0},{"damage_healed":0.0,"max_hp_gain":0.0,"max_hp_loss":0.0,"gold_gain":0.0,"event_name":"Duplicator","player_choice":"Copied","floor":24.0,"gold_loss":0.0,"damage_taken":0.0,"cards_obtained":["Armaments"]}],"is_beta":false,"boss_relics":[{"not_picked":["Astrolabe","Empty Cage"],"picked":"Cursed Key"}],"items_purged_floors":[4,21],"is_endless":false,"potions_floor_spawned":[7,13,16,18,20,22,27],"killed_by":"Centurion and Healer","ascension_level":20}