{"gold_per_floor":[116,133,18,18,18,18,57,73,97,132,132,165,165,165,165,286,286,304,318,24,48,48],"floor_reached":22,"playtime":697,"items_purged":[],"score":277,"play_id":"0eb3059f-78f0-4e41-802f-50c348916b1a","local_time":"20190912152326","is_ascension_mode":true,"campfire_choices":[{"data":"CrushJoints","floor":6.0,"key":"SMITH"},{"data":"FlyingSleeves","floor":13.0,"key":"SMITH"},{"data":"Strike_P","floor":15.0,"key":"SMITH"}],"neow_cost":"NONE","seed_source_timestamp":16863489165837,"circlet_count":0,"master_deck":["Strike_P","Strike_P","Strike_P+1","Defend_P","Defend_P","Defend_P","Defend_P","Eruption+1","Vigilance","CrushJoints+1","Crescendo","Establishment","TalkToTheHand","Injury","ThirdEye","ThirdEye","EmptyMind","FlyingSleeves+1","FlowState","WaveOfTheHand","CutThroughFate","FlowState","Devotion"],"special_seed":0,"relics":["PureWater","NeowsBlessing","Golden Idol","PreservedInsect","MealTicket","Strawberry","Meat on the Bone","SacredBark","DollysMirror","Pen Nib"],"potions_floor_usage":[22],"damage_taken":[{"damage":0.0,"enemies":"Small Slimes","floor":1.0,"turns":1.0},{"damage":0.0,"enemies":"2 Louse","floor":2.0,"turns":1.0},{"damage":0.0,"enemies":"Gremlin Nob","floor":7.0,"turns":1.0},{"damage":0.0,"enemies":"Jaw Worm","floor":8.0,"turns":3.0},{"damage":30.0,"enemies":"3 Sentries","floor":10.0,"turns":10.0},{"damage":0.0,"enemies":"Lagavulin","floor":12.0,"turns":3.0},{"damage":19.0,"enemies":"Slime Boss","floor":16.0,"turns":6.0},{"damage":18.0,"enemies":"Chosen","floor":18.0,"turns":5.0},{"damage":11.0,"enemies":"Spheric Guardian","floor":19.0,"turns":3.0},{"damage":43,"enemies":"Snake Plant","floor":21,"turns":6},{"damage":68,"enemies":"Cultist and Chosen","floor":22,"turns":6}],"seed_played":"4189284639848784184","potions_obtained":[{"floor":7.0,"key":"Regen Potion"},{"floor":10.0,"key":"Dexterity Potion"},{"floor":16.0,"key":"Fire Potion"},{"floor":19.0,"key":"StancePotion"}],"is_trial":false,"path_per_floor":["M","M","$","?","?","R","E","M","T","E","?","E","R","?","R","B",null,"M","M","$","M","M"],"character_chosen":"WATCHER","items_purchased":["Establishment","TalkToTheHand","DollysMirror","Pen Nib"],"campfire_rested":0,"item_purchase_floors":[3,3,20,20],"current_hp_per_floor":[65,65,65,58,58,58,58,58,58,35,59,59,59,59,59,40,72,54,43,58,27,0],"gold":48,"neow_bonus":"THREE_ENEMY_KILL","is_prod":false,"is_daily":false,"chose_seed":false,"campfire_upgraded":3,"win_rate":0,"timestamp":1568265806,"path_taken":["M","M","$","?","?","R","E","M","T","E","?","E","R","?","R","BOSS","M","M","$","M","M"],"build_version":"2019-09-10","purchased_purges":0,"victory":false,"max_hp_per_floor":[65,65,65,65,65,65,65,65,65,72,72,72,72,72,72,72,72,72,72,72,72,72],"card_choices":[{"not_picked":["EmptyBody","CleanseEvil"],"picked":"CrushJoints","floor":1.0},{"not_picked":["Wireheading","Weave"],"picked":"Crescendo","floor":2.0},{"not_picked":["Consecrate","Crescendo"],"picked":"ThirdEye","floor":7.0},{"not_picked":["PathToVictory","Clarity"],"picked":"ThirdEye","floor":8.0},{"not_picked":["CleanseEvil","CrushJoints"],"picked":"EmptyMind","floor":10.0},{"not_picked":["Crescendo","DeceiveReality"],"picked":"FlyingSleeves","floor":12.0},{"not_picked":["DeusExMachina","SignatureMove"],"picked":"FlowState","floor":16.0},{"not_picked":["Halt","CrushJoints"],"picked":"WaveOfTheHand","floor":18.0},{"not_picked":["Protect","EmptyFist"],"picked":"CutThroughFate","floor":19.0},{"not_picked":["CarveReality","ThirdEye"],"picked":"Devotion","floor":21}],"player_experience":1312812,"relics_obtained":[{"floor":7.0,"key":"PreservedInsect"},{"floor":9.0,"key":"MealTicket"},{"floor":10.0,"key":"Strawberry"},{"floor":12.0,"key":"Meat on the Bone"}],"event_choices":[{"cards_removed":["Strike_P"],"damage_healed":0.0,"max_hp_gain":0.0,"max_hp_loss":0.0,"gold_gain":0.0,"event_name":"Golden Wing","player_choice":"Card Removal","floor":4.0,"gold_loss":0.0,"damage_taken":7.0},{"damage_healed":0.0,"max_hp_gain":0.0,"max_hp_loss":0.0,"gold_gain":0.0,"event_name":"Golden Idol","player_choice":"Take Wound","floor":5.0,"gold_loss":0.0,"damage_taken":0.0,"relics_obtained":["Golden Idol"],"cards_obtained":["Injury"]},{"damage_healed":24.0,"max_hp_gain":0.0,"max_hp_loss":0.0,"gold_gain":0.0,"event_name":"Big Fish","player_choice":"Banana","floor":11.0,"gold_loss":0.0,"damage_taken":0.0},{"damage_healed":0.0,"max_hp_gain":0.0,"max_hp_loss":0.0,"gold_gain":0.0,"event_name":"Living Wall","player_choice":"Grow","floor":14.0,"gold_loss":0.0,"damage_taken":0.0,"cards_upgraded":["Eruption"]}],"is_beta":true,"boss_relics":[{"not_picked":["Empty Cage","Velvet Choker"],"picked":"SacredBark"}],"items_purged_floors":[],"is_endless":false,"potions_floor_spawned":[7,10,16,19,21],"killed_by":"Cultist and Chosen","ascension_level":2}