{"path_per_floor":["M","M","?","$","M","E","M","R","T","E","?","?","T","M","R"],"character_chosen":"THE_SILENT","items_purchased":["Crippling Poison"],"gold_per_floor":[116,126,126,11,29,58,75,75,102,133,106,106,106,119,119,119],"floor_reached":16,"campfire_rested":2,"playtime":716,"current_hp_per_floor":[70,70,70,70,70,42,38,59,59,24,24,41,41,29,50,0],"items_purged":["Defend_G"],"gold":119,"score":127,"play_id":"aa99c7da-a3bc-4368-8048-f6bf452a8bf1","local_time":"20180405021922","is_prod":false,"is_daily":false,"is_ascension_mode":true,"campfire_upgraded":0,"timestamp":1522909162,"path_taken":["M","M","?","$","M","E","M","R","T","E","?","?","?","?","R","BOSS"],"build_version":"2018-03-29v2","purchased_purges":1,"victory":false,"master_deck":["Defend_G","Defend_G","Defend_G","Defend_G","Strike_G","Strike_G","Strike_G","Strike_G","Survivor","Neutralize","Crippling Poison","Distraction","Crippling Poison","Deadly Poison","Well Laid Plans","Bouncing Flask","Bullet Time","Parasite","Leg Sweep"],"max_hp_per_floor":[70,70,70,70,70,70,70,70,70,70,70,70,70,70,70,70],"relics":["Ring of the Snake","NeowsBlessing","Pen Nib","Lantern","Anchor","Bird Faced Urn"],"card_choices":[{"not_picked":["Acrobatics","Catalyst"],"picked":"Crippling Poison","floor":1},{"not_picked":["Cloak And Dagger","Deflect"],"picked":"Distraction","floor":2},{"not_picked":["Prepared","Poisoned Stab"],"picked":"Deadly Poison","floor":5},{"not_picked":["PiercingWail","Dash"],"picked":"Well Laid Plans","floor":6},{"not_picked":["Poisoned Stab","Endless Agony"],"picked":"Bouncing Flask","floor":7},{"not_picked":["Footwork","Outmaneuver"],"picked":"Bullet Time","floor":10},{"not_picked":["All Out Attack","Masterful Stab"],"picked":"Leg Sweep","floor":14}],"player_experience":169697,"potions_floor_usage":[7,16,16,16],"damage_taken":[{"damage":0,"enemies":"2 Louse","floor":1,"turns":1},{"damage":0,"enemies":"Cultist","floor":2,"turns":1},{"damage":0,"enemies":"Jaw Worm","floor":5,"turns":1},{"damage":28,"enemies":"Lagavulin","floor":6,"turns":8},{"damage":16,"enemies":"2 Fungi Beasts","floor":7,"turns":5},{"damage":35,"enemies":"Gremlin Nob","floor":10,"turns":5},{"damage":14,"enemies":"3 Louse","floor":14,"turns":3},{"damage":58,"enemies":"Slime Boss","floor":16,"turns":9}],"event_choices":[{"event_name":"Purifier","player_choice":"One Purge","floor":3,"damage_taken":0},{"event_name":"World of Goop","player_choice":"Left","floor":11,"damage_taken":0},{"event_name":"Mushrooms","player_choice":"Healed and dodged fight","floor":12,"damage_taken":0}],"boss_relics":[],"potions_floor_spawned":[1,6,10,14],"seed_played":"-993230796553892398","killed_by":"Slime Boss","ascension_level":3,"is_trial":false}