{"gold_per_floor":[116,116,131,131,151,182,196,214,214,214,214,257,257,57,57,182,182,202,182,68,83,106,141,141],"floor_reached":24,"playtime":2184,"items_purged":["Strike_B"],"score":226,"play_id":"1930ecd2-3586-496c-84a7-8a68b4276d3a","local_time":"20190910232930","is_ascension_mode":false,"campfire_choices":[{"floor":11,"key":"REST"},{"data":"Storm","floor":13,"key":"SMITH"},{"floor":15,"key":"REST"}],"neow_cost":"NONE","seed_source_timestamp":2016476280841600,"circlet_count":0,"master_deck":["Strike_B","Strike_B","Defend_B","Defend_B","Defend_B","Defend_B","Zap","Dualcast","Fusion+1","Cold Snap","Redo","Capacitor","Reprogram","Storm+1","Genetic Algorithm","Storm","Coolheaded","Electrodynamics","Hello World+1","Storm","Tempest+1","Tempest"],"relics":["Cracked Core","NeowsBlessing","Orichalcum","Sundial","Golden Idol","Oddly Smooth Stone","Philosopher\u0027s Stone","Ice Cream"],"potions_floor_usage":[12,16],"damage_taken":[{"damage":0,"enemies":"Small Slimes","floor":1,"turns":1},{"damage":0,"enemies":"2 Louse","floor":3,"turns":1},{"damage":0,"enemies":"Cultist","floor":5,"turns":1},{"damage":17,"enemies":"3 Sentries","floor":6,"turns":8},{"damage":0,"enemies":"Exordium Wildlife","floor":7,"turns":3},{"damage":7,"enemies":"2 Fungi Beasts","floor":8,"turns":5},{"damage":18,"enemies":"Lagavulin","floor":12,"turns":8},{"damage":34,"enemies":"Slime Boss","floor":16,"turns":13},{"damage":13,"enemies":"Spheric Guardian","floor":18,"turns":4},{"damage":14,"enemies":"2 Thieves","floor":21,"turns":2},{"damage":3,"enemies":"3 Cultists","floor":22,"turns":3},{"damage":40,"enemies":"Gremlin Leader","floor":23,"turns":5},{"damage":5,"enemies":"Snake Plant","floor":24,"turns":2}],"seed_played":"-9027231591237486230","potions_obtained":[{"floor":1,"key":"Dexterity Potion"},{"floor":6,"key":"Block Potion"},{"floor":12,"key":"Energy Potion"},{"floor":16,"key":"Strength Potion"},{"floor":19,"key":"LiquidBronze"}],"is_trial":false,"path_per_floor":["M","?","M","?","M","E","M","M","T","?","R","E","R","$","R","B",null,"M","?","$","M","M","E","M"],"character_chosen":"DEFECT","items_purchased":["Genetic Algorithm","Storm","Coolheaded","Storm"],"campfire_rested":2,"item_purchase_floors":[14,14,14,20],"current_hp_per_floor":[75,75,75,75,75,58,58,51,51,33,55,37,37,37,59,25,75,62,62,62,48,45,5,0],"gold":141,"neow_bonus":"THREE_ENEMY_KILL","is_prod":false,"is_daily":false,"chose_seed":false,"campfire_upgraded":1,"win_rate":0.0,"timestamp":1568125770,"path_taken":["M","?","M","?","M","E","M","?","T","?","R","E","R","$","R","BOSS","M","?","$","M","M","E","M"],"build_version":"2019-07-17","purchased_purges":1,"victory":false,"max_hp_per_floor":[75,75,75,75,75,75,75,75,75,75,75,75,75,75,75,75,75,75,75,75,75,75,75,75],"card_choices":[{"not_picked":["Scrape","Hologram"],"picked":"Fusion","floor":1},{"not_picked":["Beam Cell","BootSequence"],"picked":"Cold Snap","floor":3},{"not_picked":["Defragment","Sweeping Beam"],"picked":"Redo","floor":5},{"not_picked":["All For One","Streamline","Steam"],"picked":"SKIP","floor":6},{"not_picked":["Stack","Barrage"],"picked":"Capacitor","floor":7},{"not_picked":["Leap","Heatsinks"],"picked":"Reprogram","floor":8},{"not_picked":["Redo","Barrage"],"picked":"Storm","floor":12},{"not_picked":["All For One","Machine Learning"],"picked":"Electrodynamics","floor":16},{"not_picked":["Hologram","Static Discharge+1"],"picked":"Hello World+1","floor":18},{"not_picked":["Chill+1","Sweeping Beam"],"picked":"Tempest+1","floor":21},{"not_picked":["Auto Shields+1","Conserve Battery+1"],"picked":"Tempest","floor":22},{"not_picked":["Rip and Tear+1","Redo","Beam Cell"],"picked":"SKIP","floor":23}],"player_experience":17554,"relics_obtained":[{"floor":6,"key":"Orichalcum"},{"floor":9,"key":"Sundial"},{"floor":12,"key":"Oddly Smooth Stone"},{"floor":23,"key":"Ice Cream"}],"event_choices":[{"damage_healed":0,"gold_gain":0,"player_choice":"Grow","damage_taken":0,"max_hp_gain":0,"max_hp_loss":0,"event_name":"Living Wall","floor":2,"gold_loss":0,"cards_upgraded":["Fusion"]},{"cards_removed":["Strike_B"],"damage_healed":0,"gold_gain":0,"player_choice":"Offered Basic","damage_taken":0,"max_hp_gain":0,"max_hp_loss":0,"event_name":"Bonfire Elementals","floor":4,"gold_loss":0},{"damage_healed":0,"gold_gain":0,"player_choice":"Take Damage","damage_taken":18,"relics_obtained":["Golden Idol"],"max_hp_gain":0,"max_hp_loss":0,"event_name":"Golden Idol","floor":10,"gold_loss":0},{"damage_healed":0,"gold_gain":0,"player_choice":"Bought 1 Potion","damage_taken":0,"max_hp_gain":0,"max_hp_loss":0,"event_name":"The Woman in Blue","floor":19,"gold_loss":0}],"is_beta":false,"boss_relics":[{"not_picked":["Sozu","White Beast Statue"],"picked":"Philosopher\u0027s Stone"}],"items_purged_floors":[20],"is_endless":false,"potions_floor_spawned":[1,6,12,16],"killed_by":"Snake Plant","ascension_level":0}