{"gold_per_floor":[118,135,149,160,175,175,229,263,286,286,49,49,49,108,108,185,185,200,200,224,237,24,24],"floor_reached":23,"playtime":1028,"items_purged":["Strike_G","Strike_G"],"score":398,"play_id":"6e605249-3359-4efc-ad40-33ebf6475b5b","local_time":"20190503113917","is_ascension_mode":true,"campfire_choices":[{"data":"Neutralize","floor":6.0,"key":"SMITH"},{"floor":12.0,"key":"REST"},{"data":"Noxious Fumes","floor":15.0,"key":"SMITH"}],"neow_cost":"NONE","seed_source_timestamp":781885270873746,"circlet_count":0,"master_deck":["AscendersBane","Defend_G","Defend_G","Defend_G","Defend_G","Defend_G","Strike_G","Strike_G","Survivor","Neutralize+1","Bane","Poisoned Stab","Dagger Throw","Noxious Fumes+1","Slice","Die Die Die","Noxious Fumes","Prepared","Burst","Dodge and Roll"],"special_seed":0,"relics":["Ring of the Snake","Gremlin Horn","Pen Nib","Happy Flower","Bronze Scales","Tiny Chest","Eternal Feather","Anchor"],"potions_floor_usage":[23,23],"damage_taken":[{"damage":2.0,"enemies":"Cultist","floor":1.0,"turns":4.0},{"damage":0.0,"enemies":"Small Slimes","floor":2.0,"turns":3.0},{"damage":1.0,"enemies":"2 Louse","floor":3.0,"turns":2.0},{"damage":2.0,"enemies":"2 Fungi Beasts","floor":4.0,"turns":4.0},{"damage":0.0,"enemies":"Exordium Wildlife","floor":5.0,"turns":3.0},{"damage":27.0,"enemies":"3 Sentries","floor":8.0,"turns":5.0},{"damage":9.0,"enemies":"Gremlin Nob","floor":14.0,"turns":4.0},{"damage":14.0,"enemies":"Hexaghost","floor":16.0,"turns":7.0},{"damage":24.0,"enemies":"Shell Parasite","floor":18.0,"turns":5.0},{"damage":16,"enemies":"Spheric Guardian","floor":21,"turns":6},{"damage":14,"enemies":"Book of Stabbing","floor":23,"turns":4}],"seed_played":"-483437252222984233","potions_obtained":[{"floor":1.0,"key":"GhostInAJar"},{"floor":4.0,"key":"Explosive Potion"},{"floor":8.0,"key":"FairyPotion"},{"floor":14.0,"key":"Poison Potion"},{"floor":16.0,"key":"FearPotion"}],"is_trial":false,"path_per_floor":["M","M","M","M","M","R","?","E","T","?","$","R","?","E","R","B",null,"M","?","T","M","$","E"],"character_chosen":"THE_SILENT","items_purchased":["Bronze Scales","Dexterity Potion","Fire Potion"],"campfire_rested":1,"item_purchase_floors":[11,22,22],"current_hp_per_floor":[57,57,56,54,54,54,54,27,27,22,22,41,41,32,32,18,54,30,30,30,14,14,0],"gold":24,"neow_bonus":"TRANSFORM_CARD","is_prod":false,"is_daily":false,"chose_seed":false,"campfire_upgraded":2,"win_rate":0,"timestamp":1556897957,"path_taken":["M","M","M","M","M","R","?","E","T","?","$","R","?","E","R","BOSS","M","?","?","?","?","E"],"build_version":"2019-01-23","purchased_purges":2,"victory":false,"max_hp_per_floor":[66,66,66,66,66,66,66,66,66,66,66,66,66,66,66,66,66,66,66,66,66,66,66],"card_choices":[{"not_picked":["Blur","All Out Attack"],"picked":"Poisoned Stab","floor":1.0},{"not_picked":["PiercingWail","Quick Slash"],"picked":"Dagger Throw","floor":2.0},{"not_picked":["Concentrate","Caltrops"],"picked":"Noxious Fumes","floor":3.0},{"not_picked":["Tactician","Caltrops"],"picked":"Slice","floor":4.0},{"not_picked":["Footwork","Tactician"],"picked":"Die Die Die","floor":5.0},{"not_picked":["Acrobatics","Cloak And Dagger"],"picked":"Noxious Fumes","floor":8.0},{"not_picked":["Riddle With Holes","Distraction"],"picked":"Prepared","floor":14.0},{"not_picked":["Corpse Explosion","Tools of the Trade"],"picked":"Burst","floor":16.0},{"not_picked":["Dagger Throw","Deadly Poison"],"picked":"Dodge and Roll","floor":18.0},{"not_picked":["Choke","Dagger Throw","Flying Knee"],"picked":"SKIP","floor":21}],"player_experience":1373134,"relics_obtained":[{"floor":8.0,"key":"Gremlin Horn"},{"floor":9.0,"key":"Pen Nib"},{"floor":14.0,"key":"Tiny Chest"},{"floor":20.0,"key":"Anchor"}],"event_choices":[{"damage_healed":0.0,"max_hp_gain":0.0,"max_hp_loss":0.0,"gold_gain":54.0,"event_name":"Golden Wing","player_choice":"Gained Gold","floor":7.0,"gold_loss":0.0,"damage_taken":0.0},{"damage_healed":0.0,"max_hp_gain":0.0,"max_hp_loss":0.0,"gold_gain":0.0,"event_name":"Scrap Ooze","player_choice":"Success","floor":10.0,"gold_loss":0.0,"damage_taken":5.0,"relics_obtained":["Happy Flower"]},{"damage_healed":0.0,"max_hp_gain":0.0,"max_hp_loss":0.0,"gold_gain":0.0,"event_name":"Shining Light","player_choice":"Ignored","floor":13.0,"gold_loss":0.0,"damage_taken":0.0},{"damage_healed":0.0,"max_hp_gain":0.0,"max_hp_loss":0.0,"gold_gain":0.0,"event_name":"Cursed Tome","player_choice":"Ignored","floor":19.0,"gold_loss":0.0,"damage_taken":0.0}],"is_beta":false,"boss_relics":[{"not_picked":["Lizard Tail","Snecko Eye"],"picked":"Eternal Feather"}],"items_purged_floors":[11,22],"is_endless":false,"potions_floor_spawned":[1,4,8,14,16],"killed_by":"Book of Stabbing","ascension_level":20}