{"gold_per_floor":[118,137,62,137,147,147,182,182,182,193,209,225,242,263,263,263],"floor_reached":16,"playtime":1096,"items_purged":["Strike_G"],"score":151,"play_id":"29a9c021-dcfd-4a3e-8e01-0da2e84a1295","local_time":"20181027122833","is_ascension_mode":true,"campfire_choices":[{"data":"Dagger Spray","floor":6,"key":"SMITH"},{"data":"Leg Sweep","floor":8,"key":"SMITH"},{"floor":15,"key":"REST"}],"neow_cost":"NONE","seed_source_timestamp":77737497164017,"circlet_count":0,"master_deck":["Defend_G","Defend_G","Defend_G","Defend_G","Defend_G","Strike_G","Strike_G","Strike_G","Strike_G","Survivor","Neutralize+1","Eviscerate","Leg Sweep+1","Dagger Spray+1","All Out Attack","Footwork","Dagger Throw","Quick Slash","Reflex"],"relics":["Ring of the Snake","Ancient Tea Set","Bottled Lightning","Odd Mushroom"],"potions_floor_usage":[7,14,16],"damage_taken":[{"damage":1,"enemies":"Small Slimes","floor":1,"turns":4},{"damage":0,"enemies":"2 Louse","floor":2,"turns":5},{"damage":0,"enemies":"Cultist","floor":5,"turns":5},{"damage":9,"enemies":"3 Sentries","floor":7,"turns":6},{"damage":19,"enemies":"Large Slime","floor":10,"turns":6},{"damage":2,"enemies":"2 Fungi Beasts","floor":11,"turns":3},{"damage":0,"enemies":"Exordium Wildlife","floor":12,"turns":4},{"damage":3,"enemies":"Looter","floor":13,"turns":4},{"damage":9,"enemies":"The Mushroom Lair","floor":14,"turns":2},{"damage":33,"enemies":"The Guardian","floor":16,"turns":11}],"seed_played":"941131342620986982","potions_obtained":[{"floor":1,"key":"SpeedPotion"},{"floor":5,"key":"SteroidPotion"},{"floor":11,"key":"SmokeBomb"},{"floor":12,"key":"SkillPotion"},{"floor":14,"key":"AttackPotion"}],"is_trial":false,"path_per_floor":["M","M","$","?","M","R","E","R","T","M","M","M","M","?","R"],"character_chosen":"THE_SILENT","items_purchased":[],"campfire_rested":1,"item_purchase_floors":[],"current_hp_per_floor":[62,62,62,51,51,51,42,42,42,23,21,21,18,9,30,0],"gold":263,"neow_bonus":"UPGRADE_CARD","is_prod":false,"is_daily":false,"chose_seed":false,"campfire_upgraded":2,"win_rate":0,"timestamp":1540657713,"path_taken":["M","M","$","?","M","R","E","R","T","M","M","M","M","?","R","BOSS"],"build_version":"2018-10-25v2","purchased_purges":1,"victory":false,"max_hp_per_floor":[70,70,70,70,70,70,70,70,70,70,70,70,70,70,70,70],"card_choices":[{"not_picked":["Reflex","Cloak And Dagger"],"picked":"Eviscerate","floor":1},{"not_picked":["Bane","Slice"],"picked":"Leg Sweep","floor":2},{"not_picked":["Choke","Accuracy"],"picked":"Dagger Spray","floor":5},{"not_picked":["Predator","Slice"],"picked":"All Out Attack","floor":7},{"not_picked":["Expertise","Bouncing Flask"],"picked":"Footwork","floor":10},{"not_picked":["Backflip","Predator"],"picked":"Dagger Throw","floor":11},{"not_picked":["Predator","Distraction","Outmaneuver"],"picked":"SKIP","floor":12},{"not_picked":["Endless Agony","Choke"],"picked":"Quick Slash","floor":13},{"not_picked":["Footwork","Caltrops"],"picked":"Reflex","floor":14}],"player_experience":559158,"relics_obtained":[{"floor":7,"key":"Ancient Tea Set"},{"floor":9,"key":"Bottled Lightning"},{"floor":14,"key":"Odd Mushroom"}],"event_choices":[{"damage_healed":0,"gold_gain":75,"player_choice":"Gather Gold","damage_taken":11,"max_hp_gain":0,"max_hp_loss":0,"event_name":"World of Goop","floor":4,"gold_loss":0},{"damage_healed":0,"gold_gain":0,"player_choice":"Fought Mushrooms","damage_taken":0,"max_hp_gain":0,"max_hp_loss":0,"event_name":"Mushrooms","floor":14,"gold_loss":0}],"is_beta":false,"boss_relics":[],"items_purged_floors":[3],"is_endless":false,"potions_floor_spawned":[1,5,11,12,14],"killed_by":"The Guardian","ascension_level":9}