{"gold_per_floor":[116,130,1,13,29,29,55,55,55,55,85,102,252,270,270,347,347,363,382,16,106,126,126,156,171,194,194,76,76,105,105,105,105],"floor_reached":33,"playtime":2299,"items_purged":["Strike_B","Doubt"],"score":590,"play_id":"6c1a89f8-6ef6-4c5e-a214-d406844f748f","local_time":"20190904173747","is_ascension_mode":true,"campfire_choices":[{"data":"Ball Lightning","floor":6,"key":"SMITH"},{"data":"Self Repair","floor":10,"key":"SMITH"},{"data":"Darkness","floor":15,"key":"SMITH"},{"data":"Doom and Gloom","floor":23,"key":"SMITH"},{"data":"Seek","floor":27,"key":"SMITH"},{"floor":32,"key":"REST"}],"neow_cost":"NONE","seed_source_timestamp":0,"circlet_count":0,"master_deck":["AscendersBane","Strike_B","Strike_B","Strike_B","Defend_B","Defend_B","Defend_B","Defend_B","Zap","Dualcast","Ball Lightning+1","Conserve Battery","Self Repair+1","Glacier","Cold Snap","Darkness+1","Echo Form","BootSequence","Seek+1","Doom and Gloom+1","Forethought","Undo","Multi-Cast","Compile Driver","Chill","Steam Power","Lockon"],"special_seed":0,"relics":["Cracked Core","Juzu Bracelet","Lantern","Calipers","Darkstone Periapt","Nuclear Battery","ClockworkSouvenir","Incense Burner","Ice Cream"],"potions_floor_usage":[5,7,11,14,16,22,25,30,30],"damage_taken":[{"damage":0,"enemies":"Cultist","floor":1,"turns":4},{"damage":1,"enemies":"Small Slimes","floor":2,"turns":3},{"damage":0,"enemies":"2 Louse","floor":4,"turns":3},{"damage":12,"enemies":"Exordium Thugs","floor":5,"turns":4},{"damage":6,"enemies":"3 Sentries","floor":7,"turns":6},{"damage":32,"enemies":"Gremlin Nob","floor":11,"turns":5},{"damage":7,"enemies":"Blue Slaver","floor":12,"turns":3},{"damage":5,"enemies":"3 Louse","floor":14,"turns":2},{"damage":8,"enemies":"Hexaghost","floor":16,"turns":11},{"damage":10,"enemies":"Spheric Guardian","floor":18,"turns":6},{"damage":0,"enemies":"3 Byrds","floor":19,"turns":4},{"damage":32,"enemies":"Centurion and Healer","floor":22,"turns":8},{"damage":14,"enemies":"Gremlin Leader","floor":24,"turns":7},{"damage":14,"enemies":"Shelled Parasite and Fungi","floor":25,"turns":6},{"damage":9,"enemies":"Slavers","floor":30,"turns":3},{"damage":70,"enemies":"Collector","floor":33,"turns":12}],"seed_played":"-7792714245292413503","potions_obtained":[{"floor":4,"key":"AttackPotion"},{"floor":7,"key":"SteroidPotion"},{"floor":11,"key":"Dexterity Potion"},{"floor":12,"key":"Strength Potion"},{"floor":14,"key":"SkillPotion"},{"floor":24,"key":"Explosive Potion"},{"floor":25,"key":"Block Potion"},{"floor":30,"key":"Strength Potion"}],"is_trial":false,"path_per_floor":["M","M","$","M","M","R","E","T","T","R","E","M","?","M","R","B",null,"M","M","$","?","M","R","E","M","T","R","$","?","E","?","R","B"],"character_chosen":"DEFECT","items_purchased":["Fire Potion","ClockworkSouvenir","PowerPotion","Chill","Steam Power"],"campfire_rested":1,"item_purchase_floors":[3,20,20,28,28],"current_hp_per_floor":[71,70,70,70,65,65,66,66,66,66,44,47,53,58,58,70,81,84,84,84,60,48,48,54,50,50,50,50,26,37,37,63,0],"gold":105,"neow_bonus":"TEN_PERCENT_HP_BONUS","is_prod":false,"is_daily":false,"chose_seed":false,"campfire_upgraded":5,"win_rate":0,"timestamp":1567633067,"path_taken":["M","M","$","M","M","R","E","?","T","R","E","M","?","M","R","BOSS","M","M","$","?","M","R","E","M","T","R","?","?","E","?","R","BOSS"],"build_version":"2019-07-17","purchased_purges":2,"victory":false,"max_hp_per_floor":[78,78,78,78,78,78,78,78,78,78,78,78,84,84,84,84,84,84,84,84,84,84,84,84,84,84,84,84,89,89,89,89,89],"card_choices":[{"not_picked":["Hologram","Turbo"],"picked":"Ball Lightning","floor":1},{"not_picked":["Go for the Eyes","Leap"],"picked":"Conserve Battery","floor":2},{"not_picked":["Thunder Strike","Rip and Tear"],"picked":"Self Repair","floor":4},{"not_picked":["Redo","Sweeping Beam"],"picked":"Glacier","floor":5},{"not_picked":["Lockon","White Noise"],"picked":"Cold Snap","floor":7},{"not_picked":["Redo","Stack"],"picked":"Darkness","floor":11},{"not_picked":["Beam Cell","Turbo"],"picked":"Echo Form","floor":12},{"not_picked":["Coolheaded","Beam Cell"],"picked":"BootSequence","floor":14},{"not_picked":["All For One","Reboot"],"picked":"Seek","floor":16},{"not_picked":["Steam","Streamline"],"picked":"Doom and Gloom","floor":18},{"not_picked":["Sweeping Beam","Beam Cell","Hologram"],"picked":"SKIP","floor":19},{"not_picked":["Reinforced Body","Sweeping Beam"],"picked":"Undo","floor":22},{"not_picked":["Tempest","Go for the Eyes"],"picked":"Multi-Cast","floor":24},{"not_picked":["Sweeping Beam","Fusion"],"picked":"Compile Driver","floor":25},{"not_picked":["Gash","Static Discharge"],"picked":"Lockon","floor":30}],"player_experience":1940210,"relics_obtained":[{"floor":7,"key":"Juzu Bracelet"},{"floor":8,"key":"Lantern"},{"floor":9,"key":"Calipers"},{"floor":11,"key":"Darkstone Periapt"},{"floor":24,"key":"Incense Burner"},{"floor":30,"key":"Ice Cream"}],"event_choices":[{"damage_healed":0,"gold_gain":150,"player_choice":"AGREE","damage_taken":0,"max_hp_gain":0,"max_hp_loss":0,"event_name":"Liars Game","floor":13,"gold_loss":0,"cards_obtained":["Doubt"]},{"damage_healed":0,"gold_gain":90,"player_choice":"CARD GOLD ","damage_taken":24,"max_hp_gain":0,"max_hp_loss":0,"event_name":"Knowing Skull","floor":21,"potions_obtained":[],"gold_loss":0,"cards_obtained":["Forethought"]},{"damage_healed":0,"gold_gain":0,"player_choice":"Shed Blood","damage_taken":29,"max_hp_gain":5,"max_hp_loss":0,"event_name":"Forgotten Altar","floor":29,"gold_loss":0},{"damage_healed":0,"gold_gain":0,"player_choice":"Ignored","damage_taken":0,"max_hp_gain":0,"max_hp_loss":0,"event_name":"Vampires","floor":31,"gold_loss":0}],"is_beta":false,"boss_relics":[{"not_picked":["Ectoplasm","Tiny House"],"picked":"Nuclear Battery"}],"items_purged_floors":[3,20],"is_endless":false,"potions_floor_spawned":[4,7,11,12,14,24,25,30],"killed_by":"Collector","ascension_level":20}