{"gold_per_floor":[112,112,124,137,147,177,197,217,217,233,245,276,276,276,276,378,378,397,322,338,253,253],"floor_reached":22,"playtime":1320,"items_purged":[],"score":338,"play_id":"ba3be48a-c609-48ba-88be-c953d32a9bca","local_time":"20181109004501","is_ascension_mode":true,"campfire_choices":[{"data":"Buffer","floor":13,"key":"SMITH"},{"floor":15,"key":"REST"}],"neow_cost":"NONE","seed_source_timestamp":40381500889249,"circlet_count":0,"master_deck":["AscendersBane","Strike_B","Strike_B","Strike_B","Defend_B","Defend_B","Defend_B","Defend_B","Zap","Dualcast","Doom and Gloom","Conserve Battery+1","Rainbow","Coolheaded","Stack","Redo","BootSequence","Static Discharge","Heatsinks+1","Buffer+1","Force Field","Redo","Steam","Loop","Amplify","Storm","Go for the Eyes+1"],"relics":["Orrery","Potion Belt","Emotion Chip","Molten Egg 2","Inserter","Torii"],"potions_floor_usage":[6,12,12,12,16,20,22],"damage_taken":[{"damage":0,"enemies":"Jaw Worm","floor":1,"turns":4},{"damage":0,"enemies":"Cultist","floor":3,"turns":4},{"damage":0,"enemies":"2 Louse","floor":4,"turns":3},{"damage":1,"enemies":"2 Fungi Beasts","floor":5,"turns":2},{"damage":16,"enemies":"3 Sentries","floor":6,"turns":6},{"damage":0,"enemies":"Looter","floor":7,"turns":4},{"damage":0,"enemies":"Red Slaver","floor":8,"turns":4},{"damage":33,"enemies":"Gremlin Gang","floor":10,"turns":6},{"damage":0,"enemies":"Looter","floor":11,"turns":4},{"damage":0,"enemies":"Lagavulin","floor":12,"turns":8},{"damage":8,"enemies":"Hexaghost","floor":16,"turns":6},{"damage":15,"enemies":"Shell Parasite","floor":18,"turns":10},{"damage":28,"enemies":"2 Thieves","floor":19,"turns":5},{"damage":13,"enemies":"Sentry and Sphere","floor":20,"turns":6},{"damage":10,"enemies":"Centurion and Healer","floor":22,"turns":1}],"seed_played":"1601037364599140448","potions_obtained":[{"floor":3,"key":"Weak Potion"},{"floor":5,"key":"Explosive Potion"},{"floor":6,"key":"Poison Potion"},{"floor":8,"key":"FocusPotion"},{"floor":10,"key":"Swift Potion"},{"floor":12,"key":"Block Potion"},{"floor":18,"key":"FocusPotion"}],"is_trial":false,"path_per_floor":["M","?","M","M","M","E","M","M","T","M","M","E","R","?","R","B",null,"M","M","M","?","M"],"character_chosen":"DEFECT","items_purchased":[],"campfire_rested":1,"item_purchase_floors":[],"current_hp_per_floor":[68,68,68,68,67,51,51,51,51,18,18,18,18,3,25,17,61,46,18,5,5,0],"gold":253,"neow_bonus":"BOSS_RELIC","is_prod":false,"is_daily":false,"chose_seed":false,"campfire_upgraded":1,"win_rate":0,"timestamp":1541742301,"path_taken":["M","?","M","M","M","E","M","?","T","M","?","E","R","?","R","BOSS","M","M","M","?","M"],"build_version":"2018-11-08","purchased_purges":0,"victory":false,"max_hp_per_floor":[75,75,75,75,75,75,75,75,75,75,75,75,75,75,75,75,75,75,75,75,75,75],"card_choices":[{"not_picked":["Compile Driver","Consume"],"picked":"Doom and Gloom","floor":0},{"not_picked":["Doom and Gloom","Barrage"],"picked":"Conserve Battery","floor":0},{"not_picked":["Scrape","Turbo"],"picked":"Rainbow","floor":0},{"not_picked":["Redo","Beam Cell"],"picked":"Coolheaded","floor":0},{"not_picked":["Leap","Go for the Eyes"],"picked":"Stack","floor":0},{"not_picked":["Go for the Eyes","Conserve Battery"],"picked":"Redo","floor":1},{"not_picked":["Skim","Redo"],"picked":"BootSequence","floor":3},{"not_picked":["Scrape","Hologram"],"picked":"Static Discharge","floor":4},{"not_picked":["Reinforced Body","Chill"],"picked":"Heatsinks","floor":5},{"not_picked":["Biased Cognition","Ball Lightning"],"picked":"Buffer","floor":6},{"not_picked":["Redo","Stack"],"picked":"Force Field","floor":7},{"not_picked":["Stack","Conserve Battery"],"picked":"Redo","floor":8},{"not_picked":["Blizzard","Coolheaded","Beam Cell"],"picked":"SKIP","floor":10},{"not_picked":["Cold Snap","Redo"],"picked":"Steam","floor":11},{"not_picked":["Leap","Chaos"],"picked":"Loop","floor":12},{"not_picked":["Reboot","Machine Learning"],"picked":"Amplify","floor":16},{"not_picked":["Stack","BootSequence"],"picked":"Storm","floor":18},{"not_picked":["Rebound+1","Ball Lightning+1","Steam"],"picked":"SKIP","floor":19},{"not_picked":["Heatsinks","Cold Snap+1"],"picked":"Go for the Eyes+1","floor":20}],"player_experience":643190,"relics_obtained":[{"floor":6,"key":"Potion Belt"},{"floor":9,"key":"Emotion Chip"},{"floor":12,"key":"Molten Egg 2"}],"event_choices":[{"cards_removed":["Strike_B"],"damage_healed":0,"gold_gain":0,"player_choice":"Purged","damage_taken":0,"max_hp_gain":0,"max_hp_loss":0,"event_name":"Purifier","floor":2,"gold_loss":0},{"damage_healed":0,"gold_gain":0,"player_choice":"Entered Light","damage_taken":15,"max_hp_gain":0,"max_hp_loss":0,"event_name":"Shining Light","floor":14,"gold_loss":0,"cards_upgraded":["Heatsinks","Conserve Battery"]},{"damage_healed":0,"gold_gain":0,"player_choice":"Obtained Relic","damage_taken":0,"relics_obtained":["Torii"],"max_hp_gain":0,"max_hp_loss":0,"event_name":"Addict","floor":21,"gold_loss":85}],"is_beta":false,"boss_relics":[{"not_picked":["Pandora\u0027s Box","Astrolabe"],"picked":"Inserter"}],"items_purged_floors":[],"is_endless":false,"potions_floor_spawned":[3,5,6,8,10,12,18],"killed_by":"Centurion and Healer","ascension_level":10}