{"gold_per_floor":[113,113,87,103,119,150,150,176,176,176,176,202,219,236,236,236],"floor_reached":16,"playtime":951,"items_purged":[],"score":162,"play_id":"90dc827e-ea41-47d8-9b2e-00d344895d74","local_time":"20190912232002","is_ascension_mode":true,"campfire_choices":[{"floor":7,"key":"REST"},{"floor":11,"key":"REST"},{"floor":15,"key":"REST"}],"neow_cost":"NONE","seed_source_timestamp":98555193141000,"circlet_count":0,"master_deck":["Strike_G","Strike_G","Strike_G","Strike_G","Strike_G","Defend_G","Defend_G","Defend_G","Defend_G","Defend_G","Survivor","Neutralize","All Out Attack","Underhanded Strike","All Out Attack","Backstab","PiercingWail","Acrobatics","Dash"],"relics":["Ring of the Snake","Oddly Smooth Stone","Bottled Flame","Dodecahedron","Bronze Scales","Art of War"],"potions_floor_usage":[8,16],"damage_taken":[{"damage":0,"enemies":"2 Louse","floor":1,"turns":4},{"damage":0,"enemies":"Small Slimes","floor":4,"turns":3},{"damage":4,"enemies":"Jaw Worm","floor":5,"turns":2},{"damage":41,"enemies":"Lagavulin","floor":6,"turns":7},{"damage":37,"enemies":"Gremlin Nob","floor":8,"turns":6},{"damage":12,"enemies":"3 Sentries","floor":12,"turns":4},{"damage":8,"enemies":"Exordium Thugs","floor":13,"turns":3},{"damage":0,"enemies":"Large Slime","floor":14,"turns":5},{"damage":35,"enemies":"Slime Boss","floor":16,"turns":8}],"seed_played":"3476108146370082034","potions_obtained":[{"floor":1,"key":"EssenceOfSteel"},{"floor":5,"key":"Energy Potion"},{"floor":8,"key":"Ancient Potion"}],"is_trial":false,"path_per_floor":["M","?","$","M","M","E","R","E","T","?","R","E","M","M","R","B"],"character_chosen":"THE_SILENT","items_purchased":["Underhanded Strike"],"campfire_rested":3,"item_purchase_floors":[3],"current_hp_per_floor":[70,70,70,70,66,25,48,11,11,4,27,15,7,7,30,0],"gold":236,"neow_bonus":"TEN_PERCENT_HP_BONUS","is_prod":false,"is_daily":false,"chose_seed":false,"campfire_upgraded":0,"win_rate":0,"timestamp":1568319602,"path_taken":["M","?","$","M","M","E","R","E","T","?","R","E","M","M","R","BOSS"],"build_version":"2019-07-17","purchased_purges":0,"victory":false,"max_hp_per_floor":[77,77,77,77,77,77,77,77,77,77,77,77,77,77,77,77],"card_choices":[{"not_picked":["Caltrops","Heel Hook"],"picked":"All Out Attack","floor":1},{"not_picked":["Bane","Quick Slash"],"picked":"All Out Attack","floor":4},{"not_picked":["Finisher","Terror"],"picked":"Backstab","floor":5},{"not_picked":["Blade Dance","Bouncing Flask","Caltrops"],"picked":"SKIP","floor":6},{"not_picked":["Deflect","Bouncing Flask"],"picked":"PiercingWail","floor":8},{"not_picked":["Dagger Throw","Bane"],"picked":"Acrobatics","floor":12},{"not_picked":["Quick Slash","Heel Hook"],"picked":"Dash","floor":13},{"not_picked":["Endless Agony","All Out Attack","Bouncing Flask"],"picked":"SKIP","floor":14}],"player_experience":253992,"relics_obtained":[{"floor":6,"key":"Oddly Smooth Stone"},{"floor":8,"key":"Bottled Flame"},{"floor":9,"key":"Dodecahedron"},{"floor":12,"key":"Art of War"}],"event_choices":[{"damage_healed":0,"gold_gain":0,"player_choice":"Leave","damage_taken":0,"max_hp_gain":0,"max_hp_loss":0,"event_name":"The Cleric","floor":2,"gold_loss":0},{"damage_healed":0,"gold_gain":0,"player_choice":"Success","damage_taken":7,"relics_obtained":["Bronze Scales"],"max_hp_gain":0,"max_hp_loss":0,"event_name":"Scrap Ooze","floor":10,"gold_loss":0}],"is_beta":false,"boss_relics":[],"items_purged_floors":[],"is_endless":false,"potions_floor_spawned":[1,5,8],"killed_by":"Slime Boss","ascension_level":7}