{"gold_per_floor":[111,127,37,48,19,19,50,50,73,85,102,102,252,280,280,351,351,364,382,395,395,405,405,405],"floor_reached":24,"playtime":827,"items_purged":[],"score":373,"play_id":"5fd3d827-9172-4c9d-bc8e-58e038099756","local_time":"20190808005148","is_ascension_mode":true,"campfire_choices":[{"data":"Hologram","floor":6,"key":"SMITH"},{"data":"Seek","floor":8,"key":"SMITH"},{"data":"Zap","floor":12,"key":"SMITH"},{"floor":15,"key":"REST"},{"floor":23,"key":"REST"}],"neow_cost":"NONE","seed_source_timestamp":73045752456293,"circlet_count":0,"master_deck":["AscendersBane","Strike_B+1","Strike_B","Strike_B","Strike_B","Defend_B","Defend_B","Defend_B","Defend_B","Zap+1","Dualcast","Auto Shields","Hologram+1","Seek+1","Cold Snap","Go for the Eyes+1","Machine Learning","Sweeping Beam","Doom and Gloom","Consume","All For One","Steam+1","Beam Cell","Ball Lightning","Undo"],"relics":["Cracked Core","Lantern","Whetstone","Vajra","Philosopher\u0027s Stone","Spirit Poop"],"potions_floor_usage":[7,10,14,16,24,24],"damage_taken":[{"damage":1,"enemies":"Cultist","floor":1,"turns":3},{"damage":0,"enemies":"2 Louse","floor":2,"turns":3},{"damage":0,"enemies":"Small Slimes","floor":4,"turns":3},{"damage":1,"enemies":"Lagavulin","floor":7,"turns":7},{"damage":10,"enemies":"Gremlin Gang","floor":10,"turns":4},{"damage":0,"enemies":"Looter","floor":11,"turns":3},{"damage":23,"enemies":"Gremlin Nob","floor":14,"turns":4},{"damage":24,"enemies":"Slime Boss","floor":16,"turns":9},{"damage":2,"enemies":"Spheric Guardian","floor":18,"turns":3},{"damage":15,"enemies":"Shell Parasite","floor":19,"turns":4},{"damage":9,"enemies":"Chosen and Byrds","floor":20,"turns":6},{"damage":35,"enemies":"Shelled Parasite and Fungi","floor":22,"turns":5},{"damage":31,"enemies":"Book of Stabbing","floor":24,"turns":5}],"seed_played":"-2235290218703358948","potions_obtained":[{"floor":2,"key":"Dexterity Potion"},{"floor":7,"key":"Poison Potion"},{"floor":10,"key":"SteroidPotion"},{"floor":11,"key":"FocusPotion"},{"floor":18,"key":"Weak Potion"},{"floor":22,"key":"Strength Potion"}],"is_trial":false,"path_per_floor":["M","M","$","M","$","R","E","R","T","M","M","R","?","E","R","B",null,"M","M","M","?","M","R","E"],"character_chosen":"DEFECT","items_purchased":["Seek","Go for the Eyes"],"campfire_rested":2,"item_purchase_floors":[3,5],"current_hp_per_floor":[70,70,70,70,70,70,69,69,69,59,59,59,59,36,59,35,67,65,50,41,41,6,29,0],"gold":405,"neow_bonus":"TEN_PERCENT_HP_BONUS","is_prod":false,"is_daily":false,"chose_seed":false,"campfire_upgraded":3,"win_rate":0,"timestamp":1565189508,"path_taken":["M","?","$","M","$","R","E","R","T","M","M","R","?","E","R","BOSS","M","M","M","?","M","R","E"],"build_version":"2019-07-17","purchased_purges":0,"victory":false,"max_hp_per_floor":[78,78,78,78,78,78,78,78,78,78,78,78,78,78,78,78,78,78,78,78,78,78,78,78],"card_choices":[{"not_picked":["Compile Driver","Beam Cell"],"picked":"Auto Shields","floor":1},{"not_picked":["Beam Cell","Stack"],"picked":"Hologram","floor":2},{"not_picked":["Gash","Stack"],"picked":"Cold Snap","floor":4},{"not_picked":["Double Energy","Conserve Battery"],"picked":"Machine Learning","floor":7},{"not_picked":["Barrage","Beam Cell"],"picked":"Sweeping Beam","floor":10},{"not_picked":["Turbo","Leap"],"picked":"Doom and Gloom","floor":11},{"not_picked":["Sweeping Beam","Leap"],"picked":"Consume","floor":14},{"not_picked":["Hyperbeam","Machine Learning"],"picked":"All For One","floor":16},{"not_picked":["Chaos","Go for the Eyes"],"picked":"Steam+1","floor":18},{"not_picked":["Streamline+1","Leap"],"picked":"Beam Cell","floor":19},{"not_picked":["Gash","Cold Snap"],"picked":"Ball Lightning","floor":20},{"not_picked":["Self Repair","Streamline+1"],"picked":"Undo","floor":22}],"player_experience":1161635,"relics_obtained":[{"floor":7,"key":"Lantern"},{"floor":9,"key":"Whetstone"},{"floor":14,"key":"Vajra"}],"event_choices":[{"damage_healed":0,"gold_gain":150,"player_choice":"AGREE","damage_taken":0,"max_hp_gain":0,"max_hp_loss":0,"event_name":"Liars Game","floor":13,"gold_loss":0,"cards_obtained":["Doubt"]},{"cards_removed":["Doubt"],"damage_healed":0,"gold_gain":0,"player_choice":"Offered Curse","damage_taken":0,"relics_obtained":["Spirit Poop"],"max_hp_gain":0,"max_hp_loss":0,"event_name":"Bonfire Elementals","floor":21,"gold_loss":0}],"is_beta":false,"boss_relics":[{"not_picked":["White Beast Statue","Black Star"],"picked":"Philosopher\u0027s Stone"}],"items_purged_floors":[],"is_endless":false,"potions_floor_spawned":[2,7,10,11,18,22],"killed_by":"Book of Stabbing","ascension_level":16}