{"gold_per_floor":[109,109,69,89,106,106,106,133,160,172,183,196,121,141,141,217,217,234,234,159,176,176,176,244,276,328,342,360,375,391,408,408,483,483,497,509,131,131,144,144,159,159],"floor_reached":42,"playtime":3149,"items_purged":["Pain","Strike_G"],"score":999,"play_id":"ce99e5a1-8636-4ee2-a6cf-c0614640bf15","local_time":"20181228201907","is_ascension_mode":true,"campfire_choices":[{"data":"Neutralize","floor":6,"key":"SMITH"},{"floor":15,"key":"REST"},{"data":"Footwork","floor":23,"key":"SMITH"},{"floor":32,"key":"REST"},{"data":"Footwork","floor":40,"key":"SMITH"}],"neow_cost":"TEN_PERCENT_HP_LOSS","seed_source_timestamp":670702601002827,"circlet_count":0,"master_deck":["AscendersBane","Defend_G","Defend_G","Defend_G","Defend_G","Strike_G","Survivor","Neutralize+1","Dagger Throw","PiercingWail","Footwork+1","Cloak And Dagger","Bouncing Flask","Footwork+1","Bane","Dodge and Roll","Escape Plan","Adrenaline","Well Laid Plans+1","Backflip","Backflip","Backstab","Poisoned Stab","Tactician+1","Dodge and Roll","Bouncing Flask","Blur","Bullet Time","Crippling Poison","Acrobatics"],"relics":["Ring of the Snake","Gambling Chip","WarpedTongs","Bronze Scales","Potion Belt","Sozu","Matryoshka","Snake Skull","Boot","Strawberry","Black Star","Meat on the Bone"],"potions_floor_usage":[8,11,14,16],"damage_taken":[{"damage":0,"enemies":"2 Louse","floor":1,"turns":5},{"damage":1,"enemies":"Cultist","floor":4,"turns":4},{"damage":0,"enemies":"Jaw Worm","floor":5,"turns":4},{"damage":36,"enemies":"3 Sentries","floor":8,"turns":14},{"damage":7,"enemies":"Gremlin Gang","floor":10,"turns":6},{"damage":6,"enemies":"Exordium Wildlife","floor":11,"turns":6},{"damage":2,"enemies":"3 Louse","floor":12,"turns":4},{"damage":0,"enemies":"2 Fungi Beasts","floor":14,"turns":3},{"damage":0,"enemies":"Hexaghost","floor":16,"turns":9},{"damage":0,"enemies":"Shell Parasite","floor":18,"turns":6},{"damage":0,"enemies":"Chosen","floor":21,"turns":5},{"damage":28,"enemies":"Slavers","floor":25,"turns":7},{"damage":8,"enemies":"Shelled Parasite and Fungi","floor":27,"turns":6},{"damage":0,"enemies":"Centurion and Healer","floor":28,"turns":6},{"damage":0,"enemies":"Chosen and Byrds","floor":29,"turns":5},{"damage":0,"enemies":"3 Cultists","floor":30,"turns":5},{"damage":11,"enemies":"Centurion and Healer","floor":31,"turns":6},{"damage":0,"enemies":"Automaton","floor":33,"turns":12},{"damage":1,"enemies":"Orb Walker","floor":35,"turns":4},{"damage":1,"enemies":"3 Shapes","floor":36,"turns":6},{"damage":12,"enemies":"Jaw Worm Horde","floor":39,"turns":5},{"damage":13,"enemies":"Writhing Mass","floor":41,"turns":5},{"damage":47,"enemies":"Reptomancer","floor":42,"turns":3}],"seed_played":"-1939800282697301401","potions_obtained":[{"floor":4,"key":"Dexterity Potion"},{"floor":8,"key":"EssenceOfSteel"},{"floor":12,"key":"GhostInAJar"},{"floor":14,"key":"Energy Potion"}],"is_trial":false,"path_per_floor":["M","?","$","M","M","R","?","E","T","M","M","M","$","M","R","B",null,"M","?","?","M","?","R","T","E","T","M","M","M","M","M","R","B",null,"M","M","$","?","M","R","M","E"],"character_chosen":"THE_SILENT","items_purchased":["Footwork","Meat on the Bone"],"campfire_rested":2,"item_purchase_floors":[3,37],"current_hp_per_floor":[59,59,59,58,58,58,58,22,22,15,9,7,7,7,25,25,51,51,51,51,51,51,51,51,23,30,22,22,22,22,11,31,31,58,57,56,56,56,44,44,43,0],"gold":159,"neow_bonus":"ONE_RARE_RELIC","is_prod":false,"is_daily":false,"chose_seed":false,"campfire_upgraded":3,"win_rate":0,"timestamp":1546046347,"path_taken":["M","?","?","M","M","R","?","E","T","M","M","?","$","M","R","BOSS","M","?","?","M","?","R","?","E","T","M","M","M","M","M","R","BOSS","M","M","?","?","?","R","M","E"],"build_version":"2018-12-20","purchased_purges":2,"victory":false,"max_hp_per_floor":[60,60,60,60,60,60,60,60,60,60,60,60,60,60,60,60,60,60,60,60,60,60,60,60,60,67,67,67,67,67,67,67,67,67,67,67,67,67,67,67,67,67],"card_choices":[{"not_picked":["Slice","Blur"],"picked":"Dagger Throw","floor":1},{"not_picked":["Deflect","Blade Dance"],"picked":"Cloak And Dagger","floor":4},{"not_picked":["Tactician","Dagger Throw","Bouncing Flask"],"picked":"SKIP","floor":5},{"not_picked":["Expertise","PiercingWail"],"picked":"Bouncing Flask","floor":8},{"not_picked":["Quick Slash","Poisoned Stab"],"picked":"Footwork","floor":10},{"not_picked":["PiercingWail","Distraction"],"picked":"Bane","floor":11},{"not_picked":["Underhanded Strike","PiercingWail"],"picked":"Dodge and Roll","floor":12},{"not_picked":["Dagger Throw","Infinite Blades"],"picked":"Escape Plan","floor":14},{"not_picked":["Unload","Wraith Form v2"],"picked":"Adrenaline","floor":16},{"not_picked":["Deflect","Leg Sweep"],"picked":"Well Laid Plans+1","floor":18},{"not_picked":["Deadly Poison","Backflip"],"picked":"Backstab","floor":21},{"not_picked":["Outmaneuver","Acrobatics+1"],"picked":"Poisoned Stab","floor":25},{"not_picked":["Underhanded Strike","Sucker Punch"],"picked":"Tactician+1","floor":27},{"not_picked":["Well Laid Plans","Poisoned Stab"],"picked":"Dodge and Roll","floor":28},{"not_picked":["Deadly Poison","Well Laid Plans"],"picked":"Bouncing Flask","floor":29},{"not_picked":["Backflip","Slice","Flying Knee"],"picked":"SKIP","floor":30},{"not_picked":["Prepared","Backflip"],"picked":"Blur","floor":31},{"not_picked":["Grand Finale","Glass Knife"],"picked":"Bullet Time","floor":33},{"not_picked":["Poisoned Stab","Terror","Cloak And Dagger"],"picked":"SKIP","floor":35},{"not_picked":["Deadly Poison","Deflect"],"picked":"Crippling Poison","floor":36},{"not_picked":["Caltrops","Deflect+1"],"picked":"Acrobatics","floor":39},{"not_picked":["Heel Hook","Sucker Punch","Footwork"],"picked":"SKIP","floor":41}],"player_experience":1068992,"relics_obtained":[{"floor":8,"key":"Bronze Scales"},{"floor":9,"key":"Potion Belt"},{"floor":24,"key":"Matryoshka"},{"floor":25,"key":"Snake Skull"},{"floor":26,"key":"Boot"},{"floor":26,"key":"Strawberry"}],"event_choices":[{"damage_healed":0,"gold_gain":0,"player_choice":"1 cards matched","damage_taken":0,"max_hp_gain":0,"max_hp_loss":0,"event_name":"Match and Keep!","floor":2,"gold_loss":0,"cards_obtained":["PiercingWail"]},{"damage_healed":0,"gold_gain":0,"player_choice":"Rummage","damage_taken":0,"relics_obtained":["WarpedTongs"],"max_hp_gain":0,"max_hp_loss":0,"event_name":"Accursed Blacksmith","floor":7,"gold_loss":0,"cards_obtained":["Pain"]},{"damage_healed":0,"gold_gain":0,"cards_transformed":["Strike_G","Strike_G"],"player_choice":"Became Test Subject","damage_taken":0,"max_hp_gain":0,"max_hp_loss":0,"event_name":"Drug Dealer","floor":19,"gold_loss":0,"cards_obtained":["Backflip","Backflip"]},{"cards_removed":["Strike_G"],"damage_healed":0,"gold_gain":0,"player_choice":"Gave Gold","damage_taken":0,"max_hp_gain":0,"max_hp_loss":0,"event_name":"Beggar","floor":20,"gold_loss":75},{"cards_removed":["Defend_G"],"damage_healed":0,"gold_gain":0,"player_choice":"Elegance","damage_taken":0,"max_hp_gain":0,"max_hp_loss":0,"event_name":"Back to Basics","floor":22,"gold_loss":0},{"damage_healed":0,"gold_gain":0,"player_choice":"Leave","damage_taken":0,"max_hp_gain":0,"max_hp_loss":0,"event_name":"FaceTrader","floor":38,"gold_loss":0}],"is_beta":false,"boss_relics":[{"not_picked":["Philosopher\u0027s Stone","Lizard Tail"],"picked":"Sozu"},{"not_picked":["Busted Crown","White Beast Statue"],"picked":"Black Star"}],"items_purged_floors":[13,37],"is_endless":false,"potions_floor_spawned":[4,8,12,14,25,29,30,31,41],"killed_by":"Reptomancer","ascension_level":18}