{"gold_per_floor":[116,81,101,101,119,152,152,183,183,183,208,208,49,67,67,67],"floor_reached":16,"playtime":1104,"items_purged":[],"score":224,"play_id":"6865da0b-7fa9-4778-98f0-9481f18a1e40","local_time":"20190824065843","is_ascension_mode":true,"campfire_choices":[{"data":"Shockwave","floor":7,"key":"SMITH"},{"floor":10,"key":"REST"},{"data":"Limit Break","floor":12,"key":"SMITH"},{"data":"Evolve","floor":15,"key":"SMITH"}],"neow_cost":"NONE","seed_source_timestamp":8376501587824,"circlet_count":0,"master_deck":["AscendersBane","Strike_R","Strike_R","Strike_R","Strike_R","Defend_R","Defend_R","Defend_R","Defend_R","Bash","Feel No Pain","Anger","Shockwave+1","Evolve+1","Limit Break+1","Headbutt","Corruption","Armaments","Pommel Strike","Cleave"],"relics":["Burning Blood","Smiling Mask","Orichalcum","Darkstone Periapt","Letter Opener","Boot"],"potions_floor_usage":[6,11,16],"damage_taken":[{"damage":14,"enemies":"Jaw Worm","floor":1,"turns":3},{"damage":9,"enemies":"Cultist","floor":3,"turns":4},{"damage":19,"enemies":"Small Slimes","floor":5,"turns":3},{"damage":20,"enemies":"Lagavulin","floor":6,"turns":7},{"damage":20,"enemies":"3 Sentries","floor":8,"turns":9},{"damage":12,"enemies":"Lagavulin","floor":11,"turns":5},{"damage":6,"enemies":"2 Fungi Beasts","floor":14,"turns":3},{"damage":49,"enemies":"The Guardian","floor":16,"turns":12}],"seed_played":"1089689090590018100","potions_obtained":[{"floor":1,"key":"SteroidPotion"},{"floor":5,"key":"Weak Potion"},{"floor":11,"key":"Fire Potion"},{"floor":14,"key":"BloodPotion"}],"is_trial":false,"path_per_floor":["M","?","M","?","M","E","R","E","T","R","E","R","$","M","R","B"],"character_chosen":"IRONCLAD","items_purchased":["Corruption","Armaments","Pommel Strike"],"campfire_rested":1,"item_purchase_floors":[13,13,13],"current_hp_per_floor":[60,75,72,72,59,45,45,31,31,53,47,47,47,47,47,0],"gold":67,"neow_bonus":"RANDOM_COMMON_RELIC","is_prod":false,"is_daily":false,"chose_seed":false,"campfire_upgraded":3,"win_rate":0,"timestamp":1566593923,"path_taken":["M","?","M","?","M","E","R","E","T","R","E","R","$","M","R","BOSS"],"build_version":"2019-07-17","purchased_purges":0,"victory":false,"max_hp_per_floor":[75,75,75,75,75,75,75,75,75,75,75,75,75,75,75,75],"card_choices":[{"not_picked":["Disarm","Second Wind"],"picked":"Feel No Pain","floor":1},{"not_picked":["Sentinel","Entrench"],"picked":"Anger","floor":3},{"not_picked":["Flex","Rampage"],"picked":"Shockwave","floor":5},{"not_picked":["Blood for Blood","Heavy Blade"],"picked":"Evolve","floor":6},{"not_picked":["Anger","Warcry"],"picked":"Limit Break","floor":8},{"not_picked":["Entrench","Body Slam"],"picked":"Headbutt","floor":11},{"not_picked":["Feel No Pain","Clothesline"],"picked":"Cleave","floor":14}],"player_experience":1207393,"relics_obtained":[{"floor":6,"key":"Orichalcum"},{"floor":8,"key":"Darkstone Periapt"},{"floor":9,"key":"Letter Opener"},{"floor":11,"key":"Boot"}],"event_choices":[{"damage_healed":18,"gold_gain":0,"player_choice":"Healed","damage_taken":0,"max_hp_gain":0,"max_hp_loss":0,"event_name":"The Cleric","floor":2,"gold_loss":35},{"cards_removed":["Strike_R"],"damage_healed":0,"gold_gain":0,"player_choice":"Purged","damage_taken":0,"max_hp_gain":0,"max_hp_loss":0,"event_name":"Purifier","floor":4,"gold_loss":0}],"is_beta":false,"boss_relics":[],"items_purged_floors":[],"is_endless":false,"potions_floor_spawned":[1,5,11,14],"killed_by":"The Guardian","ascension_level":18}