{"gold_per_floor":[111,36,136,154,134,164,164,180,232,251,251,267,17,34,34,132,132,143,143,160,176,91,91,91,111,135,135,160,188,203,47,47,47],"floor_reached":33,"playtime":991,"items_purged":["Defend_R"],"score":452,"play_id":"50c78eb7-4bf9-47d8-ac31-88140d769d25","local_time":"20181202204408","is_ascension_mode":true,"campfire_choices":[{"data":"Bash","floor":7,"key":"SMITH"},{"data":"Shockwave","floor":11,"key":"SMITH"},{"data":"Inflame","floor":15,"key":"SMITH"},{"data":"Flex","floor":23,"key":"SMITH"},{"data":"Immolate","floor":27,"key":"SMITH"},{"data":"Limit Break","floor":32,"key":"SMITH"}],"neow_cost":"NONE","seed_source_timestamp":6081111488989,"circlet_count":0,"master_deck":["AscendersBane","Strike_R","Strike_R","Strike_R","Strike_R","Strike_R","Defend_R","Defend_R","Bash+1","Dropkick","Battle Trance","Immolate+1","Shockwave+1","Inflame+1","Sword Boomerang","Immolate","Flex+1","Ghostly","Ghostly","Ghostly","Ghostly","Ghostly","Limit Break+1"],"relics":["Burning Blood","Bag of Marbles","Lantern","Lee\u0027s Waffle","Runic Dome","Dead Branch","Blood Vial","Red Mask","Meat on the Bone","Bag of Preparation"],"potions_floor_usage":[6,6,10,16,16,29,33,33],"damage_taken":[{"damage":17,"enemies":"Small Slimes","floor":1,"turns":4},{"damage":1,"enemies":"Cultist","floor":4,"turns":3},{"damage":30,"enemies":"Gremlin Nob","floor":6,"turns":4},{"damage":7,"enemies":"Jaw Worm","floor":8,"turns":2},{"damage":6,"enemies":"Gremlin Gang","floor":10,"turns":3},{"damage":0,"enemies":"3 Louse","floor":12,"turns":1},{"damage":8,"enemies":"Blue Slaver","floor":14,"turns":2},{"damage":45,"enemies":"The Guardian","floor":16,"turns":8},{"damage":14,"enemies":"Shell Parasite","floor":18,"turns":3},{"damage":3,"enemies":"Chosen","floor":20,"turns":3},{"damage":0,"enemies":"3 Cultists","floor":21,"turns":2},{"damage":11,"enemies":"Snecko","floor":25,"turns":4},{"damage":2,"enemies":"Masked Bandits","floor":28,"turns":4},{"damage":16,"enemies":"Book of Stabbing","floor":29,"turns":3},{"damage":13,"enemies":"Snake Plant","floor":30,"turns":3},{"damage":62,"enemies":"Champ","floor":33,"turns":6}],"seed_played":"-7355735804545238098","potions_obtained":[{"floor":1,"key":"GamblersBrew"},{"floor":5,"key":"SneckoOil"},{"floor":8,"key":"SkillPotion"},{"floor":14,"key":"Weak Potion"},{"floor":18,"key":"FearPotion"},{"floor":28,"key":"AttackPotion"},{"floor":29,"key":"Regen Potion"},{"floor":30,"key":"Strength Potion"}],"is_trial":false,"path_per_floor":["M","$","?","M","?","E","R","M","T","M","R","M","$","M","R","B",null,"M","?","M","M","?","R","?","M","T","R","?","E","M","$","R","B"],"character_chosen":"IRONCLAD","items_purchased":["Lee\u0027s Waffle","SteroidPotion","Bag of Preparation"],"campfire_rested":0,"item_purchase_floors":[13,13,31],"current_hp_per_floor":[61,61,61,66,66,42,42,41,41,41,41,47,87,85,85,46,77,69,69,72,78,78,78,43,38,38,38,43,33,28,28,28,0],"gold":47,"neow_bonus":"REMOVE_CARD","is_prod":false,"is_daily":false,"chose_seed":false,"campfire_upgraded":6,"win_rate":0,"timestamp":1543801448,"path_taken":["M","$","?","?","?","E","R","M","T","?","R","M","$","M","R","BOSS","M","?","M","M","?","R","?","M","T","R","?","E","?","?","R","BOSS"],"build_version":"2018-11-15","purchased_purges":1,"victory":false,"max_hp_per_floor":[80,80,80,80,80,80,80,80,80,80,80,80,87,87,87,87,87,87,87,87,87,87,87,43,43,43,43,43,43,43,43,43,43],"card_choices":[{"not_picked":["Carnage","Iron Wave"],"picked":"Dropkick","floor":1},{"not_picked":["Anger","Twin Strike","Flame Barrier"],"picked":"SKIP","floor":4},{"not_picked":["Anger","Rage"],"picked":"Battle Trance","floor":6},{"not_picked":["Body Slam","Flex"],"picked":"Immolate","floor":8},{"not_picked":["Carnage","Cleave"],"picked":"Shockwave","floor":10},{"not_picked":["Shockwave","True Grit"],"picked":"Inflame","floor":12},{"not_picked":["Iron Wave","Twin Strike"],"picked":"Sword Boomerang","floor":14},{"not_picked":["Dark Embrace","Brutality"],"picked":"Immolate","floor":16},{"not_picked":["Shrug It Off+1","Thunderclap"],"picked":"Flex","floor":18},{"not_picked":["Uppercut","Reckless Charge","Sever Soul"],"picked":"SKIP","floor":20},{"not_picked":["Disarm","Wild Strike","Intimidate"],"picked":"SKIP","floor":21},{"not_picked":["Armaments","Heavy Blade"],"picked":"Limit Break","floor":25},{"not_picked":["Battle Trance","Evolve+1","Intimidate"],"picked":"SKIP","floor":29},{"not_picked":["Wild Strike","Bloodletting","Shrug It Off+1"],"picked":"SKIP","floor":30}],"player_experience":771225,"relics_obtained":[{"floor":6,"key":"Bag of Marbles"},{"floor":9,"key":"Lantern"},{"floor":26,"key":"Blood Vial"},{"floor":28,"key":"Red Mask"},{"floor":29,"key":"Meat on the Bone"}],"event_choices":[{"damage_healed":0,"gold_gain":100,"player_choice":"Gold","damage_taken":0,"max_hp_gain":0,"max_hp_loss":0,"event_name":"Wheel of Change","floor":3,"gold_loss":0},{"damage_healed":0,"gold_gain":0,"player_choice":"Bought 1 Potion","damage_taken":0,"max_hp_gain":0,"max_hp_loss":0,"event_name":"The Woman in Blue","floor":5,"gold_loss":0},{"damage_healed":0,"gold_gain":0,"player_choice":"Ignored","damage_taken":0,"max_hp_gain":0,"max_hp_loss":0,"event_name":"Vampires","floor":19,"gold_loss":0},{"damage_healed":0,"gold_gain":0,"player_choice":"Obtained Relic","damage_taken":0,"relics_obtained":["Dead Branch"],"max_hp_gain":0,"max_hp_loss":0,"event_name":"Addict","floor":22,"gold_loss":85},{"damage_healed":0,"gold_gain":0,"player_choice":"Became a Ghost","damage_taken":0,"max_hp_gain":0,"max_hp_loss":44,"event_name":"Ghosts","floor":24,"gold_loss":0,"cards_obtained":["Ghostly","Ghostly","Ghostly","Ghostly","Ghostly"]},{"damage_healed":0,"gold_gain":0,"player_choice":"Fought Bandits","damage_taken":0,"max_hp_gain":0,"max_hp_loss":0,"event_name":"Masked Bandits","floor":28,"gold_loss":0}],"is_beta":false,"boss_relics":[{"not_picked":["Tiny House","Astrolabe"],"picked":"Runic Dome"}],"items_purged_floors":[2],"is_endless":false,"potions_floor_spawned":[1,8,14,18,28,29,30],"killed_by":"Champ","ascension_level":12}