{"gold_per_floor":[113,14,32,32,45,45,77,152,152,152,187,187,212,22,22,123,123,133,97,116,116,136,136,171,171,171,171,182,97,113,139,139,243,243,262,662,672,690,706,734,734,759,786,820,239,0,0,10,10,10,10,10,10,42,42],"floor_reached":56,"playtime":11514,"items_purged":["Strike_R","Strike_R"],"score":1444,"play_id":"fe832b7a-c9f8-48e8-b53f-1df27cbb2008","local_time":"20190912193737","is_ascension_mode":true,"campfire_choices":[{"data":"Flex","floor":6,"key":"SMITH"},{"data":"Armaments","floor":10,"key":"SMITH"},{"data":"Whirlwind","floor":12,"key":"SMITH"},{"data":"Metallicize","floor":15,"key":"SMITH"},{"data":"Demon Form","floor":23,"key":"SMITH"},{"data":"Metallicize","floor":25,"key":"SMITH"},{"data":"Heavy Blade","floor":27,"key":"SMITH"},{"floor":32,"key":"RECALL"},{"floor":41,"key":"REST"},{"data":"Demon Form","floor":47,"key":"SMITH"},{"data":"Sword Boomerang","floor":49,"key":"SMITH"},{"data":"Bash","floor":52,"key":"SMITH"}],"neow_cost":"NONE","seed_source_timestamp":339834947023300,"circlet_count":0,"master_deck":["Strike_R","Strike_R","Strike_R","Defend_R","Defend_R","Defend_R","Defend_R","Bash+1","Flex+1","Headbutt","Sword Boomerang+1","Heavy Blade+1","Whirlwind+1","Armaments+1","Metallicize+1","True Grit+1","Demon Form+1","Exhume+1","Warcry+1","Metallicize+1","Clothesline+1","Ghostly+1","Ghostly+1","Ghostly+1","Ghostly+1","Ghostly+1","Ghostly Armor+1","Impervious+1","Demon Form+1","Disarm+1","Warcry+1","Parasite","Offering+1","Warcry+1","Impervious+1","Second Wind+1"],"relics":["Burning Blood","Mummified Hand","Pocketwatch","Toxic Egg 2","Oddly Smooth Stone","Bag of Marbles","Philosopher\u0027s Stone","Bottled Flame","Art of War","Meat on the Bone","Blood Vial","Black Star","Old Coin","Potion Belt","Shuriken","Happy Flower","Bird Faced Urn","Sundial","Mercury Hourglass","Frozen Eye","StoneCalendar","Red Mask","Orichalcum","Pen Nib"],"potions_floor_usage":[13,31,31,40,50,55],"damage_taken":[{"damage":6,"enemies":"Jaw Worm","floor":1,"turns":3},{"damage":2,"enemies":"2 Louse","floor":3,"turns":2},{"damage":0,"enemies":"Small Slimes","floor":5,"turns":3},{"damage":14,"enemies":"Gremlin Nob","floor":7,"turns":3},{"damage":8,"enemies":"3 Sentries","floor":11,"turns":5},{"damage":12,"enemies":"Lagavulin","floor":13,"turns":4},{"damage":0,"enemies":"Slime Boss","floor":16,"turns":5},{"damage":1,"enemies":"Shell Parasite","floor":18,"turns":4},{"damage":0,"enemies":"Chosen","floor":20,"turns":3},{"damage":2,"enemies":"Centurion and Healer","floor":22,"turns":6},{"damage":3,"enemies":"Gremlin Leader","floor":24,"turns":8},{"damage":0,"enemies":"3 Cultists","floor":28,"turns":2},{"damage":0,"enemies":"Snake Plant","floor":30,"turns":3},{"damage":0,"enemies":"Slavers","floor":31,"turns":5},{"damage":2,"enemies":"Champ","floor":33,"turns":11},{"damage":1,"enemies":"Orb Walker","floor":35,"turns":5},{"damage":0,"enemies":"Mind Bloom Boss Battle","floor":36,"turns":6},{"damage":1,"enemies":"3 Darklings","floor":37,"turns":3},{"damage":9,"enemies":"Spire Growth","floor":38,"turns":5},{"damage":3,"enemies":"Writhing Mass","floor":39,"turns":5},{"damage":37,"enemies":"Reptomancer","floor":40,"turns":6},{"damage":3,"enemies":"Nemesis","floor":42,"turns":7},{"damage":1,"enemies":"Reptomancer","floor":44,"turns":5},{"damage":12,"enemies":"4 Shapes","floor":48,"turns":4},{"damage":15,"enemies":"Awakened One","floor":50,"turns":10},{"damage":13,"enemies":"Shield and Spear","floor":54,"turns":6},{"damage":37,"enemies":"The Heart","floor":55,"turns":11}],"seed_played":"3263712750628149667","potions_obtained":[{"floor":1,"key":"Strength Potion"},{"floor":7,"key":"Explosive Potion"},{"floor":11,"key":"LiquidBronze"},{"floor":20,"key":"Ancient Potion"},{"floor":28,"key":"GamblersBrew"},{"floor":31,"key":"FearPotion"},{"floor":35,"key":"EssenceOfSteel"},{"floor":39,"key":"BloodPotion"},{"floor":42,"key":"Energy Potion"},{"floor":54,"key":"Energy Potion"}],"is_trial":false,"path_per_floor":["M","$","M","?","M","R","E","?","T","R","E","R","E","$","R","B",null,"M","$","M","?","M","R","E","R","T","R","M","?","M","E","R","B",null,"M","?","M","M","M","E","R","E","T","E","$","?","R","M","R","B",null,"R","$","E","B",null],"character_chosen":"IRONCLAD","items_purchased":["Sword Boomerang","True Grit+1","Demon Form","Metallicize","Frozen Eye","StoneCalendar"],"campfire_rested":1,"item_purchase_floors":[2,14,14,19,45,45],"current_hp_per_floor":[80,80,80,62,68,68,60,49,49,49,47,47,41,41,41,47,80,80,80,80,40,40,40,40,40,40,40,40,40,40,40,40,40,40,40,40,40,37,40,31,40,40,40,40,40,40,40,36,36,37,40,40,40,40,24],"gold":42,"neow_bonus":"THREE_CARDS","is_prod":false,"is_daily":false,"chose_seed":false,"campfire_upgraded":10,"win_rate":0,"timestamp":1568313457,"path_taken":["M","$","M","?","M","R","E","?","T","R","E","R","E","?","R","BOSS","M","$","M","?","M","R","E","R","T","R","M","?","M","E","R","BOSS","M","?","M","M","M","E","R","E","T","E","$","?","R","M","R","BOSS","R","$","E","BOSS"],"build_version":"2019-07-17","purchased_purges":2,"victory":true,"max_hp_per_floor":[80,80,80,80,80,80,80,80,80,80,80,80,80,80,80,80,80,80,80,80,40,40,40,40,40,40,40,40,40,40,40,40,40,40,40,40,40,40,40,40,40,40,40,40,40,40,40,40,40,40,40,40,40,40,40],"card_choices":[{"not_picked":["Clothesline","True Grit"],"picked":"Flex","floor":0},{"not_picked":["Feel No Pain","Hemokinesis"],"picked":"Headbutt","floor":1},{"not_picked":["Sever Soul","Twin Strike"],"picked":"Heavy Blade","floor":3},{"not_picked":["Armaments","Thunderclap"],"picked":"Whirlwind","floor":5},{"not_picked":["Heavy Blade","Pommel Strike"],"picked":"Armaments","floor":7},{"not_picked":["Headbutt","Perfected Strike","Wild Strike"],"picked":"SKIP","floor":11},{"not_picked":["Battle Trance+1","Havoc+1"],"picked":"Metallicize","floor":13},{"not_picked":["Dark Embrace","Feed"],"picked":"Exhume+1","floor":16},{"not_picked":["Thunderclap+1","Fire Breathing"],"picked":"Warcry+1","floor":18},{"not_picked":["Clash","Pommel Strike"],"picked":"Clothesline+1","floor":20},{"not_picked":["Clothesline","Bloodletting+1","Sever Soul"],"picked":"SKIP","floor":22},{"not_picked":["Headbutt","Heavy Blade","Sword Boomerang"],"picked":"SKIP","floor":24},{"not_picked":["Sentinel+1","Searing Blow+1"],"picked":"Ghostly Armor+1","floor":28},{"not_picked":["Body Slam+1","Pummel"],"picked":"Impervious+1","floor":30},{"not_picked":["Havoc+1","Corruption+1","Clash"],"picked":"SKIP","floor":31},{"not_picked":["Feed","Fiend Fire"],"picked":"Demon Form","floor":33},{"not_picked":["Spot Weakness+1","Clash","Combust+1"],"picked":"SKIP","floor":35},{"not_picked":["Cleave","Heavy Blade"],"picked":"Disarm+1","floor":37},{"not_picked":["Sentinel+1","Cleave+1"],"picked":"Warcry+1","floor":38},{"not_picked":["Armaments+1","Twin Strike"],"picked":"Offering+1","floor":39},{"not_picked":["Second Wind+1","Headbutt"],"picked":"Warcry+1","floor":40},{"not_picked":["Heavy Blade+1","Shrug It Off+1"],"picked":"Impervious+1","floor":42},{"not_picked":["Carnage","Cleave+1","Havoc+1"],"picked":"SKIP","floor":44},{"not_picked":["Clash","Thunderclap"],"picked":"Second Wind+1","floor":48},{"not_picked":["Clothesline","Iron Wave","Flex+1"],"picked":"SKIP","floor":54}],"player_experience":166140,"relics_obtained":[{"floor":7,"key":"Pocketwatch"},{"floor":9,"key":"Toxic Egg 2"},{"floor":11,"key":"Oddly Smooth Stone"},{"floor":13,"key":"Bag of Marbles"},{"floor":24,"key":"Bottled Flame"},{"floor":26,"key":"Art of War"},{"floor":31,"key":"Blood Vial"},{"floor":36,"key":"Old Coin"},{"floor":40,"key":"Potion Belt"},{"floor":40,"key":"Shuriken"},{"floor":42,"key":"Happy Flower"},{"floor":42,"key":"Bird Faced Urn"},{"floor":44,"key":"Sundial"},{"floor":44,"key":"Mercury Hourglass"},{"floor":54,"key":"Orichalcum"},{"floor":54,"key":"Pen Nib"}],"event_choices":[{"damage_healed":0,"gold_gain":0,"player_choice":"Success","damage_taken":18,"relics_obtained":["Mummified Hand"],"max_hp_gain":0,"max_hp_loss":0,"event_name":"Scrap Ooze","floor":4,"gold_loss":0},{"damage_healed":0,"gold_gain":75,"player_choice":"Gather Gold","damage_taken":11,"max_hp_gain":0,"max_hp_loss":0,"event_name":"World of Goop","floor":8,"gold_loss":0},{"damage_healed":0,"gold_gain":0,"player_choice":"Became a Ghost","damage_taken":0,"max_hp_gain":0,"max_hp_loss":40,"event_name":"Ghosts","floor":21,"gold_loss":0,"cards_obtained":["Ghostly","Ghostly","Ghostly","Ghostly","Ghostly"]},{"damage_healed":0,"gold_gain":0,"player_choice":"Obtained Relic","damage_taken":0,"relics_obtained":["Meat on the Bone"],"max_hp_gain":0,"max_hp_loss":0,"event_name":"Addict","floor":29,"gold_loss":85},{"damage_healed":0,"gold_gain":0,"player_choice":"Fight","damage_taken":0,"max_hp_gain":0,"max_hp_loss":0,"event_name":"MindBloom","floor":36,"gold_loss":0},{"damage_healed":0,"gold_gain":0,"player_choice":"Paid","damage_taken":0,"relics_obtained":["Red Mask"],"max_hp_gain":0,"max_hp_loss":0,"event_name":"Tomb of Lord Red Mask","floor":46,"gold_loss":239}],"is_beta":false,"boss_relics":[{"not_picked":["Busted Crown","Runic Cube"],"picked":"Philosopher\u0027s Stone"},{"not_picked":["Black Blood","Astrolabe"],"picked":"Black Star"}],"items_purged_floors":[2,45],"is_endless":false,"potions_floor_spawned":[1,7,11,20,22,28,31,35,36,39,42,54],"ascension_level":1}