{"gold_per_floor":[116,130,14,14,26,26,53,53,104,104,132,159,183,195,207,319,331,331,331,281,281,281,281,281],"floor_reached":24,"playtime":1441,"items_purged":["Strike_G"],"score":302,"play_id":"8419afde-1f23-4f3c-9c7e-fa67cc971a1f","local_time":"20190821230606","is_ascension_mode":true,"campfire_choices":[{"data":"Footwork","floor":6.0,"key":"SMITH"},{"data":"Catalyst","floor":8.0,"key":"SMITH"},{"floor":10.0,"key":"REST"},{"floor":15.0,"key":"REST"}],"neow_cost":"NONE","seed_source_timestamp":0,"circlet_count":0,"master_deck":["Strike_G","Strike_G","Strike_G","Strike_G","Defend_G","Defend_G","Defend_G","Defend_G","Defend_G","Survivor","Neutralize","Bouncing Flask","Footwork+1","Catalyst+1","Envenom","Backflip","Well Laid Plans","Footwork","Adrenaline","Backflip","Acrobatics+1"],"special_seed":0,"relics":["Ring of the Snake","Blood Vial","Smiling Mask","Anchor","MawBank","Ectoplasm","Dodecahedron"],"potions_floor_usage":[22,22],"damage_taken":[{"damage":3.0,"enemies":"Small Slimes","floor":1.0,"turns":4.0},{"damage":0.0,"enemies":"2 Louse","floor":2.0,"turns":4.0},{"damage":0.0,"enemies":"Cultist","floor":5.0,"turns":3.0},{"damage":35.0,"enemies":"Gremlin Nob","floor":7.0,"turns":6.0},{"damage":36.0,"enemies":"3 Sentries","floor":11.0,"turns":13.0},{"damage":1.0,"enemies":"Looter","floor":12.0,"turns":4.0},{"damage":0.0,"enemies":"Exordium Wildlife","floor":13.0,"turns":3.0},{"damage":18.0,"enemies":"Hexaghost","floor":16.0,"turns":8.0},{"damage":0.0,"enemies":"Shell Parasite","floor":18.0,"turns":5.0},{"damage":0,"enemies":"Spheric Guardian","floor":21,"turns":5},{"damage":0,"enemies":"3 Cultists","floor":22,"turns":7},{"damage":2,"enemies":"Snake Plant","floor":23,"turns":3},{"damage":5,"enemies":"Gremlin Leader","floor":24,"turns":7}],"seed_played":"-2699054368680398731","potions_obtained":[{"floor":1.0,"key":"Poison Potion"},{"floor":11.0,"key":"Strength Potion"},{"floor":12.0,"key":"FearPotion"},{"floor":13.0,"key":"Fire Potion"},{"floor":16.0,"key":"SpeedPotion"},{"floor":23,"key":"SteroidPotion"}],"is_trial":false,"path_per_floor":["M","M","$","?","M","R","E","R","T","R","E","M","M","?","R","B",null,"M","?","$","M","M","M","E"],"character_chosen":"THE_SILENT","items_purchased":["Footwork","Catalyst"],"campfire_rested":2,"item_purchase_floors":[3,3],"current_hp_per_floor":[62,64,64,69,71,71,38,38,38,60,26,27,29,29,51,35,65,67,67,67,69,71,71,68],"gold":281,"neow_bonus":"RANDOM_COMMON_RELIC","is_prod":false,"is_daily":false,"chose_seed":false,"campfire_upgraded":2,"win_rate":0,"timestamp":1566421566,"path_taken":["M","M","$","?","M","R","E","R","T","R","E","M","M","?","R","BOSS","M","?","$","M","M","M","E"],"build_version":"2019-07-17","purchased_purges":1,"victory":false,"max_hp_per_floor":[70,70,70,75,75,75,75,75,75,75,75,75,75,75,75,75,75,75,75,75,75,75,75,75],"card_choices":[{"not_picked":["Flechettes","Blade Dance"],"picked":"Bouncing Flask","floor":1.0},{"not_picked":["Skewer","Finisher","Slice"],"picked":"SKIP","floor":2.0},{"not_picked":["Poisoned Stab","Dagger Throw","Slice"],"picked":"SKIP","floor":5.0},{"not_picked":["Deflect","Outmaneuver"],"picked":"Envenom","floor":7.0},{"not_picked":["Flying Knee","Dagger Spray"],"picked":"Backflip","floor":11.0},{"not_picked":["Slice","Endless Agony"],"picked":"Well Laid Plans","floor":12.0},{"not_picked":["Masterful Stab","Dash"],"picked":"Footwork","floor":13.0},{"not_picked":["Venomology","Wraith Form v2"],"picked":"Adrenaline","floor":16.0},{"not_picked":["Deflect","Flying Knee+1","Infinite Blades"],"picked":"SKIP","floor":18},{"not_picked":["Reflex+1","Outmaneuver+1"],"picked":"Backflip","floor":21},{"not_picked":["Eviscerate","Infinite Blades"],"picked":"Acrobatics+1","floor":22},{"not_picked":["Concentrate","Slice","Storm of Steel"],"picked":"SKIP","floor":23}],"player_experience":117318,"relics_obtained":[{"floor":7.0,"key":"Smiling Mask"},{"floor":9.0,"key":"Anchor"},{"floor":11.0,"key":"MawBank"}],"event_choices":[{"damage_healed":0.0,"max_hp_gain":5.0,"max_hp_loss":0.0,"gold_gain":0.0,"event_name":"Big Fish","player_choice":"Donut","floor":4.0,"gold_loss":0.0,"damage_taken":0.0},{"damage_healed":0.0,"max_hp_gain":0.0,"max_hp_loss":0.0,"gold_gain":0.0,"event_name":"Scrap Ooze","player_choice":"Fled","floor":14.0,"gold_loss":0.0,"damage_taken":0.0},{"damage_healed":0,"gold_gain":0,"player_choice":"Opened","damage_taken":0,"relics_obtained":["Dodecahedron"],"max_hp_gain":0,"max_hp_loss":0,"event_name":"The Mausoleum","floor":19,"gold_loss":0}],"is_beta":false,"boss_relics":[{"not_picked":["HoveringKite","Coffee Dripper"],"picked":"Ectoplasm"}],"items_purged_floors":[20],"is_endless":false,"potions_floor_spawned":[1,11,12,13,16,23],"killed_by":"Gremlin Leader","ascension_level":9}