{"gold_per_floor":[118,118,138,153,43,43,60,60,60,60,60,60,88,105,105,201,201,221,221,221,232,50,50,50,75,102,102,102,102,115,80,80,182,182,202,202,202,202],"floor_reached":38,"playtime":1537,"items_purged":["Defend_R","Strike_R"],"score":513,"play_id":"7b084d9e-ce65-470b-937e-10d48e98c78b","local_time":"20190809214401","is_ascension_mode":false,"campfire_choices":[{"data":"Combust","floor":6,"key":"SMITH"},{"data":"Uppercut","floor":8,"key":"SMITH"},{"floor":12,"key":"REST"},{"data":"Berserk","floor":15,"key":"SMITH"},{"floor":24,"key":"REST"},{"data":"Rupture","floor":27,"key":"SMITH"},{"data":"Rupture","floor":29,"key":"SMITH"},{"floor":32,"key":"REST"}],"neow_cost":"NONE","seed_source_timestamp":875677816289454,"circlet_count":0,"master_deck":["Strike_R","Strike_R","Strike_R","Bash","Wild Strike","Heavy Blade","Combust+1","Rupture+1","Uppercut+1","Clothesline","Berserk+1","Offering+1","Sword Boomerang+1","Spot Weakness+1","Searing Blow+1","Writhe","Wild Strike","Rupture+1","Shame","Bloodletting+1","Feed","Blood for Blood+1","Metamorphosis","Secret Weapon","Swift Strike"],"relics":["Burning Blood","FaceOfCleric","Darkstone Periapt","Dodecahedron","Astrolabe","PreservedInsect","Omamori","Anchor","War Paint","Question Card","Sozu"],"potions_floor_usage":[],"damage_taken":[{"damage":7,"enemies":"Jaw Worm","floor":1,"turns":6},{"damage":1,"enemies":"Cultist","floor":3,"turns":3},{"damage":0,"enemies":"Small Slimes","floor":4,"turns":2},{"damage":36,"enemies":"Exordium Thugs","floor":7,"turns":4},{"damage":11,"enemies":"Gremlin Nob","floor":13,"turns":3},{"damage":11,"enemies":"Red Slaver","floor":14,"turns":3},{"damage":7,"enemies":"Slime Boss","floor":16,"turns":7},{"damage":17,"enemies":"Chosen","floor":18,"turns":2},{"damage":42,"enemies":"Spheric Guardian","floor":21,"turns":4},{"damage":21,"enemies":"Book of Stabbing","floor":25,"turns":2},{"damage":25,"enemies":"Centurion and Healer","floor":30,"turns":4},{"damage":29,"enemies":"Champ","floor":33,"turns":5},{"damage":24,"enemies":"3 Shapes","floor":35,"turns":4},{"damage":93,"enemies":"2 Orb Walkers","floor":38,"turns":3}],"seed_played":"-1730086916466418055","potions_obtained":[{"floor":3,"key":"Energy Potion"},{"floor":13,"key":"AttackPotion"},{"floor":14,"key":"AttackPotion"},{"floor":16,"key":"Regen Potion"}],"is_trial":false,"path_per_floor":["M","?","M","M","$","R","M","R","T","?","$","R","E","M","R","B",null,"M","?","?","M","$","?","R","E","T","R","?","R","M","$","R","B",null,"M","?","?","?"],"character_chosen":"IRONCLAD","items_purchased":["Rupture","Rupture","Bloodletting"],"campfire_rested":3,"item_purchase_floors":[5,22,31],"current_hp_per_floor":[87,87,89,90,90,90,61,61,61,54,54,81,77,73,73,73,94,84,90,90,55,55,61,93,79,79,79,79,79,61,61,94,72,111,94,84,84,0],"gold":202,"neow_bonus":"TEN_PERCENT_HP_BONUS","is_prod":false,"is_daily":false,"chose_seed":false,"campfire_upgraded":5,"win_rate":0.0,"timestamp":1565405041,"path_taken":["M","?","M","M","?","R","?","R","T","?","?","R","E","?","R","BOSS","M","?","?","?","$","?","R","E","T","R","?","R","?","?","R","BOSS","M","?","?","?"],"build_version":"2019-07-17","purchased_purges":2,"victory":false,"max_hp_per_floor":[88,88,89,90,90,90,91,91,91,91,91,91,92,93,93,94,94,95,101,101,102,102,108,108,109,109,109,109,109,110,110,110,111,111,112,112,112,112],"card_choices":[{"not_picked":["Headbutt","Shrug It Off"],"picked":"Wild Strike","floor":1},{"not_picked":["Shockwave","Thunderclap"],"picked":"Heavy Blade","floor":3},{"not_picked":["True Grit","Flex"],"picked":"Combust","floor":4},{"not_picked":["Warcry","Anger"],"picked":"Uppercut","floor":7},{"not_picked":["Disarm","Dual Wield"],"picked":"Clothesline","floor":13},{"not_picked":["Pommel Strike","Searing Blow"],"picked":"Berserk","floor":14},{"not_picked":["Limit Break","Bludgeon"],"picked":"Offering","floor":16},{"not_picked":["Pommel Strike","Clothesline","Perfected Strike"],"picked":"SKIP","floor":18},{"not_picked":["Headbutt","Anger"],"picked":"Wild Strike","floor":21},{"not_picked":["Thunderclap","Iron Wave","Burning Pact"],"picked":"SKIP","floor":25},{"not_picked":["Flex","Warcry+1","Ghostly Armor"],"picked":"Bloodletting+1","floor":30},{"not_picked":["Demon Form","Barricade","Reaper"],"picked":"Feed","floor":33},{"not_picked":["Whirlwind+1","Armaments+1","Bloodletting"],"picked":"Blood for Blood+1","floor":35},{"not_picked":["Finesse","Madness","Apotheosis"],"picked":"Metamorphosis","floor":36},{"not_picked":["Blind","Madness","Dramatic Entrance"],"picked":"Secret Weapon","floor":36},{"not_picked":["Enlightenment","Madness","Trip"],"picked":"Swift Strike","floor":36}],"player_experience":95425,"relics_obtained":[{"floor":9,"key":"Darkstone Periapt"},{"floor":13,"key":"Dodecahedron"},{"floor":25,"key":"Anchor"},{"floor":26,"key":"War Paint"}],"event_choices":[{"damage_healed":0,"gold_gain":0,"player_choice":"Trade","damage_taken":0,"relics_obtained":["FaceOfCleric"],"max_hp_gain":0,"max_hp_loss":0,"event_name":"FaceTrader","floor":2,"gold_loss":0},{"cards_removed":["Defend_R"],"damage_healed":0,"gold_gain":0,"player_choice":"Card Removal","damage_taken":7,"max_hp_gain":0,"max_hp_loss":0,"event_name":"Golden Wing","floor":10,"gold_loss":0},{"damage_healed":0,"gold_gain":0,"player_choice":"Opened","damage_taken":0,"relics_obtained":["PreservedInsect"],"max_hp_gain":0,"max_hp_loss":0,"event_name":"The Mausoleum","floor":19,"gold_loss":0,"cards_obtained":["Writhe"]},{"damage_healed":0,"gold_gain":0,"player_choice":"Bought 0 Potions","damage_taken":0,"max_hp_gain":0,"max_hp_loss":0,"event_name":"The Woman in Blue","floor":20,"gold_loss":0},{"damage_healed":0,"gold_gain":0,"player_choice":"Stole Relic","damage_taken":0,"relics_obtained":["Omamori"],"max_hp_gain":0,"max_hp_loss":0,"event_name":"Addict","floor":23,"gold_loss":0,"cards_obtained":["Shame"]},{"damage_healed":0,"gold_gain":0,"player_choice":"Gave Potion","damage_taken":0,"relics_obtained":["Question Card"],"max_hp_gain":0,"max_hp_loss":0,"event_name":"WeMeetAgain","floor":28,"gold_loss":0},{"damage_healed":0,"gold_gain":0,"player_choice":"Memory 3","damage_taken":10,"max_hp_gain":0,"max_hp_loss":0,"event_name":"SensoryStone","floor":36,"gold_loss":0},{"cards_removed":["Bloodletting"],"damage_healed":0,"gold_gain":0,"player_choice":"Removed Skill","damage_taken":0,"max_hp_gain":0,"max_hp_loss":0,"event_name":"Falling","floor":37,"gold_loss":0},{"damage_healed":0,"gold_gain":0,"player_choice":"Fight","damage_taken":0,"max_hp_gain":0,"max_hp_loss":0,"event_name":"Mysterious Sphere","floor":38,"gold_loss":0}],"is_beta":false,"boss_relics":[{"not_picked":["Runic Pyramid","Coffee Dripper"],"picked":"Astrolabe"},{"not_picked":["Mark of Pain","Tiny House"],"picked":"Sozu"}],"items_purged_floors":[5,22],"is_endless":false,"potions_floor_spawned":[3,13,14,16,25,35],"killed_by":"2 Orb Walkers","ascension_level":0}