{"gold_per_floor":[114,114,114,128,144,176,196,196,265,278,278,297,330,341,341,439,439,439,297,297,297,297,297,297,297,297,297,297,297,51,51,51,51,51,51,51,51,51,51,51,51,51,51,51,51,51,51,1,1,1],"floor_reached":50,"playtime":3425,"items_purged":["Defend_R","Strike_R+1","Strike_R+1"],"score":577,"play_id":"c72bd568-0cbf-43b6-bb2b-3c240c5ca31d","local_time":"20190912205900","is_ascension_mode":true,"campfire_choices":[{"data":"Bash","floor":8.0,"key":"SMITH"},{"data":"Pommel Strike","floor":15.0,"key":"SMITH"},{"floor":23,"key":"RECALL"},{"data":"Clash","floor":25,"key":"SMITH"},{"data":"Iron Wave","floor":28,"key":"SMITH"},{"data":"Anger","floor":32,"key":"SMITH"},{"floor":40,"key":"DIG"},{"floor":45,"key":"REST"},{"floor":49,"key":"REST"}],"neow_cost":"PERCENT_DAMAGE","seed_source_timestamp":0,"circlet_count":0,"master_deck":["Strike_R+1","Defend_R+1","Defend_R+1","Defend_R+1","Bash+1","Corruption+1","Seeing Red","Headbutt","Thunderclap","Feed","Clash+1","Ghostly Armor","Pommel Strike+1","Burning Pact","Sword Boomerang","Impervious","Shrug It Off","Ghostly Armor","J.A.X.","Feed","Second Wind+1","Iron Wave+1","Twin Strike","Anger+1","Reaper","Dropkick+1","Clothesline+1","Dual Wield+1","Warcry+1","Madness","Madness","Clash+1"],"special_seed":0,"relics":["Black Blood","Peace Pipe","Incense Burner","Ancient Tea Set","Ectoplasm","Pantograph","Pear","Orichalcum","Shovel","Smiling Mask","Gremlin Horn","Happy Flower","MawBank"],"potions_floor_usage":[29,31,33,42,50],"damage_taken":[{"damage":2.0,"enemies":"Small Slimes","floor":1.0,"turns":4.0},{"damage":1.0,"enemies":"Jaw Worm","floor":4.0,"turns":4.0},{"damage":1.0,"enemies":"Cultist","floor":5.0,"turns":4.0},{"damage":53.0,"enemies":"Lagavulin","floor":6.0,"turns":9.0},{"damage":10.0,"enemies":"3 Louse","floor":7.0,"turns":3.0},{"damage":4.0,"enemies":"Blue Slaver","floor":10.0,"turns":3.0},{"damage":16.0,"enemies":"Large Slime","floor":12.0,"turns":7.0},{"damage":7.0,"enemies":"3 Sentries","floor":13.0,"turns":6.0},{"damage":0.0,"enemies":"3 Louse","floor":14.0,"turns":3.0},{"damage":16.0,"enemies":"Hexaghost","floor":16.0,"turns":7.0},{"damage":27,"enemies":"3 Byrds","floor":18,"turns":6},{"damage":16,"enemies":"Book of Stabbing","floor":24,"turns":5},{"damage":13,"enemies":"Spheric Guardian","floor":27,"turns":5},{"damage":1,"enemies":"Centurion and Healer","floor":29,"turns":4},{"damage":16,"enemies":"Cultist and Chosen","floor":31,"turns":7},{"damage":73,"enemies":"Collector","floor":33,"turns":9},{"damage":29,"enemies":"3 Darklings","floor":35,"turns":5},{"damage":33,"enemies":"3 Shapes","floor":36,"turns":6},{"damage":42,"enemies":"Maw","floor":38,"turns":7},{"damage":58,"enemies":"2 Orb Walkers","floor":39,"turns":6},{"damage":0,"enemies":"Spire Growth","floor":42,"turns":4},{"damage":16,"enemies":"Sphere and 2 Shapes","floor":44,"turns":6},{"damage":41,"enemies":"Giant Head","floor":47,"turns":9},{"damage":140,"enemies":"Donu and Deca","floor":50,"turns":11}],"seed_played":"8695477039131987458","potions_obtained":[{"floor":1.0,"key":"BloodPotion"},{"floor":5.0,"key":"Explosive Potion"},{"floor":6.0,"key":"Block Potion"},{"floor":7.0,"key":"SteroidPotion"},{"floor":14.0,"key":"LiquidBronze"},{"floor":18,"key":"Ancient Potion"},{"floor":27,"key":"BloodPotion"},{"floor":31,"key":"Block Potion"},{"floor":35,"key":"LiquidBronze"},{"floor":38,"key":"SmokeBomb"},{"floor":44,"key":"GamblersBrew"}],"is_trial":false,"path_per_floor":["M","?","?","M","M","E","M","R","T","M","?","M","E","M","R","B",null,"M","$","?","?","?","R","E","R","T","M","R","M","$","M","R","B",null,"M","M","?","M","?","R","?","M","T","M","R","?","E","$","R","B"],"character_chosen":"IRONCLAD","items_purchased":["Ghostly Armor","Orichalcum"],"campfire_rested":2,"item_purchase_floors":[19,30],"current_hp_per_floor":[60,60,60,65,70,43,42,42,42,47,40,33,32,41,41,31,92,74,74,74,74,74,74,64,64,74,70,70,105,105,98,98,47,114,109,101,101,75,42,42,42,52,52,58,96,80,59,59,97,0],"gold":1,"neow_bonus":"ONE_RARE_RELIC","is_prod":false,"is_daily":false,"chose_seed":false,"campfire_upgraded":5,"win_rate":0,"timestamp":1568289540,"path_taken":["M","?","?","M","?","E","M","R","T","M","?","M","E","M","R","BOSS","M","$","?","?","?","R","E","R","T","M","R","M","$","M","R","BOSS","M","?","?","?","?","R","?","M","T","?","R","?","E","$","R","BOSS"],"build_version":"2019-07-17","purchased_purges":3,"victory":false,"max_hp_per_floor":[80,80,80,80,80,80,83,83,83,86,86,89,89,92,92,92,92,95,95,95,95,95,95,95,95,105,108,108,111,111,114,114,114,114,114,120,120,120,123,123,123,123,123,129,129,129,129,129,129,129],"card_choices":[{"not_picked":["Sever Soul","Infernal Blade"],"picked":"Corruption","floor":1.0},{"not_picked":["Wild Strike","Bloodletting"],"picked":"Headbutt","floor":4.0},{"not_picked":["Metallicize","Shrug It Off"],"picked":"Thunderclap","floor":5.0},{"not_picked":["Spot Weakness","Sword Boomerang"],"picked":"Feed","floor":6.0},{"not_picked":["Rage","Warcry"],"picked":"Clash","floor":7.0},{"not_picked":["True Grit","Warcry"],"picked":"Ghostly Armor","floor":10.0},{"not_picked":["Headbutt","Hemokinesis"],"picked":"Pommel Strike","floor":12.0},{"not_picked":["Blood for Blood","Flex"],"picked":"Burning Pact","floor":13.0},{"not_picked":["Reckless Charge","Bloodletting"],"picked":"Sword Boomerang","floor":14.0},{"not_picked":["Barricade","Feed"],"picked":"Impervious","floor":16.0},{"not_picked":["Uppercut","Bloodletting"],"picked":"Shrug It Off","floor":18},{"not_picked":["Wild Strike","Rupture"],"picked":"Second Wind+1","floor":24},{"not_picked":["Cleave","Wild Strike"],"picked":"Iron Wave","floor":27},{"not_picked":["Heavy Blade","Iron Wave+1"],"picked":"Twin Strike","floor":29},{"not_picked":["Armaments","Power Through"],"picked":"Anger","floor":31},{"not_picked":["Berserk","Offering"],"picked":"Reaper","floor":33},{"not_picked":["Flex","Clash+1"],"picked":"Dropkick+1","floor":35},{"not_picked":["Blood for Blood+1","Pommel Strike","Carnage"],"picked":"SKIP","floor":36},{"not_picked":["Heavy Blade","Burning Pact"],"picked":"Clothesline+1","floor":38},{"not_picked":["Blood for Blood","Carnage"],"picked":"Dual Wield+1","floor":39},{"not_picked":["Metallicize","Blood for Blood+1"],"picked":"Warcry+1","floor":44},{"not_picked":["Metallicize","Bloodletting+1"],"picked":"Clash+1","floor":47}],"player_experience":43772,"relics_obtained":[{"floor":6.0,"key":"Incense Burner"},{"floor":13.0,"key":"Ancient Tea Set"},{"floor":24,"key":"Pantograph"},{"floor":26,"key":"Pear"},{"floor":39,"key":"Shovel"},{"floor":40,"key":"Smiling Mask"},{"floor":43,"key":"Happy Flower"},{"floor":47,"key":"MawBank"}],"event_choices":[{"damage_healed":0.0,"max_hp_gain":0.0,"max_hp_loss":0.0,"gold_gain":0.0,"cards_transformed":["Strike_R"],"event_name":"Living Wall","player_choice":"Change","floor":2.0,"gold_loss":0.0,"damage_taken":0.0,"cards_obtained":["Seeing Red"]},{"damage_healed":0.0,"max_hp_gain":0.0,"max_hp_loss":0.0,"gold_gain":0.0,"event_name":"Accursed Blacksmith","player_choice":"Forge","floor":3.0,"gold_loss":0.0,"damage_taken":0.0,"cards_upgraded":["Corruption"]},{"cards_removed":["Strike_R"],"damage_healed":0.0,"max_hp_gain":0.0,"max_hp_loss":0.0,"gold_gain":0.0,"event_name":"Golden Wing","player_choice":"Card Removal","floor":11.0,"gold_loss":0.0,"damage_taken":7.0},{"damage_healed":0,"gold_gain":0,"player_choice":"Simplicity","damage_taken":0,"max_hp_gain":0,"max_hp_loss":0,"event_name":"Back to Basics","floor":20,"gold_loss":0,"cards_upgraded":["Strike_R","Strike_R","Strike_R","Defend_R","Defend_R","Defend_R"]},{"damage_healed":0,"gold_gain":0,"player_choice":"Obtain J.A.X.","damage_taken":0,"max_hp_gain":0,"max_hp_loss":0,"event_name":"Drug Dealer","floor":21,"gold_loss":0,"cards_obtained":["J.A.X."]},{"damage_healed":0,"gold_gain":0,"player_choice":"Copied","damage_taken":0,"max_hp_gain":0,"max_hp_loss":0,"event_name":"Duplicator","floor":22,"gold_loss":0,"cards_obtained":["Feed"]},{"damage_healed":0,"gold_gain":100,"player_choice":"Pray","damage_taken":0,"max_hp_gain":0,"max_hp_loss":0,"event_name":"Golden Shrine","floor":37,"gold_loss":0},{"damage_healed":0,"gold_gain":0,"player_choice":"Fight","damage_taken":0,"max_hp_gain":0,"max_hp_loss":0,"event_name":"Mysterious Sphere","floor":39,"gold_loss":0},{"damage_healed":0,"gold_gain":0,"player_choice":"Gave Potion","damage_taken":0,"relics_obtained":["Gremlin Horn"],"max_hp_gain":0,"max_hp_loss":0,"event_name":"WeMeetAgain","floor":41,"gold_loss":0},{"damage_healed":0,"gold_gain":0,"player_choice":"Embrace Madness","damage_taken":16,"max_hp_gain":0,"max_hp_loss":0,"event_name":"Winding Halls","floor":46,"gold_loss":0,"cards_obtained":["Madness","Madness"]}],"is_beta":false,"boss_relics":[{"not_picked":["Fusion Hammer","Runic Cube"],"picked":"Ectoplasm"},{"not_picked":["Philosopher\u0027s Stone","Eternal Feather"],"picked":"Black Blood"}],"items_purged_floors":[19,30,48],"is_endless":false,"potions_floor_spawned":[1,5,6,7,14,18,27,31,35,38,42,44],"killed_by":"Donu and Deca","ascension_level":1}