{"gold_per_floor":[117,117,117,136,156,156,188,188,188,202,229,229,247,260,260,357,357,367,149,149,136,146,146,158,158,158,158,193,209,209,267,267,363,363,378,378,402,412,430,430,430,441,512,512,512,512,186,203,203,203,203,203,1,33,33],"floor_reached":55,"playtime":4577,"items_purged":["Strike_R","Strike_R"],"score":742,"play_id":"aaf40ac7-80d6-4220-87b3-43b3f87875b9","local_time":"20190904183648","is_ascension_mode":false,"campfire_choices":[{"data":"Uppercut","floor":6,"key":"SMITH"},{"data":"Metallicize","floor":8,"key":"SMITH"},{"data":"Flex","floor":15,"key":"SMITH"},{"data":"Juggernaut","floor":23,"key":"SMITH"},{"data":"Armaments","floor":25,"key":"SMITH"},{"data":"Iron Wave","floor":30,"key":"SMITH"},{"data":"Ghostly Armor","floor":32,"key":"SMITH"},{"data":"True Grit","floor":40,"key":"SMITH"},{"floor":45,"key":"RECALL"},{"data":"Juggernaut","floor":49,"key":"SMITH"},{"data":"Defend_R","floor":52,"key":"SMITH"}],"neow_cost":"NONE","seed_source_timestamp":206909596877300,"circlet_count":0,"master_deck":["Strike_R+1","Strike_R","Defend_R","Defend_R","Defend_R+1","Defend_R+1","Bash","Flex+1","Uppercut+1","Metallicize+1","Ghostly Armor+1","Shrug It Off+1","Iron Wave+1","Juggernaut+1","Armaments+1","Body Slam+1","Juggernaut+1","True Grit+1","Shrug It Off+1"],"relics":["Burning Blood","Pear","Shuriken","Letter Opener","Runic Cube","Lantern","Thread and Needle","Boot","Tiny Chest","Busted Crown","Bottled Flame","Paper Frog","Strawberry","Mummified Hand"],"potions_floor_usage":[24,47,50,55,55,55],"damage_taken":[{"damage":8,"enemies":"Jaw Worm","floor":1,"turns":3},{"damage":0,"enemies":"Small Slimes","floor":4,"turns":3},{"damage":0,"enemies":"Cultist","floor":5,"turns":2},{"damage":18,"enemies":"Gremlin Nob","floor":7,"turns":4},{"damage":10,"enemies":"2 Fungi Beasts","floor":10,"turns":4},{"damage":11,"enemies":"3 Sentries","floor":11,"turns":16},{"damage":0,"enemies":"Red Slaver","floor":13,"turns":5},{"damage":8,"enemies":"Exordium Wildlife","floor":14,"turns":5},{"damage":34,"enemies":"Hexaghost","floor":16,"turns":12},{"damage":17,"enemies":"Chosen","floor":18,"turns":6},{"damage":3,"enemies":"2 Thieves","floor":21,"turns":4},{"damage":2,"enemies":"Centurion and Healer","floor":22,"turns":8},{"damage":5,"enemies":"Chosen and Byrds","floor":24,"turns":6},{"damage":0,"enemies":"Book of Stabbing","floor":28,"turns":6},{"damage":4,"enemies":"Shelled Parasite and Fungi","floor":29,"turns":7},{"damage":0,"enemies":"Gremlin Leader","floor":31,"turns":6},{"damage":50,"enemies":"Automaton","floor":33,"turns":12},{"damage":0,"enemies":"3 Darklings","floor":35,"turns":4},{"damage":3,"enemies":"Orb Walker","floor":38,"turns":3},{"damage":16,"enemies":"Sphere and 2 Shapes","floor":39,"turns":4},{"damage":0,"enemies":"Transient","floor":42,"turns":5},{"damage":0,"enemies":"3 Darklings","floor":48,"turns":5},{"damage":29,"enemies":"Donu and Deca","floor":50,"turns":8},{"damage":23,"enemies":"Shield and Spear","floor":54,"turns":6},{"damage":112,"enemies":"The Heart","floor":55,"turns":11}],"seed_played":"5216044307343750630","potions_obtained":[{"floor":1,"key":"Fire Potion"},{"floor":10,"key":"SteroidPotion"},{"floor":16,"key":"GamblersBrew"},{"floor":24,"key":"Weak Potion"},{"floor":33,"key":"Strength Potion"},{"floor":54,"key":"EssenceOfSteel"}],"is_trial":false,"path_per_floor":["M","?","?","M","M","R","E","R","T","M","E","?","M","M","R","B",null,"M","$","?","M","M","R","M","R","T","?","E","M","R","E","R","B",null,"M","?","T","M","M","R","?","M","T","T","R","?","$","M","R","B",null,"R","$","E","B"],"character_chosen":"IRONCLAD","items_purchased":["Lantern","Fruit Juice","Block Potion","BloodPotion","Strawberry","FearPotion"],"campfire_rested":0,"item_purchase_floors":[19,47,47,47,53,53],"current_hp_per_floor":[78,62,54,60,66,66,64,64,64,60,55,55,61,59,59,31,90,79,79,79,82,86,86,87,87,87,87,90,90,90,90,90,46,90,90,90,90,90,80,80,80,86,86,86,86,86,91,95,95,72,95,95,102,85,0],"gold":33,"neow_bonus":"THREE_CARDS","is_prod":false,"is_daily":false,"chose_seed":false,"campfire_upgraded":10,"win_rate":0,"timestamp":1567618608,"path_taken":["M","?","?","M","M","R","E","R","T","?","E","?","M","M","R","BOSS","M","$","?","M","M","R","M","R","T","?","E","?","R","E","R","BOSS","M","?","?","?","M","R","?","M","T","?","R","?","$","M","R","BOSS","R","$","E","BOSS"],"build_version":"2019-07-17","purchased_purges":2,"victory":false,"max_hp_per_floor":[80,80,80,80,80,80,90,90,90,90,90,90,90,90,90,90,90,90,90,90,90,90,90,90,90,90,90,90,90,90,90,90,90,90,90,90,90,90,90,90,90,90,90,90,90,90,95,95,95,95,95,95,102,102,102],"card_choices":[{"not_picked":["Hemokinesis","Dual Wield"],"picked":"Flex","floor":0},{"not_picked":["Cleave","Clothesline"],"picked":"Uppercut","floor":1},{"not_picked":["Sword Boomerang","Body Slam","Power Through"],"picked":"SKIP","floor":4},{"not_picked":["Heavy Blade","Warcry"],"picked":"Metallicize","floor":5},{"not_picked":["Reckless Charge","Combust"],"picked":"Ghostly Armor","floor":7},{"not_picked":["Cleave","Anger"],"picked":"Shrug It Off","floor":10},{"not_picked":["Reckless Charge","Seeing Red","Ghostly Armor"],"picked":"SKIP","floor":11},{"not_picked":["Burning Pact","Exhume","Cleave"],"picked":"SKIP","floor":13},{"not_picked":["Searing Blow","Twin Strike"],"picked":"Iron Wave","floor":14},{"not_picked":["Bludgeon","Demon Form"],"picked":"Juggernaut","floor":16},{"not_picked":["Sever Soul","Shrug It Off"],"picked":"Armaments","floor":18},{"not_picked":["Havoc","Shrug It Off+1"],"picked":"Body Slam+1","floor":21},{"not_picked":["Sword Boomerang","Carnage","Flex"],"picked":"SKIP","floor":22},{"not_picked":["Sword Boomerang","Anger","Evolve+1"],"picked":"SKIP","floor":24},{"not_picked":["Berserk","Rupture","Anger+1"],"picked":"SKIP","floor":28},{"not_picked":["Whirlwind","Pommel Strike","Inflame"],"picked":"SKIP","floor":29},{"not_picked":["Second Wind","Thunderclap","Perfected Strike"],"picked":"SKIP","floor":31},{"not_picked":["Brutality","Immolate"],"picked":"Juggernaut","floor":33},{"not_picked":["Rupture+1"],"picked":"SKIP","floor":35},{"not_picked":["Body Slam"],"picked":"SKIP","floor":38},{"not_picked":[],"picked":"True Grit","floor":39},{"not_picked":[],"picked":"Shrug It Off+1","floor":42},{"not_picked":["Heavy Blade"],"picked":"SKIP","floor":48},{"not_picked":["Heavy Blade+1"],"picked":"SKIP","floor":54}],"player_experience":144679,"relics_obtained":[{"floor":7,"key":"Pear"},{"floor":9,"key":"Shuriken"},{"floor":11,"key":"Letter Opener"},{"floor":26,"key":"Thread and Needle"},{"floor":28,"key":"Boot"},{"floor":31,"key":"Tiny Chest"},{"floor":43,"key":"Bottled Flame"},{"floor":44,"key":"Paper Frog"},{"floor":54,"key":"Mummified Hand"}],"event_choices":[{"damage_healed":0,"gold_gain":0,"player_choice":"Entered Light","damage_taken":16,"max_hp_gain":0,"max_hp_loss":0,"event_name":"Shining Light","floor":2,"gold_loss":0,"cards_upgraded":["Defend_R","Strike_R"]},{"damage_healed":0,"gold_gain":0,"player_choice":"Damaged","damage_taken":8,"max_hp_gain":0,"max_hp_loss":0,"event_name":"Wheel of Change","floor":3,"gold_loss":0},{"damage_healed":0,"gold_gain":0,"player_choice":"Upgraded","damage_taken":0,"max_hp_gain":0,"max_hp_loss":0,"event_name":"Upgrade Shrine","floor":12,"gold_loss":0,"cards_upgraded":["Shrug It Off"]},{"damage_healed":0,"gold_gain":0,"player_choice":"Ignored","damage_taken":0,"max_hp_gain":0,"max_hp_loss":0,"event_name":"Ghosts","floor":20,"gold_loss":0},{"damage_healed":0,"gold_gain":0,"player_choice":"Ignored","damage_taken":0,"max_hp_gain":0,"max_hp_loss":0,"event_name":"NoteForYourself","floor":27,"gold_loss":0},{"damage_healed":0,"gold_gain":0,"player_choice":"Ignored","damage_taken":0,"max_hp_gain":0,"max_hp_loss":0,"event_name":"Mysterious Sphere","floor":36,"gold_loss":0},{"cards_removed":["Strike_R"],"damage_healed":0,"gold_gain":0,"player_choice":"Removed Attack","damage_taken":0,"max_hp_gain":0,"max_hp_loss":0,"event_name":"Falling","floor":41,"gold_loss":0},{"damage_healed":0,"gold_gain":0,"player_choice":"Ignored","damage_taken":0,"max_hp_gain":0,"max_hp_loss":0,"event_name":"Tomb of Lord Red Mask","floor":46,"gold_loss":0}],"is_beta":false,"boss_relics":[{"not_picked":["Pandora\u0027s Box","Cursed Key"],"picked":"Runic Cube"},{"not_picked":["White Beast Statue","Mark of Pain"],"picked":"Busted Crown"}],"items_purged_floors":[19,47],"is_endless":false,"potions_floor_spawned":[1,10,16,21,24,33,35,38,54],"killed_by":"The Heart","ascension_level":0}