{"gold_per_floor":[118,129,146,146,246,275,275,285,360,360,394,409,409,419,419,517,517,537,537,553,622,641,641,641,674,674,674,694,709,709],"floor_reached":30,"playtime":1786,"items_purged":[],"score":286,"play_id":"8f8c6789-e660-4d09-b97f-25c906683d19","local_time":"20190827224002","is_ascension_mode":true,"campfire_choices":[{"floor":7,"key":"REST"},{"floor":10,"key":"REST"},{"floor":15,"key":"REST"},{"floor":23,"key":"REST"},{"floor":27,"key":"REST"}],"neow_cost":"PERCENT_DAMAGE","seed_source_timestamp":79494939378100,"circlet_count":0,"master_deck":["Strike_R+1","Strike_R","Strike_R","Strike_R","Defend_R","Defend_R","Defend_R","Bash+1","Whirlwind","Rampage","Body Slam","Spot Weakness","Demon Form","Corruption","Heavy Blade","Warcry","Pummel","Shockwave","Barricade","Shockwave","Havoc+1","Shrug It Off","Pommel Strike+1","Shrug It Off+1","Armaments"],"relics":["Burning Blood","Charon\u0027s Ashes","Regal Pillow","Runic Dome","Nilry\u0027s Codex","Bottled Flame","Bottled Tornado","Potion Belt","Letter Opener"],"potions_floor_usage":[11,13,13],"damage_taken":[{"damage":11,"enemies":"Jaw Worm","floor":1,"turns":3},{"damage":1,"enemies":"Cultist","floor":2,"turns":3},{"damage":0,"enemies":"2 Louse","floor":3,"turns":1},{"damage":34,"enemies":"3 Sentries","floor":6,"turns":6},{"damage":15,"enemies":"Looter","floor":8,"turns":3},{"damage":32,"enemies":"Gremlin Nob","floor":11,"turns":4},{"damage":25,"enemies":"Exordium Thugs","floor":12,"turns":4},{"damage":0,"enemies":"3 Sentries","floor":13,"turns":1},{"damage":6,"enemies":"Exordium Wildlife","floor":14,"turns":3},{"damage":26,"enemies":"Slime Boss","floor":16,"turns":6},{"damage":18,"enemies":"2 Thieves","floor":18,"turns":3},{"damage":21,"enemies":"Shell Parasite","floor":20,"turns":5},{"damage":14,"enemies":"3 Cultists","floor":22,"turns":5},{"damage":55,"enemies":"Slavers","floor":25,"turns":5},{"damage":24,"enemies":"Shelled Parasite and Fungi","floor":28,"turns":4},{"damage":22,"enemies":"Snake Plant","floor":29,"turns":4},{"damage":28,"enemies":"Sentry and Sphere","floor":30,"turns":3}],"seed_played":"-5436268972172591119","potions_obtained":[{"floor":3,"key":"Energy Potion"},{"floor":6,"key":"SmokeBomb"},{"floor":12,"key":"BloodPotion"},{"floor":14,"key":"SpeedPotion"},{"floor":25,"key":"SpeedPotion"},{"floor":28,"key":"FearPotion"}],"is_trial":false,"path_per_floor":["M","M","M","?","?","E","R","M","T","R","E","M","E","M","R","B",null,"M","?","M","T","M","R","T","E","T","R","M","M","M"],"character_chosen":"IRONCLAD","items_purchased":[],"campfire_rested":5,"item_purchase_floors":[],"current_hp_per_floor":[51,56,62,46,46,18,42,33,33,57,31,12,38,38,77,57,80,68,52,37,37,29,68,68,19,19,58,40,24,0],"gold":709,"neow_bonus":"TRANSFORM_TWO_CARDS","is_prod":false,"is_daily":false,"chose_seed":false,"campfire_upgraded":0,"win_rate":0,"timestamp":1566963602,"path_taken":["M","M","M","?","?","E","R","?","T","R","E","M","E","M","R","BOSS","M","?","M","?","M","R","?","E","T","R","M","?","M"],"build_version":"2019-07-17","purchased_purges":0,"victory":false,"max_hp_per_floor":[80,80,80,80,80,80,80,80,80,80,80,80,80,80,80,80,80,80,80,80,80,80,80,80,80,80,80,80,80,80],"card_choices":[{"not_picked":["Thunderclap","Twin Strike"],"picked":"Body Slam","floor":1},{"not_picked":["Cleave","Headbutt"],"picked":"Spot Weakness","floor":2},{"not_picked":["Cleave","Wild Strike"],"picked":"Demon Form","floor":3},{"not_picked":["Havoc","Shrug It Off"],"picked":"Corruption","floor":6},{"not_picked":["Wild Strike","Corruption"],"picked":"Heavy Blade","floor":8},{"not_picked":["Clash","Body Slam"],"picked":"Warcry","floor":11},{"not_picked":["Fiend Fire","Clothesline"],"picked":"Pummel","floor":12},{"not_picked":["Clothesline","Headbutt"],"picked":"Shockwave","floor":14},{"not_picked":["Feed","Brutality"],"picked":"Barricade","floor":16},{"not_picked":["Body Slam","Wild Strike+1"],"picked":"Shockwave","floor":18},{"not_picked":["Cleave+1","Clash"],"picked":"Havoc+1","floor":20},{"not_picked":["Wild Strike","Sword Boomerang"],"picked":"Shrug It Off","floor":22},{"not_picked":["Reckless Charge","True Grit+1"],"picked":"Pommel Strike+1","floor":25},{"not_picked":["Corruption","Anger"],"picked":"Shrug It Off+1","floor":28},{"not_picked":["Twin Strike+1","Power Through"],"picked":"Armaments","floor":29}],"player_experience":225326,"relics_obtained":[{"floor":6,"key":"Charon\u0027s Ashes"},{"floor":11,"key":"Regal Pillow"},{"floor":19,"key":"Nilry\u0027s Codex"},{"floor":21,"key":"Bottled Flame"},{"floor":24,"key":"Bottled Tornado"},{"floor":25,"key":"Potion Belt"},{"floor":26,"key":"Letter Opener"}],"event_choices":[{"damage_healed":0,"gold_gain":0,"player_choice":"Entered Light","damage_taken":16,"max_hp_gain":0,"max_hp_loss":0,"event_name":"Shining Light","floor":4,"gold_loss":0,"cards_upgraded":["Bash","Strike_R"]},{"damage_healed":0,"gold_gain":100,"player_choice":"Pray","damage_taken":0,"max_hp_gain":0,"max_hp_loss":0,"event_name":"Golden Shrine","floor":5,"gold_loss":0},{"damage_healed":0,"gold_gain":0,"player_choice":"Obtained Book","damage_taken":16,"max_hp_gain":0,"max_hp_loss":0,"event_name":"Cursed Tome","floor":19,"gold_loss":0}],"is_beta":false,"boss_relics":[{"not_picked":["Lizard Tail","Coffee Dripper"],"picked":"Runic Dome"}],"items_purged_floors":[],"is_endless":false,"potions_floor_spawned":[3,6,12,13,14,25,28],"killed_by":"Sentry and Sphere","ascension_level":1}