{"gold_per_floor":[115,125,137,137,150,150,177,177,177,177,188,27,27,27,27,104,104,114,132,151,41,41,41],"floor_reached":23,"playtime":647,"items_purged":[],"score":344,"play_id":"1ebc21fc-d6a2-4963-80d8-bd5c0647cc59","local_time":"20190808012916","is_ascension_mode":true,"campfire_choices":[{"data":"Zap","floor":6,"key":"SMITH"},{"floor":8,"key":"REST"},{"data":"Dualcast","floor":10,"key":"SMITH"},{"data":"Defragment","floor":15,"key":"SMITH"}],"neow_cost":"CURSE","seed_source_timestamp":75472736568336,"circlet_count":0,"master_deck":["AscendersBane","Strike_B","Strike_B","Strike_B","Defend_B","Defend_B","Defend_B+1","Defend_B","Zap+1","Dualcast+1","Doubt","Chill","Compile Driver","White Noise","Ball Lightning","Recycle","Defragment+1","Fusion","Amplify","Self Repair+1","Leap+1","Coolheaded"],"relics":["Cracked Core","Pocketwatch","WarpedTongs","Regal Pillow","Blue Candle","Pen Nib","Cursed Key"],"potions_floor_usage":[16,20,20],"damage_taken":[{"damage":0,"enemies":"Small Slimes","floor":1,"turns":3},{"damage":8,"enemies":"Cultist","floor":2,"turns":4},{"damage":0,"enemies":"2 Louse","floor":3,"turns":2},{"damage":8,"enemies":"Exordium Thugs","floor":5,"turns":4},{"damage":24,"enemies":"Lagavulin","floor":7,"turns":6},{"damage":1,"enemies":"3 Louse","floor":11,"turns":3},{"damage":32,"enemies":"Hexaghost","floor":16,"turns":7},{"damage":23,"enemies":"3 Byrds","floor":18,"turns":5},{"damage":28,"enemies":"Shell Parasite","floor":19,"turns":5},{"damage":16,"enemies":"Snake Plant","floor":20,"turns":3},{"damage":9,"enemies":"Slavers","floor":23,"turns":1}],"seed_played":"1197157479347181143","potions_obtained":[{"floor":1,"key":"Strength Potion"},{"floor":2,"key":"Fire Potion"},{"floor":19,"key":"FearPotion"}],"is_trial":false,"path_per_floor":["M","M","M","?","M","R","E","R","T","R","M","$","?","$","R","B",null,"M","M","M","?","$","E"],"character_chosen":"DEFECT","items_purchased":["Pen Nib"],"campfire_rested":1,"item_purchase_floors":[12],"current_hp_per_floor":[64,56,56,56,48,48,24,60,60,60,59,59,59,59,59,27,60,37,19,3,3,3,0],"gold":41,"neow_bonus":"ONE_RARE_RELIC","is_prod":false,"is_daily":false,"chose_seed":false,"campfire_upgraded":3,"win_rate":0,"timestamp":1565191756,"path_taken":["M","M","M","?","?","R","E","R","T","R","M","$","?","?","R","BOSS","M","M","M","?","?","E"],"build_version":"2019-07-17","purchased_purges":0,"victory":false,"max_hp_per_floor":[71,71,71,71,71,71,71,71,71,71,71,71,71,71,71,71,71,71,71,71,71,71,71],"card_choices":[{"not_picked":["Lockon","Melter"],"picked":"Chill","floor":1},{"not_picked":["Barrage","Conserve Battery"],"picked":"Compile Driver","floor":2},{"not_picked":["Sweeping Beam","Cold Snap"],"picked":"White Noise","floor":3},{"not_picked":["Skim","Turbo"],"picked":"Ball Lightning","floor":5},{"not_picked":["Scrape","Capacitor"],"picked":"Recycle","floor":7},{"not_picked":["Fusion","Stack"],"picked":"Defragment","floor":11},{"not_picked":["Reboot","Multi-Cast"],"picked":"Amplify","floor":16},{"not_picked":["Go for the Eyes+1","Reprogram"],"picked":"Self Repair+1","floor":18},{"not_picked":["Skim","Conserve Battery"],"picked":"Leap+1","floor":19},{"not_picked":["Ball Lightning+1","Tempest"],"picked":"Coolheaded","floor":20}],"player_experience":1164021,"relics_obtained":[{"floor":7,"key":"Regal Pillow"},{"floor":9,"key":"Blue Candle"}],"event_choices":[{"damage_healed":0,"gold_gain":0,"player_choice":"Rummage","damage_taken":0,"relics_obtained":["WarpedTongs"],"max_hp_gain":0,"max_hp_loss":0,"event_name":"Accursed Blacksmith","floor":4,"gold_loss":0,"cards_obtained":["Pain"]},{"damage_healed":0,"gold_gain":0,"cards_transformed":["Strike_B"],"player_choice":"Transformed","damage_taken":0,"max_hp_gain":0,"max_hp_loss":0,"event_name":"Transmorgrifier","floor":13,"gold_loss":0,"cards_obtained":["Fusion"]},{"cards_removed":["Pain"],"damage_healed":0,"gold_gain":0,"player_choice":"Upgrade and Remove","damage_taken":0,"max_hp_gain":0,"max_hp_loss":0,"event_name":"Designer","floor":21,"gold_loss":110,"cards_upgraded":["Defend_B"]}],"is_beta":false,"boss_relics":[{"not_picked":["Snecko Eye","Fusion Hammer"],"picked":"Cursed Key"}],"items_purged_floors":[],"is_endless":false,"potions_floor_spawned":[1,2,7,19],"killed_by":"Slavers","ascension_level":16}