{"gold_per_floor":[118,130,130,150,163,163,176,176,228,242,277,277,277,288,288,384,384,399,417,198,214,214,214,232,232,232,244,244,244,254,254],"floor_reached":31,"playtime":1336,"items_purged":["Strike_B"],"score":386,"play_id":"3fd3f4da-93ea-4f86-a256-926d4000853b","local_time":"20181204125303","is_ascension_mode":true,"campfire_choices":[{"data":"Chaos","floor":6,"key":"SMITH"},{"data":"Recycle","floor":8,"key":"SMITH"},{"data":"Loop","floor":13,"key":"SMITH"},{"data":"Compile Driver","floor":15,"key":"SMITH"},{"data":"Fission","floor":23,"key":"SMITH"},{"floor":28,"key":"REST"}],"neow_cost":"NONE","seed_source_timestamp":41032808531339,"circlet_count":0,"master_deck":["AscendersBane","Strike_B","Strike_B","Strike_B","Defend_B","Defend_B","Defend_B","Defend_B","Zap","Dualcast","Amplify","Cold Snap+1","Doom and Gloom+1","Recycle+1","Chaos+1","Steam Power","Loop+1","Compile Driver+1","Seek","Go for the Eyes+1","Heatsinks","Defragment","Fission+1","Redo+1","Storm+1"],"relics":["Cracked Core","DataDisk","Pantograph","Orrery","Whetstone","Lantern"],"potions_floor_usage":[11,16,21,24,27,31],"damage_taken":[{"damage":4,"enemies":"Jaw Worm","floor":1,"turns":4},{"damage":4,"enemies":"2 Louse","floor":2,"turns":2},{"damage":5,"enemies":"Small Slimes","floor":4,"turns":2},{"damage":14,"enemies":"Blue Slaver","floor":5,"turns":4},{"damage":0,"enemies":"Lots of Slimes","floor":7,"turns":1},{"damage":1,"enemies":"3 Louse","floor":10,"turns":3},{"damage":2,"enemies":"3 Sentries","floor":11,"turns":6},{"damage":7,"enemies":"Looter","floor":14,"turns":3},{"damage":2,"enemies":"The Guardian","floor":16,"turns":8},{"damage":11,"enemies":"Shell Parasite","floor":18,"turns":4},{"damage":3,"enemies":"Chosen","floor":19,"turns":6},{"damage":40,"enemies":"Snecko","floor":21,"turns":5},{"damage":9,"enemies":"Cultist and Chosen","floor":24,"turns":9},{"damage":40,"enemies":"3 Cultists","floor":27,"turns":5},{"damage":34,"enemies":"Centurion and Healer","floor":30,"turns":6},{"damage":5,"enemies":"Snake Plant","floor":31,"turns":2}],"seed_played":"-555509505161411734","potions_obtained":[{"floor":7,"key":"GamblersBrew"},{"floor":10,"key":"Explosive Potion"},{"floor":16,"key":"FearPotion"},{"floor":18,"key":"FocusPotion"},{"floor":21,"key":"Regen Potion"},{"floor":24,"key":"FearPotion"}],"is_trial":false,"path_per_floor":["M","M","?","M","M","R","M","R","T","M","E","?","R","M","R","B",null,"M","M","$","M","?","R","M","?","T","M","R","?","M","M"],"character_chosen":"DEFECT","items_purchased":["Whetstone"],"campfire_rested":1,"item_purchase_floors":[20],"current_hp_per_floor":[64,60,60,55,41,41,41,41,41,40,38,43,43,36,36,59,75,64,61,61,21,21,21,27,53,53,13,37,37,3,0],"gold":254,"neow_bonus":"ONE_RANDOM_RARE_CARD","is_prod":false,"is_daily":false,"chose_seed":false,"campfire_upgraded":5,"win_rate":0,"timestamp":1543945983,"path_taken":["M","M","?","M","M","R","M","R","T","M","E","?","R","M","R","BOSS","M","M","$","M","?","R","M","?","T","?","R","?","?","M"],"build_version":"2018-11-15","purchased_purges":1,"victory":false,"max_hp_per_floor":[75,75,75,75,75,75,75,75,75,75,75,80,80,80,80,80,80,80,80,80,80,80,80,80,80,80,80,80,80,80,80],"card_choices":[{"not_picked":["Rebound","Blizzard"],"picked":"Cold Snap","floor":1},{"not_picked":["Streamline","Leap"],"picked":"Doom and Gloom","floor":2},{"not_picked":["Leap","Rebound"],"picked":"Recycle","floor":4},{"not_picked":["Cold Snap","Leap"],"picked":"Chaos","floor":5},{"not_picked":["Turbo","Steam","Beam Cell"],"picked":"SKIP","floor":7},{"not_picked":["Conserve Battery","Beam Cell"],"picked":"Steam Power","floor":10},{"not_picked":["Redo","Cold Snap"],"picked":"Loop","floor":11},{"not_picked":["Blizzard","Ball Lightning"],"picked":"Compile Driver","floor":14},{"not_picked":["Creative AI","Amplify"],"picked":"Seek","floor":16},{"not_picked":["Coolheaded","Compile Driver"],"picked":"Go for the Eyes","floor":17},{"not_picked":["Turbo","Skim"],"picked":"Heatsinks","floor":17},{"not_picked":["Chaos","Rebound"],"picked":"Defragment","floor":17},{"not_picked":["Gash","Leap"],"picked":"Fission","floor":18},{"not_picked":["Melter","Fusion"],"picked":"Redo+1","floor":19},{"not_picked":["Turbo","Sweeping Beam","Beam Cell"],"picked":"SKIP","floor":21},{"not_picked":["Recycle","FTL","Ball Lightning"],"picked":"SKIP","floor":24},{"not_picked":["Redo","Turbo"],"picked":"Storm","floor":27},{"not_picked":["Static Discharge","Turbo","Recycle"],"picked":"SKIP","floor":30}],"player_experience":802057,"relics_obtained":[{"floor":9,"key":"DataDisk"},{"floor":11,"key":"Pantograph"},{"floor":26,"key":"Lantern"}],"event_choices":[{"damage_healed":0,"gold_gain":0,"player_choice":"Grow","damage_taken":0,"max_hp_gain":0,"max_hp_loss":0,"event_name":"Living Wall","floor":3,"gold_loss":0,"cards_upgraded":["Doom and Gloom"]},{"damage_healed":0,"gold_gain":0,"player_choice":"Donut","damage_taken":0,"max_hp_gain":5,"max_hp_loss":0,"event_name":"Big Fish","floor":12,"gold_loss":0},{"damage_healed":0,"gold_gain":0,"player_choice":"Ignored","damage_taken":0,"max_hp_gain":0,"max_hp_loss":0,"event_name":"Cursed Tome","floor":22,"gold_loss":0},{"damage_healed":26,"gold_gain":0,"player_choice":"Heal","damage_taken":0,"max_hp_gain":0,"max_hp_loss":0,"event_name":"The Library","floor":25,"gold_loss":0},{"damage_healed":0,"gold_gain":0,"player_choice":"Forge","damage_taken":0,"max_hp_gain":0,"max_hp_loss":0,"event_name":"Accursed Blacksmith","floor":29,"gold_loss":0,"cards_upgraded":["Storm"]}],"is_beta":false,"boss_relics":[{"not_picked":["Black Star","Velvet Choker"],"picked":"Orrery"}],"items_purged_floors":[20],"is_endless":false,"potions_floor_spawned":[7,10,16,18,21,24],"killed_by":"Snake Plant","ascension_level":12}