{"gold_per_floor":[210,229,71,87,98,98,116,131,131,131,131,166,3,17,17,17],"floor_reached":16,"playtime":1099,"items_purged":[],"score":198,"play_id":"78bb617e-481c-4359-ba31-4632ce30b3af","local_time":"20181229013612","is_ascension_mode":true,"campfire_choices":[{"data":"Cloak And Dagger","floor":6,"key":"SMITH"},{"floor":10,"key":"REST"},{"data":"Cloak And Dagger","floor":15,"key":"SMITH"}],"neow_cost":"NONE","seed_source_timestamp":691778845528470,"circlet_count":0,"master_deck":["AscendersBane","Defend_G","Defend_G","Defend_G","Defend_G","Defend_G","Strike_G","Strike_G","Strike_G","Strike_G","Strike_G","Survivor","Neutralize","Calculated Gamble","Cloak And Dagger+1","Finisher","Well Laid Plans","Infinite Blades","Backflip","Cloak And Dagger+1","Dagger Throw","Backstab"],"relics":["Ring of the Snake","Ancient Tea Set","Calipers","Omamori"],"potions_floor_usage":[5,7,16],"damage_taken":[{"damage":2,"enemies":"Jaw Worm","floor":1,"turns":5},{"damage":1,"enemies":"Cultist","floor":2,"turns":4},{"damage":0,"enemies":"Small Slimes","floor":4,"turns":3},{"damage":4,"enemies":"Exordium Wildlife","floor":5,"turns":5},{"damage":34,"enemies":"Exordium Thugs","floor":7,"turns":5},{"damage":2,"enemies":"Blue Slaver","floor":8,"turns":4},{"damage":15,"enemies":"3 Sentries","floor":12,"turns":7},{"damage":0,"enemies":"Gremlin Gang","floor":14,"turns":3},{"damage":33,"enemies":"Hexaghost","floor":16,"turns":11}],"seed_played":"-5838494886261130522","potions_obtained":[{"floor":2,"key":"PowerPotion"},{"floor":4,"key":"AttackPotion"},{"floor":12,"key":"FairyPotion"},{"floor":14,"key":"GhostInAJar"}],"is_trial":false,"path_per_floor":["M","M","$","M","M","R","M","M","T","R","?","E","$","M","R","B"],"character_chosen":"THE_SILENT","items_purchased":["Finisher","Well Laid Plans","Omamori"],"campfire_rested":1,"item_purchase_floors":[3,3,13],"current_hp_per_floor":[57,56,56,56,52,52,18,16,16,35,35,20,20,20,20,0],"gold":17,"neow_bonus":"HUNDRED_GOLD","is_prod":false,"is_daily":false,"chose_seed":false,"campfire_upgraded":2,"win_rate":0,"timestamp":1546065372,"path_taken":["M","M","$","M","M","R","M","M","T","R","?","E","?","?","R","BOSS"],"build_version":"2018-12-20","purchased_purges":0,"victory":false,"max_hp_per_floor":[66,66,66,66,66,66,66,66,66,66,66,66,66,66,66,66],"card_choices":[{"not_picked":["Bane","Blade Dance"],"picked":"Calculated Gamble","floor":1},{"not_picked":["Dagger Throw","Calculated Gamble"],"picked":"Cloak And Dagger","floor":2},{"not_picked":["PiercingWail","Blur"],"picked":"Infinite Blades","floor":4},{"not_picked":["Prepared","Poisoned Stab"],"picked":"Backflip","floor":5},{"not_picked":["Bane","Terror"],"picked":"Cloak And Dagger","floor":7},{"not_picked":["Prepared","All Out Attack"],"picked":"Dagger Throw","floor":8},{"not_picked":["Expertise","Dagger Spray"],"picked":"Backstab","floor":12},{"not_picked":["Night Terror","Predator","Slice"],"picked":"SKIP","floor":14}],"player_experience":1079557,"relics_obtained":[{"floor":9,"key":"Ancient Tea Set"},{"floor":12,"key":"Calipers"}],"event_choices":[{"damage_healed":0,"gold_gain":0,"player_choice":"Ignored","damage_taken":0,"max_hp_gain":0,"max_hp_loss":0,"event_name":"Liars Game","floor":11,"gold_loss":0}],"is_beta":false,"boss_relics":[],"items_purged_floors":[],"is_endless":false,"potions_floor_spawned":[2,4,12,14],"killed_by":"Hexaghost","ascension_level":18}