{"gold_per_floor":[10,185,135,5,21,21,35,35,35,35,62,62,73,73,73,175,175,194,211,211,225,4,4],"floor_reached":23,"playtime":784,"items_purged":["Regret"],"score":249,"play_id":"d06bb001-b09e-4b0a-94e3-a3b180e67ed3","local_time":"20190516223201","is_ascension_mode":true,"campfire_choices":[{"data":"Bash","floor":6,"key":"SMITH"},{"data":"Heavy Blade","floor":8,"key":"SMITH"},{"data":"Wild Strike","floor":10,"key":"SMITH"},{"data":"Battle Trance","floor":15,"key":"SMITH"}],"neow_cost":"NO_GOLD","seed_source_timestamp":4865526431837,"circlet_count":0,"master_deck":["Strike_R","Strike_R","Strike_R","Defend_R","Defend_R","Defend_R","Defend_R","Bash+1","Heavy Blade+1","Wild Strike+1","Battle Trance","Battle Trance+1","Thunderclap","Dropkick","Demon Form","Flex","Uppercut","Blood for Blood","Clothesline","Anger","Seeing Red","Inflame"],"relics":["Burning Blood","Matryoshka","Odd Mushroom","Gremlin Horn","Pen Nib","Omamori","Sozu"],"potions_floor_usage":[11,16],"damage_taken":[{"damage":4,"enemies":"Jaw Worm","floor":1,"turns":4},{"damage":6,"enemies":"2 Louse","floor":5,"turns":2},{"damage":0,"enemies":"Small Slimes","floor":7,"turns":2},{"damage":9,"enemies":"The Mushroom Lair","floor":11,"turns":2},{"damage":5,"enemies":"2 Fungi Beasts","floor":13,"turns":2},{"damage":9,"enemies":"Slime Boss","floor":16,"turns":7},{"damage":35,"enemies":"Chosen","floor":18,"turns":5},{"damage":25,"enemies":"Spheric Guardian","floor":19,"turns":4},{"damage":27,"enemies":"Cultist and Chosen","floor":21,"turns":5},{"damage":37,"enemies":"Gremlin Leader","floor":23,"turns":4}],"seed_played":"339365046311430173","potions_obtained":[{"floor":7,"key":"AttackPotion"},{"floor":11,"key":"Energy Potion"}],"is_trial":false,"path_per_floor":["M","?","?","$","M","R","M","R","T","R","?","?","M","T","R","B",null,"M","M","?","M","$","E"],"character_chosen":"IRONCLAD","items_purchased":["Wild Strike","Battle Trance","Seeing Red","Inflame"],"campfire_rested":0,"item_purchase_floors":[4,4,22,22],"current_hp_per_floor":[96,96,96,96,96,96,96,96,96,96,93,93,94,94,94,91,95,66,47,47,26,26,0],"gold":4,"neow_bonus":"TWENTY_PERCENT_HP_BONUS","is_prod":false,"is_daily":false,"chose_seed":false,"campfire_upgraded":4,"win_rate":0,"timestamp":1558009921,"path_taken":["M","?","?","$","M","R","M","R","T","R","?","?","M","?","R","BOSS","M","M","?","M","$","E"],"build_version":"2019-01-23","purchased_purges":1,"victory":false,"max_hp_per_floor":[96,96,96,96,96,96,96,96,96,96,96,96,96,96,96,96,96,96,96,96,96,96,96],"card_choices":[{"not_picked":["Havoc","Anger"],"picked":"Heavy Blade","floor":1},{"not_picked":["Headbutt","Sword Boomerang"],"picked":"Battle Trance","floor":5},{"not_picked":["Armaments","Intimidate"],"picked":"Thunderclap","floor":7},{"not_picked":["Evolve","Havoc"],"picked":"Dropkick","floor":11},{"not_picked":["Sword Boomerang","Clash","Thunderclap"],"picked":"SKIP","floor":13},{"not_picked":["Berserk","Double Tap"],"picked":"Demon Form","floor":16},{"not_picked":["Havoc+1","Feel No Pain"],"picked":"Flex","floor":18},{"not_picked":["Dual Wield","Rupture+1"],"picked":"Uppercut","floor":19},{"not_picked":["Intimidate","Searing Blow+1"],"picked":"Anger","floor":21}],"player_experience":627937,"relics_obtained":[{"floor":9,"key":"Matryoshka"},{"floor":11,"key":"Odd Mushroom"},{"floor":14,"key":"Pen Nib"},{"floor":14,"key":"Omamori"}],"event_choices":[{"damage_healed":0,"gold_gain":175,"player_choice":"AGREE","damage_taken":0,"max_hp_gain":0,"max_hp_loss":0,"event_name":"Liars Game","floor":2,"gold_loss":0,"cards_obtained":["Doubt"]},{"cards_removed":["Doubt"],"damage_healed":0,"gold_gain":0,"player_choice":"Card Removal","damage_taken":0,"max_hp_gain":0,"max_hp_loss":0,"event_name":"The Cleric","floor":3,"gold_loss":50},{"damage_healed":0,"gold_gain":0,"player_choice":"Fought Mushrooms","damage_taken":0,"max_hp_gain":0,"max_hp_loss":0,"event_name":"Mushrooms","floor":11,"gold_loss":0},{"damage_healed":0,"gold_gain":0,"player_choice":"Box","damage_taken":0,"relics_obtained":["Gremlin Horn"],"max_hp_gain":0,"max_hp_loss":0,"event_name":"Big Fish","floor":12,"gold_loss":0,"cards_obtained":["Regret"]},{"damage_healed":0,"gold_gain":0,"cards_transformed":["Strike_R","Strike_R"],"player_choice":"Became Test Subject","damage_taken":0,"max_hp_gain":0,"max_hp_loss":0,"event_name":"Drug Dealer","floor":20,"gold_loss":0,"cards_obtained":["Blood for Blood","Clothesline"]}],"is_beta":false,"boss_relics":[{"not_picked":["Calling Bell","White Beast Statue"],"picked":"Sozu"}],"items_purged_floors":[22],"is_endless":false,"potions_floor_spawned":[7,11,19,21],"killed_by":"Gremlin Leader","ascension_level":5}