{"gold_per_floor":[17,17,28,28,38,71,71,103,126,138,138,153,170,185,185,286,286,305,321,21,32,32],"floor_reached":22,"playtime":1240,"items_purged":[],"score":260,"play_id":"5f3c1f61-6158-4f1a-b2fd-42eaefac113d","local_time":"20190520172914","is_ascension_mode":true,"campfire_choices":[{"floor":7,"key":"REST"},{"data":"Neutralize","floor":11,"key":"SMITH"},{"floor":15,"key":"REST"}],"neow_cost":"NO_GOLD","seed_source_timestamp":3417579767800,"circlet_count":0,"master_deck":["Defend_G","Defend_G","Defend_G","Defend_G","Defend_G","Strike_G","Strike_G","Strike_G","Strike_G","Survivor","Neutralize+1","Quick Slash","Cloak And Dagger","All Out Attack","Accuracy","Dagger Spray","Acrobatics","Deadly Poison","Poisoned Stab","Flying Knee","Blade Dance","After Image","Prepared+1","Cloak And Dagger+1","Noxious Fumes"],"relics":["Ring of the Snake","Pocketwatch","CultistMask","Vajra","Pen Nib","Bag of Preparation","Cursed Key","StoneCalendar"],"potions_floor_usage":[6,13,16,18],"damage_taken":[{"damage":4,"enemies":"Small Slimes","floor":1,"turns":3},{"damage":0,"enemies":"Jaw Worm","floor":3,"turns":3},{"damage":0,"enemies":"Cultist","floor":5,"turns":3},{"damage":24,"enemies":"Gremlin Nob","floor":6,"turns":5},{"damage":11,"enemies":"3 Sentries","floor":8,"turns":5},{"damage":0,"enemies":"3 Louse","floor":10,"turns":2},{"damage":0,"enemies":"Large Slime","floor":12,"turns":4},{"damage":29,"enemies":"Exordium Thugs","floor":13,"turns":4},{"damage":0,"enemies":"2 Fungi Beasts","floor":14,"turns":2},{"damage":14,"enemies":"The Guardian","floor":16,"turns":11},{"damage":6,"enemies":"2 Thieves","floor":18,"turns":3},{"damage":2,"enemies":"Chosen","floor":19,"turns":5},{"damage":29,"enemies":"Snake Plant","floor":21,"turns":5},{"damage":25,"enemies":"Sentry and Sphere","floor":22,"turns":3}],"seed_played":"6820279238216519249","potions_obtained":[{"floor":5,"key":"PowerPotion"},{"floor":8,"key":"GamblersBrew"},{"floor":13,"key":"Block Potion"},{"floor":14,"key":"SteroidPotion"},{"floor":16,"key":"EssenceOfSteel"},{"floor":18,"key":"GamblersBrew"},{"floor":21,"key":"EssenceOfSteel"}],"is_trial":false,"path_per_floor":["M","?","M","?","M","E","R","E","T","M","R","M","M","M","R","B",null,"M","M","$","M","M"],"character_chosen":"THE_SILENT","items_purchased":["StoneCalendar"],"campfire_rested":2,"item_purchase_floors":[20],"current_hp_per_floor":[59,59,59,59,59,35,56,45,45,45,45,45,16,16,37,23,58,52,50,50,21,0],"gold":32,"neow_bonus":"ONE_RARE_RELIC","is_prod":false,"is_daily":false,"chose_seed":false,"campfire_upgraded":1,"win_rate":0,"timestamp":1558337354,"path_taken":["M","?","M","?","M","E","R","E","T","M","R","M","M","M","R","BOSS","M","M","$","M","M"],"build_version":"2019-01-23","purchased_purges":0,"victory":false,"max_hp_per_floor":[70,70,70,70,70,70,70,70,70,70,70,70,70,70,70,70,70,70,70,70,70,70],"card_choices":[{"not_picked":["Infinite Blades","Blur"],"picked":"Quick Slash","floor":1},{"not_picked":["Cloak And Dagger","Outmaneuver"],"picked":"All Out Attack","floor":3},{"not_picked":["Blur","Blade Dance"],"picked":"Accuracy","floor":5},{"not_picked":["Deflect","Backflip"],"picked":"Dagger Spray","floor":6},{"not_picked":["Setup","Reflex"],"picked":"Acrobatics","floor":8},{"not_picked":["Accuracy","Terror"],"picked":"Deadly Poison","floor":10},{"not_picked":["Infinite Blades","Riddle With Holes"],"picked":"Poisoned Stab","floor":12},{"not_picked":["Slice","Poisoned Stab"],"picked":"Flying Knee","floor":13},{"not_picked":["Quick Slash","Deadly Poison"],"picked":"Blade Dance","floor":14},{"not_picked":["Die Die Die","Venomology"],"picked":"After Image","floor":16},{"not_picked":["Slice+1","Tactician+1"],"picked":"Prepared+1","floor":18},{"not_picked":["Dagger Throw","Deadly Poison"],"picked":"Cloak And Dagger+1","floor":19},{"not_picked":["Acrobatics","Blur+1"],"picked":"Noxious Fumes","floor":21}],"player_experience":684726,"relics_obtained":[{"floor":6,"key":"Vajra"},{"floor":8,"key":"Pen Nib"},{"floor":9,"key":"Bag of Preparation"}],"event_choices":[{"damage_healed":0,"gold_gain":0,"cards_transformed":["Strike_G"],"player_choice":"Change","damage_taken":0,"max_hp_gain":0,"max_hp_loss":0,"event_name":"Living Wall","floor":2,"gold_loss":0,"cards_obtained":["Cloak And Dagger"]},{"damage_healed":0,"gold_gain":0,"player_choice":"Trade","damage_taken":0,"relics_obtained":["CultistMask"],"max_hp_gain":0,"max_hp_loss":0,"event_name":"FaceTrader","floor":4,"gold_loss":0}],"is_beta":false,"boss_relics":[{"not_picked":["Velvet Choker","Philosopher\u0027s Stone"],"picked":"Cursed Key"}],"items_purged_floors":[],"is_endless":false,"potions_floor_spawned":[5,8,13,14,16,18,21],"killed_by":"Sentry and Sphere","ascension_level":6}