{"gold_per_floor":[110,110,110,126,145,159,159,159,233,262,262,272,333,351,351,450,450,461,474,399,411,425,425,454,454,454,454,469,469,43,77,77,181,181,199,199,299,319,334,33,33,133,159,159,159,176,176,196,196,196],"floor_reached":51,"playtime":5788,"items_purged":[],"score":712,"play_id":"93760c89-62ac-4338-969a-a2bd138352d2","local_time":"20190727005855","is_ascension_mode":false,"campfire_choices":[{"floor":7.0,"key":"REST"},{"floor":11.0,"key":"REST"},{"floor":15.0,"key":"REST"},{"floor":23,"key":"REST"},{"floor":25,"key":"REST"},{"floor":29,"key":"REST"},{"floor":32,"key":"REST"},{"data":"1","floor":41,"key":"LIFT"},{"data":"2","floor":47,"key":"LIFT"},{"data":"3","floor":49,"key":"LIFT"}],"neow_cost":"NONE","seed_source_timestamp":0,"circlet_count":0,"master_deck":["Strike_B","Strike_B","Strike_B","Defend_B","Defend_B","Defend_B","Zap","Conserve Battery","Iron Wave","Conserve Battery","Stack","Go for the Eyes","FTL","Coolheaded","Self Repair","Streamline","Buffer","Sweeping Beam","Go for the Eyes+1","Chaos+1","Leap","Leap","Defragment","Go for the Eyes","Conserve Battery+1","Conserve Battery+1","Defragment","Rebound+1","Bandage Up"],"special_seed":0,"relics":["Fusion Hammer","Potion Belt","Mercury Hourglass","Pear","Lantern","Black Star","Dodecahedron","Anchor","Question Card","MutagenicStrength","Letter Opener","Art of War","Bag of Marbles","Shuriken","White Beast Statue","Girya","FossilizedHelix","Oddly Smooth Stone"],"potions_floor_usage":[33,33,33,38,39,50,50,50,50],"damage_taken":[{"damage":0.0,"enemies":"Small Slimes","floor":1.0,"turns":4.0},{"damage":5.0,"enemies":"Jaw Worm","floor":4.0,"turns":5.0},{"damage":0.0,"enemies":"Cultist","floor":5.0,"turns":4.0},{"damage":0.0,"enemies":"Looter","floor":6.0,"turns":4.0},{"damage":4.0,"enemies":"3 Sentries","floor":10.0,"turns":7.0},{"damage":3.0,"enemies":"Large Slime","floor":12.0,"turns":6.0},{"damage":15.0,"enemies":"3 Sentries","floor":13.0,"turns":6.0},{"damage":0.0,"enemies":"Blue Slaver","floor":14.0,"turns":3.0},{"damage":19.0,"enemies":"Slime Boss","floor":16.0,"turns":11.0},{"damage":10.0,"enemies":"Shell Parasite","floor":18.0,"turns":7.0},{"damage":5.0,"enemies":"2 Thieves","floor":19.0,"turns":5.0},{"damage":5.0,"enemies":"Snecko","floor":21.0,"turns":6.0},{"damage":17,"enemies":"Snake Plant","floor":22,"turns":5},{"damage":25,"enemies":"Book of Stabbing","floor":24,"turns":8},{"damage":10,"enemies":"Centurion and Healer","floor":28,"turns":10},{"damage":18,"enemies":"Slavers","floor":31,"turns":7},{"damage":21,"enemies":"Automaton","floor":33,"turns":11},{"damage":7,"enemies":"3 Darklings","floor":35,"turns":6},{"damage":0,"enemies":"3 Shapes","floor":38,"turns":4},{"damage":1,"enemies":"Spire Growth","floor":39,"turns":6},{"damage":9,"enemies":"Mind Bloom Boss Battle","floor":42,"turns":8},{"damage":0,"enemies":"3 Darklings","floor":46,"turns":7},{"damage":0,"enemies":"Sphere and 2 Shapes","floor":48,"turns":6},{"damage":23,"enemies":"Time Eater","floor":50,"turns":17}],"seed_played":"-6605647221004691443","potions_obtained":[{"floor":1.0,"key":"Swift Potion"},{"floor":6.0,"key":"SteroidPotion"},{"floor":13.0,"key":"PowerPotion"},{"floor":16.0,"key":"Fire Potion"},{"floor":19.0,"key":"AttackPotion"},{"floor":24,"key":"EssenceOfSteel"},{"floor":31,"key":"Swift Potion"},{"floor":35,"key":"Poison Potion"},{"floor":38,"key":"Weak Potion"},{"floor":39,"key":"Weak Potion"},{"floor":42,"key":"Poison Potion"},{"floor":46,"key":"FearPotion"},{"floor":48,"key":"Dexterity Potion"}],"is_trial":false,"path_per_floor":["M","?","?","M","M","M","R","?","T","E","R","M","?","M","R","B",null,"M","M","?","M","M","R","E","R","T","?","M","R","$","E","R","B",null,"M","?","?","M","M","$","R","?","T","?","?","M","R","M","R","B",null],"character_chosen":"DEFECT","items_purchased":["Letter Opener","Art of War","Go for the Eyes","Girya"],"campfire_rested":7,"item_purchase_floors":[30,30,30,40],"current_hp_per_floor":[75,80,80,75,75,75,80,62,62,68,90,87,72,79,90,78,90,87,89,89,90,80,90,72,90,90,90,87,90,90,79,90,76,90,90,90,90,90,90,90,90,88,88,88,88,90,90,90,90,78],"gold":196,"neow_bonus":"BOSS_RELIC","is_prod":false,"is_daily":false,"chose_seed":false,"campfire_upgraded":0,"win_rate":0.0,"timestamp":1564185535,"path_taken":["M","?","?","M","M","?","R","?","T","E","R","M","?","M","R","BOSS","M","M","?","M","M","R","E","R","T","?","M","R","$","E","R","BOSS","M","?","?","?","M","$","R","?","T","?","?","?","R","M","R","BOSS"],"build_version":"2019-07-17","purchased_purges":0,"victory":true,"max_hp_per_floor":[75,80,80,80,80,80,80,80,80,90,90,90,90,90,90,90,90,90,90,90,90,90,90,90,90,90,90,90,90,90,90,90,90,90,90,90,90,90,90,90,90,90,90,90,90,90,90,90,90,90],"card_choices":[{"not_picked":["BootSequence","Turbo"],"picked":"Conserve Battery","floor":1.0},{"not_picked":["Chill","Capacitor"],"picked":"Conserve Battery","floor":4.0},{"not_picked":["Hologram","Double Energy"],"picked":"Stack","floor":5.0},{"not_picked":["Ball Lightning","Static Discharge"],"picked":"Go for the Eyes","floor":6.0},{"not_picked":["Coolheaded","Defragment"],"picked":"FTL","floor":10.0},{"not_picked":["Redo","Reinforced Body"],"picked":"Coolheaded","floor":12.0},{"not_picked":["Aggregate","Gash"],"picked":"Self Repair","floor":13.0},{"not_picked":["Fission","Beam Cell"],"picked":"Streamline","floor":14.0},{"not_picked":["Meteor Strike","Biased Cognition"],"picked":"Buffer","floor":16.0},{"not_picked":["Genetic Algorithm","Reinforced Body"],"picked":"Sweeping Beam","floor":18.0},{"not_picked":["Ball Lightning","Steam"],"picked":"Go for the Eyes+1","floor":19.0},{"not_picked":["Consume","BootSequence"],"picked":"Chaos+1","floor":21.0},{"not_picked":["Consume+1","Cold Snap"],"picked":"Leap","floor":22},{"not_picked":["Creative AI","Redo"],"picked":"Leap","floor":24},{"not_picked":["Hello World","Conserve Battery+1","Auto Shields"],"picked":"Defragment","floor":28},{"not_picked":["Stack","Sweeping Beam","Streamline"],"picked":"Conserve Battery+1","floor":31},{"not_picked":["Cold Snap","Steam","Ball Lightning","Beam Cell"],"picked":"SKIP","floor":35},{"not_picked":["Compile Driver","Ball Lightning+1","BootSequence"],"picked":"Conserve Battery+1","floor":38},{"not_picked":["Gash+1","Hologram+1","Core Surge"],"picked":"Defragment","floor":39},{"not_picked":["Aggregate","White Noise+1","Streamline"],"picked":"Rebound+1","floor":42},{"not_picked":["Sadistic Nature","PanicButton","Trip"],"picked":"Bandage Up","floor":44},{"not_picked":["Barrage+1","Coolheaded","Gash","Lockon+1"],"picked":"SKIP","floor":46},{"not_picked":["Ball Lightning","Hologram","Aggregate+1","Amplify"],"picked":"SKIP","floor":48}],"player_experience":82951,"relics_obtained":[{"floor":9.0,"key":"Mercury Hourglass"},{"floor":10.0,"key":"Pear"},{"floor":13.0,"key":"Lantern"},{"floor":24,"key":"Dodecahedron"},{"floor":24,"key":"Anchor"},{"floor":26,"key":"Question Card"},{"floor":31,"key":"Bag of Marbles"},{"floor":31,"key":"Shuriken"},{"floor":42,"key":"FossilizedHelix"},{"floor":43,"key":"Oddly Smooth Stone"}],"event_choices":[{"damage_healed":0.0,"max_hp_gain":5.0,"max_hp_loss":0.0,"gold_gain":0.0,"event_name":"Big Fish","player_choice":"Donut","floor":2.0,"gold_loss":0.0,"damage_taken":0.0},{"cards_removed":["Dualcast"],"damage_healed":0.0,"max_hp_gain":0.0,"max_hp_loss":0.0,"gold_gain":0.0,"event_name":"NoteForYourself","player_choice":"Took Card","floor":3.0,"gold_loss":0.0,"damage_taken":0.0,"cards_obtained":["Iron Wave"]},{"damage_healed":0.0,"max_hp_gain":0.0,"max_hp_loss":0.0,"gold_gain":0.0,"event_name":"Scrap Ooze","player_choice":"Success","floor":8.0,"gold_loss":0.0,"damage_taken":18.0,"relics_obtained":["Potion Belt"]},{"damage_healed":0.0,"max_hp_gain":0.0,"max_hp_loss":0.0,"gold_gain":0.0,"event_name":"Dead Adventurer","player_choice":"Searched \u00271\u0027 times","floor":13.0,"gold_loss":0.0,"damage_taken":0.0},{"cards_removed":["Strike_B"],"damage_healed":0.0,"max_hp_gain":0.0,"max_hp_loss":0.0,"gold_gain":0.0,"event_name":"Beggar","player_choice":"Gave Gold","floor":20.0,"gold_loss":75.0,"damage_taken":0.0},{"damage_healed":0,"gold_gain":0,"player_choice":"Inject Mutagens","damage_taken":0,"relics_obtained":["MutagenicStrength"],"max_hp_gain":0,"max_hp_loss":0,"event_name":"Drug Dealer","floor":27,"gold_loss":0},{"cards_removed":["Defend_B"],"damage_healed":0,"gold_gain":0,"player_choice":"Removed Skill","damage_taken":0,"max_hp_gain":0,"max_hp_loss":0,"event_name":"Falling","floor":36,"gold_loss":0},{"damage_healed":0,"gold_gain":100,"player_choice":"Pray","damage_taken":0,"max_hp_gain":0,"max_hp_loss":0,"event_name":"Golden Shrine","floor":37,"gold_loss":0},{"damage_healed":0,"gold_gain":0,"player_choice":"Fight","damage_taken":0,"max_hp_gain":0,"max_hp_loss":0,"event_name":"MindBloom","floor":42,"gold_loss":0},{"damage_healed":0,"gold_gain":0,"player_choice":"Memory 1","damage_taken":0,"max_hp_gain":0,"max_hp_loss":0,"event_name":"SensoryStone","floor":44,"gold_loss":0},{"damage_healed":0,"gold_gain":0,"player_choice":"Ignored","damage_taken":0,"max_hp_gain":0,"max_hp_loss":0,"event_name":"Mysterious Sphere","floor":45,"gold_loss":0}],"is_beta":false,"boss_relics":[{"not_picked":["Busted Crown","Ectoplasm"],"picked":"Black Star"},{"not_picked":["Pandora\u0027s Box","Orrery"],"picked":"White Beast Statue"}],"items_purged_floors":[],"is_endless":false,"potions_floor_spawned":[1,6,13,16,19,24,31,35,38,39,42,46,48],"ascension_level":0}