{"gold_per_floor":[118,118,136,151,151,183,183,197,223,223,258,258,270,28,28,125,125,137,152,44,44,9,9,9,9,9,20,37,37,136,156,156,156],"floor_reached":33,"playtime":900,"items_purged":["Regret"],"score":344,"play_id":"4439ed24-b733-4c9f-a1f7-8401a48f1299","local_time":"20190529145437","is_ascension_mode":true,"campfire_choices":[{"floor":7.0,"key":"REST"},{"floor":10.0,"key":"REST"},{"data":"Pommel Strike","floor":12.0,"key":"SMITH"},{"floor":15.0,"key":"REST"},{"data":"Seeing Red","floor":23.0,"key":"SMITH"},{"floor":29.0,"key":"REST"},{"floor":32.0,"key":"REST"}],"neow_cost":"CURSE","seed_source_timestamp":0,"circlet_count":0,"master_deck":["Strike_R","Strike_R","Strike_R","Strike_R","Strike_R","Defend_R","Defend_R","Defend_R","Defend_R","Bash+1","Shame","Limit Break","Sever Soul","Disarm+1","Pommel Strike+1","Power Through","Headbutt","Heavy Blade","Shrug It Off","Inflame","Sword Boomerang","Demon Form","Sever Soul+1","Rampage+1","Shockwave","Seeing Red+1","Parasite","Second Wind+1","Evolve","Warcry+1"],"special_seed":0,"relics":["Burning Blood","Potion Belt","Strawberry","Red Skull","Art of War","Regal Pillow","Cursed Key","Bronze Scales"],"potions_floor_usage":[],"damage_taken":[{"damage":20.0,"enemies":"Jaw Worm","floor":1.0,"turns":4.0},{"damage":12.0,"enemies":"Small Slimes","floor":3.0,"turns":4.0},{"damage":12.0,"enemies":"2 Louse","floor":4.0,"turns":3.0},{"damage":29.0,"enemies":"Gremlin Nob","floor":6.0,"turns":4.0},{"damage":13.0,"enemies":"Looter","floor":8.0,"turns":4.0},{"damage":27.0,"enemies":"Lagavulin","floor":11.0,"turns":5.0},{"damage":19.0,"enemies":"3 Louse","floor":13.0,"turns":3.0},{"damage":26.0,"enemies":"Hexaghost","floor":16.0,"turns":10.0},{"damage":7.0,"enemies":"Chosen","floor":18.0,"turns":4.0},{"damage":15.0,"enemies":"Spheric Guardian","floor":19.0,"turns":3.0},{"damage":40.0,"enemies":"Colosseum Slavers","floor":24.0,"turns":5.0},{"damage":24.0,"enemies":"Shelled Parasite and Fungi","floor":27.0,"turns":4.0},{"damage":0.0,"enemies":"Centurion and Healer","floor":28.0,"turns":5.0},{"damage":30.0,"enemies":"Snecko","floor":31.0,"turns":5.0},{"damage":101,"enemies":"Collector","floor":33,"turns":5}],"seed_played":"-8967284087167973887","potions_obtained":[{"floor":6.0,"key":"Poison Potion"},{"floor":11.0,"key":"Weak Potion"},{"floor":13.0,"key":"EssenceOfSteel"},{"floor":16.0,"key":"Explosive Potion"},{"floor":27.0,"key":"Weak Potion"}],"is_trial":false,"path_per_floor":["M","?","M","M","?","E","R","M","T","R","E","R","M","$","R","B",null,"M","M","$","?","$","R","?","?","T","M","M","R","?","M","R","B"],"character_chosen":"IRONCLAD","items_purchased":["Regal Pillow","Inflame","Sword Boomerang","Shockwave","Seeing Red"],"campfire_rested":5,"item_purchase_floors":[14,14,14,20,22],"current_hp_per_floor":[58,58,52,46,30,14,40,33,33,59,38,38,25,25,66,46,77,76,67,67,67,67,67,33,33,33,15,21,62,62,38,79,0],"gold":156,"neow_bonus":"THREE_RARE_CARDS","is_prod":false,"is_daily":false,"chose_seed":false,"campfire_upgraded":2,"win_rate":0,"timestamp":1559105677,"path_taken":["M","?","M","M","?","E","R","M","T","R","E","R","M","$","R","BOSS","M","M","$","?","?","R","?","?","T","M","M","R","?","M","R","BOSS"],"build_version":"2019-01-23","purchased_purges":1,"victory":false,"max_hp_per_floor":[80,80,80,80,80,87,87,87,87,87,87,87,87,87,87,87,87,87,87,87,87,87,87,87,87,87,87,87,87,87,87,87,87],"card_choices":[{"not_picked":["Fiend Fire","Dark Embrace"],"picked":"Limit Break","floor":0.0},{"not_picked":["Warcry","Clothesline"],"picked":"Sever Soul","floor":1.0},{"not_picked":["Warcry","Body Slam"],"picked":"Disarm","floor":3.0},{"not_picked":["Rage","True Grit"],"picked":"Pommel Strike","floor":4.0},{"not_picked":["Battle Trance","Headbutt"],"picked":"Power Through","floor":6.0},{"not_picked":["Warcry","Berserk"],"picked":"Headbutt","floor":8.0},{"not_picked":["Armaments","Evolve"],"picked":"Heavy Blade","floor":11.0},{"not_picked":["Hemokinesis","Sever Soul"],"picked":"Shrug It Off","floor":13.0},{"not_picked":["Impervious","Fiend Fire"],"picked":"Demon Form","floor":16.0},{"not_picked":["Flex","Wild Strike"],"picked":"Sever Soul+1","floor":18.0},{"not_picked":["Iron Wave","Searing Blow+1"],"picked":"Rampage+1","floor":19.0},{"not_picked":["Clothesline+1","True Grit+1"],"picked":"Second Wind+1","floor":27.0},{"not_picked":["Disarm","Heavy Blade+1"],"picked":"Evolve","floor":28.0},{"not_picked":["Clash","Clothesline"],"picked":"Warcry+1","floor":31.0}],"player_experience":743276,"relics_obtained":[{"floor":6.0,"key":"Strawberry"},{"floor":9.0,"key":"Red Skull"},{"floor":11.0,"key":"Art of War"},{"floor":26.0,"key":"Bronze Scales"}],"event_choices":[{"damage_healed":0.0,"max_hp_gain":0.0,"max_hp_loss":0.0,"gold_gain":0.0,"event_name":"Big Fish","player_choice":"Box","floor":2.0,"gold_loss":0.0,"damage_taken":0.0,"relics_obtained":["Potion Belt"],"cards_obtained":["Regret"]},{"damage_healed":0.0,"max_hp_gain":0.0,"max_hp_loss":0.0,"gold_gain":0.0,"event_name":"Shining Light","player_choice":"Entered Light","floor":5.0,"gold_loss":0.0,"damage_taken":16.0,"cards_upgraded":["Disarm","Bash"]},{"damage_healed":0.0,"max_hp_gain":0.0,"max_hp_loss":0.0,"gold_gain":0.0,"event_name":"Vampires","player_choice":"Ignored","floor":21.0,"gold_loss":0.0,"damage_taken":0.0},{"damage_healed":0.0,"max_hp_gain":0.0,"max_hp_loss":0.0,"gold_gain":0.0,"event_name":"Colosseum","player_choice":"Fight","floor":24.0,"gold_loss":0.0,"damage_taken":0.0},{"damage_healed":0.0,"max_hp_gain":0.0,"max_hp_loss":0.0,"gold_gain":0.0,"event_name":"Colosseum","player_choice":"Fled From Nobs","floor":24.0,"gold_loss":0.0,"damage_taken":0.0},{"damage_healed":0.0,"max_hp_gain":0.0,"max_hp_loss":0.0,"gold_gain":0.0,"event_name":"Beggar","player_choice":"Ignored","floor":25.0,"gold_loss":0.0,"damage_taken":0.0},{"damage_healed":0.0,"max_hp_gain":0.0,"max_hp_loss":0.0,"gold_gain":99.0,"event_name":"Nest","player_choice":"Stole From Cult","floor":30.0,"gold_loss":0.0,"damage_taken":0.0}],"is_beta":false,"boss_relics":[{"not_picked":["Runic Cube","Astrolabe"],"picked":"Cursed Key"}],"items_purged_floors":[20],"is_endless":false,"potions_floor_spawned":[6,11,13,16,27],"killed_by":"Collector","ascension_level":7}