{"gold_per_floor":[119,134,152,227,227,227,262,279,279,312,326,326,326,351,363,451,463,494,506,21,21,37,66,66,96,143,168,168,168,186,212,212,212],"floor_reached":33,"playtime":2039,"items_purged":["Strike_G"],"score":676,"play_id":"967092d2-568f-4e9a-a389-0eb2c183f8c9","local_time":"20190503224903","is_ascension_mode":true,"campfire_choices":[{"data":"Neutralize","floor":6.0,"key":"SMITH"},{"floor":12.0,"key":"REST"},{"data":"Choke","floor":15.0,"key":"SMITH"},{"data":"Terror","floor":24,"key":"SMITH"},{"data":"RitualDagger","floor":29,"key":"SMITH"},{"floor":32,"key":"REST"}],"neow_cost":"NONE","seed_source_timestamp":0,"circlet_count":0,"master_deck":["AscendersBane","Defend_G","Defend_G","Defend_G","Defend_G","Defend_G","Strike_G","Strike_G","Strike_G","Strike_G","Survivor","Neutralize+1","Choke+1","Endless Agony","Backstab","Flying Knee","Cloak And Dagger","Dodge and Roll","Dash","Blur","After Image","Deflect","Deflect","RitualDagger+1","Terror+1","Backstab"],"special_seed":0,"relics":["Ring of the Snake","Paper Crane","Ninja Scroll","Bottled Flame","MawBank","Runic Pyramid","Nunchaku","Peace Pipe","Red Mask","Bronze Scales","Singing Bowl","MutagenicStrength","Regal Pillow"],"potions_floor_usage":[23,23,33],"damage_taken":[{"damage":0.0,"enemies":"Cultist","floor":1.0,"turns":4.0},{"damage":3.0,"enemies":"2 Louse","floor":2.0,"turns":3.0},{"damage":0.0,"enemies":"Jaw Worm","floor":3.0,"turns":3.0},{"damage":20.0,"enemies":"Gremlin Nob","floor":7.0,"turns":4.0},{"damage":0.0,"enemies":"Blue Slaver","floor":8.0,"turns":4.0},{"damage":28.0,"enemies":"Lagavulin","floor":10.0,"turns":6.0},{"damage":0.0,"enemies":"Looter","floor":11.0,"turns":1.0},{"damage":0.0,"enemies":"Large Slime","floor":14.0,"turns":3.0},{"damage":13.0,"enemies":"The Guardian","floor":16.0,"turns":18.0},{"damage":9.0,"enemies":"Spheric Guardian","floor":18.0,"turns":7.0},{"damage":6,"enemies":"2 Thieves","floor":22,"turns":4},{"damage":11,"enemies":"Book of Stabbing","floor":23,"turns":4},{"damage":0,"enemies":"Masked Bandits","floor":25,"turns":3},{"damage":5,"enemies":"Slavers","floor":27,"turns":5},{"damage":0,"enemies":"3 Cultists","floor":30,"turns":3},{"damage":0,"enemies":"Gremlin Leader","floor":31,"turns":5},{"damage":80,"enemies":"Automaton","floor":33,"turns":14}],"seed_played":"4241034649553225572","potions_obtained":[{"floor":1.0,"key":"GamblersBrew"},{"floor":3.0,"key":"SkillPotion"},{"floor":10.0,"key":"Dexterity Potion"},{"floor":22,"key":"FearPotion"},{"floor":30,"key":"GhostInAJar"}],"is_trial":false,"path_per_floor":["M","M","M","?","?","R","E","M","T","E","M","R","T","M","R","B",null,"M","?","$","?","M","E","R","?","T","E","?","R","M","E","R","B"],"character_chosen":"THE_SILENT","items_purchased":["Nunchaku","Dexterity Potion","Deflect"],"campfire_rested":2,"item_purchase_floors":[20,20,20],"current_hp_per_floor":[65,62,62,51,51,51,31,31,31,3,3,24,24,24,24,11,57,48,62,62,56,50,39,39,39,39,36,36,36,38,38,75,0],"gold":212,"neow_bonus":"TEN_PERCENT_HP_BONUS","is_prod":false,"is_daily":false,"chose_seed":false,"campfire_upgraded":4,"win_rate":0,"timestamp":1556938143,"path_taken":["M","M","M","?","?","R","E","M","T","E","M","R","?","M","R","BOSS","M","?","$","?","M","E","R","?","T","E","?","R","M","E","R","BOSS"],"build_version":"2019-01-23","purchased_purges":1,"victory":false,"max_hp_per_floor":[72,72,72,72,72,72,72,72,72,72,72,72,72,72,72,72,72,72,72,72,72,72,72,72,72,72,74,74,74,76,76,76,76],"card_choices":[{"not_picked":["Deadly Poison","Dagger Spray"],"picked":"Choke","floor":1.0},{"not_picked":["Expertise","Bane"],"picked":"Endless Agony","floor":2.0},{"not_picked":["Distraction","Bane"],"picked":"Backstab","floor":3.0},{"not_picked":["Night Terror","Prepared"],"picked":"Flying Knee","floor":7.0},{"not_picked":["Poisoned Stab","Choke"],"picked":"Cloak And Dagger","floor":8.0},{"not_picked":["Slice","Endless Agony"],"picked":"Dodge and Roll","floor":10.0},{"not_picked":["Backstab","Expertise"],"picked":"Dash","floor":11.0},{"not_picked":["Slice","Endless Agony"],"picked":"Blur","floor":14.0},{"not_picked":["Grand Finale","Wraith Form v2"],"picked":"After Image","floor":16.0},{"not_picked":["Dodge and Roll","Cloak And Dagger"],"picked":"Deflect","floor":18.0},{"not_picked":["Dash","Deadly Poison","Poisoned Stab"],"picked":"SKIP","floor":22},{"not_picked":["Masterful Stab","Outmaneuver"],"picked":"Terror","floor":23},{"not_picked":["Outmaneuver","PiercingWail","Finisher"],"picked":"Singing Bowl","floor":27},{"not_picked":["Flying Knee+1","Bullet Time","Dodge and Roll"],"picked":"Singing Bowl","floor":30},{"not_picked":["Deflect","Deadly Poison"],"picked":"Backstab","floor":31}],"player_experience":1380688,"relics_obtained":[{"floor":7.0,"key":"Paper Crane"},{"floor":9.0,"key":"Ninja Scroll"},{"floor":10.0,"key":"Bottled Flame"},{"floor":13.0,"key":"MawBank"},{"floor":23,"key":"Peace Pipe"},{"floor":25,"key":"Red Mask"},{"floor":26,"key":"Bronze Scales"},{"floor":27,"key":"Singing Bowl"},{"floor":31,"key":"Regal Pillow"}],"event_choices":[{"damage_healed":0.0,"max_hp_gain":0.0,"max_hp_loss":0.0,"gold_gain":75.0,"event_name":"World of Goop","player_choice":"Gather Gold","floor":4.0,"gold_loss":0.0,"damage_taken":11.0},{"damage_healed":0.0,"max_hp_gain":0.0,"max_hp_loss":0.0,"gold_gain":0.0,"event_name":"Shining Light","player_choice":"Ignored","floor":5.0,"gold_loss":0.0,"damage_taken":0.0},{"damage_healed":14.0,"max_hp_gain":0.0,"max_hp_loss":0.0,"gold_gain":0.0,"event_name":"The Library","player_choice":"Heal","floor":19.0,"gold_loss":0.0,"damage_taken":0.0},{"damage_healed":0,"gold_gain":0,"player_choice":"Joined the Cult","damage_taken":6,"max_hp_gain":0,"max_hp_loss":0,"event_name":"Nest","floor":21,"gold_loss":0,"cards_obtained":["RitualDagger"]},{"damage_healed":0,"gold_gain":0,"player_choice":"Fought Bandits","damage_taken":0,"max_hp_gain":0,"max_hp_loss":0,"event_name":"Masked Bandits","floor":25,"gold_loss":0},{"damage_healed":0,"gold_gain":0,"player_choice":"Inject Mutagens","damage_taken":0,"relics_obtained":["MutagenicStrength"],"max_hp_gain":0,"max_hp_loss":0,"event_name":"Drug Dealer","floor":28,"gold_loss":0}],"is_beta":false,"boss_relics":[{"not_picked":["Fusion Hammer","Runic Dome"],"picked":"Runic Pyramid"}],"items_purged_floors":[20],"is_endless":false,"potions_floor_spawned":[1,3,10,22,30],"killed_by":"Automaton","ascension_level":20}