{"gold_per_floor":[110,127,142,156,168,168,197,197,197,69,35,35,51,16,16,120,120,131,142,241,257,15,15],"floor_reached":23,"playtime":926,"items_purged":["Strike_B"],"score":309,"play_id":"3d0a13ce-319d-4d03-9b56-052e8b99ac1b","local_time":"20181203160853","is_ascension_mode":true,"campfire_choices":[{"floor":6,"key":"REST"},{"floor":8,"key":"REST"},{"data":"Darkness","floor":12,"key":"SMITH"},{"data":"Sweeping Beam","floor":15,"key":"SMITH"}],"neow_cost":"NONE","seed_source_timestamp":76028718332987,"circlet_count":0,"master_deck":["AscendersBane","Strike_B","Strike_B","Defend_B","Defend_B","Defend_B","Defend_B","Zap","Dualcast","Ball Lightning","Sweeping Beam+1","Darkness+1","FTL","Compile Driver","Coolheaded","Seek","Multi-Cast","Doom and Gloom","Glacier"],"relics":["Cracked Core","Boot","Pear","Cursed Key","Meat on the Bone"],"potions_floor_usage":[16,23,23],"damage_taken":[{"damage":9,"enemies":"Small Slimes","floor":1,"turns":4},{"damage":9,"enemies":"2 Louse","floor":2,"turns":2},{"damage":7,"enemies":"Jaw Worm","floor":3,"turns":2},{"damage":0,"enemies":"Large Slime","floor":4,"turns":4},{"damage":17,"enemies":"Looter","floor":5,"turns":3},{"damage":35,"enemies":"3 Sentries","floor":7,"turns":6},{"damage":0,"enemies":"Exordium Wildlife","floor":13,"turns":2},{"damage":13,"enemies":"Slime Boss","floor":16,"turns":6},{"damage":6,"enemies":"Spheric Guardian","floor":18,"turns":3},{"damage":22,"enemies":"2 Thieves","floor":19,"turns":2},{"damage":11,"enemies":"Sentry and Sphere","floor":21,"turns":5},{"damage":57,"enemies":"Gremlin Leader","floor":23,"turns":6}],"seed_played":"-177837028662287422","potions_obtained":[{"floor":4,"key":"Swift Potion"},{"floor":7,"key":"EntropicBrew"},{"floor":16,"key":"FairyPotion"}],"is_trial":false,"path_per_floor":["M","M","M","M","M","R","E","R","T","$","?","R","M","?","R","B",null,"M","M","?","M","$","E"],"character_chosen":"DEFECT","items_purchased":["Coolheaded","Meat on the Bone"],"campfire_rested":2,"item_purchase_floors":[10,22],"current_hp_per_floor":[59,50,43,43,26,48,13,35,45,45,45,45,45,66,66,53,77,71,49,49,38,38,0],"gold":15,"neow_bonus":"REMOVE_CARD","is_prod":false,"is_daily":false,"chose_seed":false,"campfire_upgraded":2,"win_rate":0,"timestamp":1543871333,"path_taken":["M","M","M","M","M","R","E","R","T","$","?","R","M","?","R","BOSS","M","M","?","M","$","E"],"build_version":"2018-11-15","purchased_purges":1,"victory":false,"max_hp_per_floor":[75,75,75,75,75,75,75,75,85,85,85,85,85,85,85,85,85,85,85,85,85,85,85],"card_choices":[{"not_picked":["Leap","Coolheaded"],"picked":"Ball Lightning","floor":1},{"not_picked":["Genetic Algorithm","Blizzard"],"picked":"Sweeping Beam","floor":2},{"not_picked":["Gash","Turbo"],"picked":"Darkness","floor":3},{"not_picked":["Chaos","White Noise"],"picked":"FTL","floor":4},{"not_picked":["Streamline","Leap"],"picked":"Compile Driver","floor":5},{"not_picked":["Compile Driver","Streamline","Tempest"],"picked":"SKIP","floor":7},{"not_picked":["Go for the Eyes","Compile Driver"],"picked":"Seek","floor":13},{"not_picked":["Machine Learning","Creative AI"],"picked":"Multi-Cast","floor":16},{"not_picked":["Self Repair","Rebound"],"picked":"Doom and Gloom","floor":18},{"not_picked":["Capacitor","Barrage"],"picked":"Glacier","floor":19},{"not_picked":["Capacitor","Stack","Gash"],"picked":"SKIP","floor":21}],"player_experience":794152,"relics_obtained":[{"floor":7,"key":"Boot"},{"floor":9,"key":"Pear"}],"event_choices":[{"damage_healed":0,"gold_gain":0,"player_choice":"Left Gold","damage_taken":0,"max_hp_gain":0,"max_hp_loss":0,"event_name":"World of Goop","floor":11,"gold_loss":34},{"damage_healed":21,"gold_gain":0,"player_choice":"Healed","damage_taken":0,"max_hp_gain":0,"max_hp_loss":0,"event_name":"The Cleric","floor":14,"gold_loss":35},{"damage_healed":0,"gold_gain":99,"player_choice":"Stole From Cult","damage_taken":0,"max_hp_gain":0,"max_hp_loss":0,"event_name":"Nest","floor":20,"gold_loss":0}],"is_beta":false,"boss_relics":[{"not_picked":["White Beast Statue","FrozenCore"],"picked":"Cursed Key"}],"items_purged_floors":[10],"is_endless":false,"potions_floor_spawned":[4,7,13,16,18],"killed_by":"Gremlin Leader","ascension_level":12}