{"gold_per_floor":[116,266,266,286,286,621,679,679,679,693,726,738,119,137,137,214,214,228,228,245,245,40,40,71,71,71,71,71,88,103,103],"floor_reached":31,"playtime":1737,"items_purged":["Strike_B"],"score":576,"play_id":"c85f0647-dcb1-4ff7-923c-e4424daf1cef","local_time":"20190807023949","is_ascension_mode":true,"campfire_choices":[{"floor":8.0,"key":"REST"},{"data":"Chaos","floor":15.0,"key":"SMITH"},{"data":"Static Discharge","floor":23,"key":"SMITH"},{"data":"Buffer","floor":25,"key":"SMITH"},{"floor":27,"key":"REST"}],"neow_cost":"NONE","seed_source_timestamp":903224248477572,"circlet_count":0,"master_deck":["AscendersBane","Strike_B","Strike_B","Strike_B","Defend_B+1","Defend_B","Defend_B","Defend_B+1","Zap","Dualcast+1","Sweeping Beam","Streamline","Auto Shields","Genetic Algorithm","Rip and Tear","Stack+1","Chaos+1","Buffer+1","Tempest","Writhe","Hologram","Static Discharge+1","Compile Driver","Coolheaded","Cold Snap+1"],"special_seed":0,"relics":["Cracked Core","NeowsBlessing","Old Coin","Bottled Flame","Pantograph","Blood Vial","Lee\u0027s Waffle","Ancient Tea Set","Bag of Preparation","Nuclear Battery","War Paint","MutagenicStrength","Vajra","Lantern"],"potions_floor_usage":[20,24,29],"damage_taken":[{"damage":0.0,"enemies":"Jaw Worm","floor":1.0,"turns":1.0},{"damage":0.0,"enemies":"Small Slimes","floor":4.0,"turns":1.0},{"damage":0.0,"enemies":"3 Sentries","floor":6.0,"turns":1.0},{"damage":27.0,"enemies":"Lagavulin Event","floor":7.0,"turns":7.0},{"damage":1.0,"enemies":"2 Louse","floor":10.0,"turns":3.0},{"damage":30.0,"enemies":"Gremlin Nob","floor":11.0,"turns":4.0},{"damage":6.0,"enemies":"Looter","floor":12.0,"turns":2.0},{"damage":7.0,"enemies":"Exordium Wildlife","floor":14.0,"turns":4.0},{"damage":26.0,"enemies":"The Guardian","floor":16.0,"turns":13.0},{"damage":32.0,"enemies":"3 Byrds","floor":18.0,"turns":5.0},{"damage":5,"enemies":"Spheric Guardian","floor":20,"turns":5},{"damage":21,"enemies":"Book of Stabbing","floor":24,"turns":4},{"damage":15,"enemies":"Shelled Parasite and Fungi","floor":29,"turns":6},{"damage":15,"enemies":"Centurion and Healer","floor":30,"turns":8},{"damage":30,"enemies":"Slavers","floor":31,"turns":5}],"seed_played":"-7811592892319340901","potions_obtained":[{"floor":4.0,"key":"Ancient Potion"},{"floor":6.0,"key":"GamblersBrew"},{"floor":11.0,"key":"FocusPotion"},{"floor":16.0,"key":"Ancient Potion"},{"floor":24,"key":"Swift Potion"},{"floor":30,"key":"FairyPotion"}],"is_trial":false,"path_per_floor":["M","?","?","M","?","E","?","R","T","M","E","M","$","M","R","B",null,"M","?","M","?","$","R","E","R","T","R","?","M","M","E"],"character_chosen":"DEFECT","items_purchased":["Lee\u0027s Waffle","Ancient Tea Set","Bag of Preparation","Vajra","Static Discharge"],"campfire_rested":2,"item_purchase_floors":[13,13,13,22,22],"current_hp_per_floor":[64,64,64,64,43,43,16,37,37,36,6,2,78,71,71,52,72,42,42,39,39,39,39,20,20,20,43,43,30,17,0],"gold":103,"neow_bonus":"THREE_ENEMY_KILL","is_prod":false,"is_daily":false,"chose_seed":false,"campfire_upgraded":3,"win_rate":0,"timestamp":1565159989,"path_taken":["M","?","?","M","?","E","?","R","T","M","E","M","?","?","R","BOSS","M","?","M","?","$","R","E","R","T","R","?","M","M","E"],"build_version":"2019-07-17","purchased_purges":1,"victory":false,"max_hp_per_floor":[71,71,71,71,71,71,71,71,71,71,71,71,78,78,78,78,78,78,78,78,78,78,78,78,78,78,78,78,78,78,78],"card_choices":[{"not_picked":["Redo","Conserve Battery"],"picked":"Sweeping Beam","floor":1.0},{"not_picked":["Barrage","Hologram"],"picked":"Streamline","floor":4.0},{"not_picked":["Heatsinks","Coolheaded"],"picked":"Auto Shields","floor":6.0},{"not_picked":["Hologram","Redo"],"picked":"Genetic Algorithm","floor":7.0},{"not_picked":["Static Discharge","Compile Driver"],"picked":"Rip and Tear","floor":10.0},{"not_picked":["Beam Cell","Streamline"],"picked":"Stack","floor":11.0},{"not_picked":["Fusion","Rip and Tear","Barrage"],"picked":"SKIP","floor":12.0},{"not_picked":["Storm","Double Energy"],"picked":"Chaos","floor":14.0},{"not_picked":["Amplify","Meteor Strike"],"picked":"Buffer","floor":16.0},{"not_picked":["Sweeping Beam","Conserve Battery"],"picked":"Tempest","floor":18.0},{"not_picked":["Ball Lightning","Beam Cell"],"picked":"Hologram","floor":20},{"not_picked":["Scrape","Redo"],"picked":"Compile Driver","floor":24},{"not_picked":["Melter","Gash"],"picked":"Coolheaded","floor":29},{"not_picked":["Force Field","White Noise"],"picked":"Cold Snap+1","floor":30}],"player_experience":1731782,"relics_obtained":[{"floor":6.0,"key":"Old Coin"},{"floor":7.0,"key":"Bottled Flame"},{"floor":9.0,"key":"Pantograph"},{"floor":11.0,"key":"Blood Vial"},{"floor":24,"key":"Lantern"}],"event_choices":[{"damage_healed":0.0,"max_hp_gain":0.0,"max_hp_loss":0.0,"gold_gain":150.0,"event_name":"Liars Game","player_choice":"AGREE","floor":2.0,"gold_loss":0.0,"damage_taken":0.0,"cards_obtained":["Doubt"]},{"cards_removed":["Doubt"],"damage_healed":0.0,"max_hp_gain":0.0,"max_hp_loss":0.0,"gold_gain":0.0,"event_name":"Living Wall","player_choice":"Forget","floor":3.0,"gold_loss":0.0,"damage_taken":0.0},{"damage_healed":0.0,"max_hp_gain":0.0,"max_hp_loss":0.0,"gold_gain":0.0,"event_name":"Shining Light","player_choice":"Entered Light","floor":5.0,"gold_loss":0.0,"damage_taken":21.0,"cards_upgraded":["Dualcast","Defend_B"]},{"damage_healed":0.0,"max_hp_gain":0.0,"max_hp_loss":0.0,"gold_gain":0.0,"event_name":"Dead Adventurer","player_choice":"Searched \u00271\u0027 times","floor":7.0,"gold_loss":0.0,"damage_taken":0.0},{"damage_healed":0.0,"max_hp_gain":0.0,"max_hp_loss":0.0,"gold_gain":0.0,"event_name":"The Mausoleum","player_choice":"Opened","floor":19.0,"gold_loss":0.0,"damage_taken":0.0,"relics_obtained":["War Paint"],"cards_obtained":["Writhe"]},{"damage_healed":0,"gold_gain":0,"player_choice":"Inject Mutagens","damage_taken":0,"relics_obtained":["MutagenicStrength"],"max_hp_gain":0,"max_hp_loss":0,"event_name":"Drug Dealer","floor":21,"gold_loss":0}],"is_beta":false,"boss_relics":[{"not_picked":["FrozenCore","Lizard Tail"],"picked":"Nuclear Battery"}],"items_purged_floors":[13],"is_endless":false,"potions_floor_spawned":[4,6,11,16,24,30],"killed_by":"Slavers","ascension_level":20}