{"path_per_floor":["M","M","$","M","?","R","E","R","T","E","M","M","?","M","R","B",null,"M","?","$","T","$","R","M","E","T","M","M","R","E","M","R"],"character_chosen":"IRONCLAD","items_purchased":["Pommel Strike","Whetstone","Rupture","Intimidate"],"gold_per_floor":[118,128,101,111,61,61,90,90,90,120,136,147,147,158,158,262,262,281,281,96,96,18,18,29,63,63,81,99,99,128,144,144,144],"floor_reached":33,"campfire_rested":2,"playtime":1646,"current_hp_per_floor":[77,77,77,77,77,77,27,27,27,38,47,43,43,43,67,63,80,59,56,56,56,56,56,52,40,40,41,39,39,40,39,56,0],"items_purged":[],"gold":144,"score":353,"play_id":"7ca31e36-de88-4746-9344-5478ae0d7ac7","local_time":"20180327205212","is_prod":false,"is_daily":false,"is_ascension_mode":true,"campfire_upgraded":4,"timestamp":1522198332,"path_taken":["M","M","$","M","?","R","E","R","T","E","M","?","?","M","R","BOSS","M","?","$","?","?","R","M","E","T","M","M","R","E","M","R","BOSS"],"build_version":"2018-03-22v2","purchased_purges":0,"victory":false,"master_deck":["Bash","Impervious","Armaments","Pommel Strike","Searing Blow+4","Ghostly Armor","Uppercut","Warcry","Wild Strike+1","Offering","Bloodletting","Sword Boomerang","Shrug It Off","Havoc","Heavy Blade","Fire Breathing","Dropkick","Rage","Combust","Bite","Bite","Bite+1","Bite","Bite","Rupture","Intimidate+1","Clothesline+1","Sentinel+1","Offering+1","Shrug It Off+1","Spot Weakness+1"],"max_hp_per_floor":[80,80,80,80,80,80,80,80,80,80,80,80,80,80,80,80,80,80,56,56,56,56,56,56,56,56,56,56,56,56,58,58,58],"relics":["Runic Dome","Meat on the Bone","Ginger","Orichalcum","Pandora\u0027s Box","Whetstone","Toxic Egg 2","Bird Faced Urn","Unceasing Top","Singing Bowl"],"card_choices":[{"not_picked":["Havoc","Warcry"],"picked":"Impervious","floor":1},{"not_picked":["Bloodletting","Sentinel"],"picked":"Armaments","floor":2},{"not_picked":["Anger","Inflame"],"picked":"Searing Blow","floor":4},{"not_picked":["Fiend Fire","Clash"],"picked":"Ghostly Armor","floor":7},{"not_picked":["Clash","Infernal Blade"],"picked":"Uppercut","floor":10},{"not_picked":["Flame Barrier","Heavy Blade"],"picked":"Warcry","floor":11},{"not_picked":["Inflame","Flex"],"picked":"Wild Strike","floor":14},{"not_picked":["Fiend Fire","Brutality"],"picked":"Offering","floor":16},{"not_picked":["Seeing Red","Inflame"],"picked":"Combust","floor":18},{"not_picked":["Pommel Strike","Cleave"],"picked":"Clothesline","floor":24},{"not_picked":["Flex","Rampage"],"picked":"Sentinel","floor":25},{"not_picked":["Body Slam","Sentinel"],"picked":"Offering","floor":27},{"not_picked":["Iron Wave","Fire Breathing"],"picked":"Shrug It Off","floor":28},{"not_picked":["Havoc","Sword Boomerang"],"picked":"Spot Weakness","floor":30}],"player_experience":134847,"potions_floor_usage":[10,16,25,27,33],"damage_taken":[{"damage":3,"enemies":"Small Slimes","floor":1,"turns":3},{"damage":0,"enemies":"Cultist","floor":2,"turns":2},{"damage":0,"enemies":"2 Louse","floor":4,"turns":2},{"damage":50,"enemies":"Gremlin Nob","floor":7,"turns":5},{"damage":1,"enemies":"Lagavulin","floor":10,"turns":6},{"damage":3,"enemies":"Large Slime","floor":11,"turns":4},{"damage":4,"enemies":"3 Louse","floor":12,"turns":3},{"damage":0,"enemies":"2 Fungi Beasts","floor":14,"turns":2},{"damage":19,"enemies":"Slime Boss","floor":16,"turns":11},{"damage":21,"enemies":"Shell Parasite","floor":18,"turns":3},{"damage":10,"enemies":"Chosen","floor":24,"turns":5},{"damage":37,"enemies":"Slavers","floor":25,"turns":5},{"damage":18,"enemies":"Centurion and Healer","floor":27,"turns":6},{"damage":22,"enemies":"3 Cultists","floor":28,"turns":5},{"damage":20,"enemies":"Book of Stabbing","floor":30,"turns":4},{"damage":12,"enemies":"Snake Plant","floor":31,"turns":3},{"damage":75,"enemies":"Champ","floor":33,"turns":7}],"event_choices":[{"event_name":"The Cleric","player_choice":"Card Removal","floor":5,"damage_taken":0},{"event_name":"Liars Game","player_choice":"disagreed","floor":13,"damage_taken":0},{"event_name":"Vampires","player_choice":"Became a vampire","floor":19,"damage_taken":0}],"boss_relics":[{"not_picked":["Calling Bell","Lizard Tail"],"picked":"Pandora\u0027s Box"}],"potions_floor_spawned":[1,4,10,11,25,30],"seed_played":"-575269521517301769","killed_by":"Champ","ascension_level":2,"is_trial":false}