{"gold_per_floor":[111,125,28,28,48,48,76,76,76,93,107,136,136,101,101,175,175,186,198,210,210],"floor_reached":21,"playtime":3391,"items_purged":[],"score":315,"play_id":"9cdee3d6-95de-462c-846e-39b24a549192","local_time":"20190703003842","is_ascension_mode":true,"campfire_choices":[{"data":"True Grit","floor":6,"key":"SMITH"},{"data":"Berserk","floor":13,"key":"SMITH"},{"data":"Pommel Strike","floor":15,"key":"SMITH"}],"neow_cost":"NONE","seed_source_timestamp":32173615501212,"circlet_count":0,"master_deck":["AscendersBane","Strike_R","Strike_R","Strike_R","Strike_R","Strike_R","Defend_R","Defend_R+1","Defend_R","Defend_R","Bash","Cleave","Wild Strike","Shrug It Off+1","Thunderclap+1","True Grit+1","Berserk+1","Uppercut+1","Pommel Strike+1","Heavy Blade","Demon Form","Dual Wield","Shrug It Off+1","Sword Boomerang"],"relics":["Burning Blood","NeowsBlessing","Kunai","Self Forming Clay","Bottled Lightning","Whetstone","Runic Cube"],"potions_floor_usage":[7,12,16,21],"damage_taken":[{"damage":0,"enemies":"Cultist","floor":1,"turns":1},{"damage":0,"enemies":"Small Slimes","floor":2,"turns":1},{"damage":0,"enemies":"Jaw Worm","floor":5,"turns":1},{"damage":18,"enemies":"Gremlin Nob","floor":7,"turns":4},{"damage":9,"enemies":"Large Slime","floor":10,"turns":6},{"damage":0,"enemies":"3 Louse","floor":11,"turns":3},{"damage":20,"enemies":"3 Sentries","floor":12,"turns":10},{"damage":39,"enemies":"The Guardian","floor":16,"turns":11},{"damage":34,"enemies":"Spheric Guardian","floor":18,"turns":6},{"damage":12,"enemies":"Chosen","floor":19,"turns":4},{"damage":26,"enemies":"Snecko","floor":20,"turns":8},{"damage":16,"enemies":"Chosen and Byrds","floor":21,"turns":4}],"seed_played":"-7248614900491162905","potions_obtained":[{"floor":2,"key":"GamblersBrew"},{"floor":11,"key":"GamblersBrew"},{"floor":12,"key":"Poison Potion"},{"floor":16,"key":"Strength Potion"}],"is_trial":false,"path_per_floor":["M","M","$","?","M","R","E","T","T","M","M","E","R","?","R","B",null,"M","M","M","M"],"character_chosen":"IRONCLAD","items_purchased":["Shrug It Off","Thunderclap"],"campfire_rested":0,"item_purchase_floors":[3,3],"current_hp_per_floor":[78,80,80,64,70,70,58,58,58,55,61,47,47,67,67,34,69,41,35,15,0],"gold":210,"neow_bonus":"THREE_ENEMY_KILL","is_prod":false,"is_daily":false,"chose_seed":false,"campfire_upgraded":3,"win_rate":0,"timestamp":1562078322,"path_taken":["M","?","$","?","M","R","E","?","T","M","M","E","R","?","R","BOSS","M","M","M","M"],"build_version":"2019-07-01","purchased_purges":0,"victory":false,"max_hp_per_floor":[80,80,80,80,80,80,80,80,80,80,80,80,80,80,80,80,80,80,80,80,80],"card_choices":[{"not_picked":["Anger","Twin Strike"],"picked":"Cleave","floor":1},{"not_picked":["Twin Strike","Flex"],"picked":"Wild Strike","floor":2},{"not_picked":["Twin Strike","Havoc"],"picked":"True Grit","floor":5},{"not_picked":["Sword Boomerang","Heavy Blade"],"picked":"Berserk","floor":7},{"not_picked":["Dropkick","Searing Blow"],"picked":"Uppercut","floor":10},{"not_picked":["Shrug It Off","Wild Strike"],"picked":"Pommel Strike","floor":11},{"not_picked":["Shrug It Off","Thunderclap"],"picked":"Heavy Blade","floor":12},{"not_picked":["Berserk","Immolate"],"picked":"Demon Form","floor":16},{"not_picked":["Iron Wave","Second Wind"],"picked":"Dual Wield","floor":18},{"not_picked":["Dual Wield","Heavy Blade"],"picked":"Shrug It Off+1","floor":19},{"not_picked":["Clothesline+1","Wild Strike"],"picked":"Sword Boomerang","floor":20}],"player_experience":915467,"relics_obtained":[{"floor":7,"key":"Kunai"},{"floor":8,"key":"Self Forming Clay"},{"floor":9,"key":"Bottled Lightning"},{"floor":12,"key":"Whetstone"}],"event_choices":[{"damage_healed":0,"gold_gain":0,"player_choice":"Entered Light","damage_taken":16,"max_hp_gain":0,"max_hp_loss":0,"event_name":"Shining Light","floor":4,"gold_loss":0,"cards_upgraded":["Shrug It Off","Defend_R"]},{"damage_healed":20,"gold_gain":0,"player_choice":"Healed","damage_taken":0,"max_hp_gain":0,"max_hp_loss":0,"event_name":"The Cleric","floor":14,"gold_loss":35}],"is_beta":false,"boss_relics":[{"not_picked":["Black Star","Black Blood"],"picked":"Runic Cube"}],"items_purged_floors":[],"is_endless":false,"potions_floor_spawned":[2,11,12,16],"killed_by":"Chosen and Byrds","ascension_level":13}