{"gold_per_floor":[111,121,121,134,134,134,39,39,66,105,121,86,86,11,11,106,106,126,146,162,162,8,8,8,8],"floor_reached":25,"playtime":491,"items_purged":["Injury"],"score":423,"play_id":"547d6a8b-244a-4c09-80c3-267236193f6d","local_time":"20190711045256","is_ascension_mode":true,"campfire_choices":[{"data":"Hemokinesis","floor":6,"key":"SMITH"},{"data":"Inflame","floor":8,"key":"SMITH"},{"data":"Heavy Blade","floor":13,"key":"SMITH"},{"data":"Limit Break","floor":15,"key":"SMITH"},{"floor":23,"key":"REST"}],"neow_cost":"NONE","seed_source_timestamp":46496011496062,"circlet_count":0,"master_deck":["AscendersBane","Strike_R+1","Strike_R+1","Strike_R+1","Strike_R+1","Defend_R+1","Defend_R+1","Defend_R+1","Defend_R+1","Bash","Inflame+1","Disarm","Cleave","Hemokinesis+1","Dark Shackles","Limit Break+1","Heavy Blade+1","Barricade","Burning Pact","Heavy Blade+1","Offering","Evolve"],"relics":["Burning Blood","NeowsBlessing","Golden Idol","Vajra","Mark of Pain"],"potions_floor_usage":[10],"damage_taken":[{"damage":0,"enemies":"2 Louse","floor":1,"turns":1},{"damage":0,"enemies":"Jaw Worm","floor":2,"turns":1},{"damage":0,"enemies":"Small Slimes","floor":4,"turns":1},{"damage":16,"enemies":"Lagavulin","floor":10,"turns":5},{"damage":28,"enemies":"Exordium Thugs","floor":11,"turns":4},{"damage":2,"enemies":"Slime Boss","floor":16,"turns":5},{"damage":36,"enemies":"2 Thieves","floor":18,"turns":4},{"damage":12,"enemies":"Chosen","floor":19,"turns":3},{"damage":29,"enemies":"Shelled Parasite and Fungi","floor":20,"turns":4},{"damage":48,"enemies":"Book of Stabbing","floor":25,"turns":3}],"seed_played":"3748747652425583110","potions_obtained":[{"floor":4,"key":"Block Potion"},{"floor":10,"key":"Strength Potion"},{"floor":18,"key":"FearPotion"}],"is_trial":false,"path_per_floor":["M","M","?","M","?","R","$","R","T","E","M","?","R","$","R","B",null,"M","M","M","?","$","R","?","E"],"character_chosen":"IRONCLAD","items_purchased":["Dark Shackles","Offering","Evolve"],"campfire_rested":1,"item_purchase_floors":[7,22,22],"current_hp_per_floor":[74,75,75,75,75,75,75,75,75,65,43,61,61,61,61,65,73,43,37,14,14,14,36,36,0],"gold":8,"neow_bonus":"THREE_ENEMY_KILL","is_prod":false,"is_daily":false,"chose_seed":false,"campfire_upgraded":4,"win_rate":0,"timestamp":1562784776,"path_taken":["M","M","?","M","?","R","$","R","T","E","M","?","R","$","R","BOSS","M","M","M","?","$","R","?","E"],"build_version":"2019-07-05","purchased_purges":1,"victory":false,"max_hp_per_floor":[75,75,75,75,75,75,75,75,75,75,75,75,75,75,75,75,75,75,75,75,75,75,75,75,75],"card_choices":[{"not_picked":["Perfected Strike","Shockwave"],"picked":"Inflame","floor":1},{"not_picked":["Metallicize","Combust"],"picked":"Disarm","floor":2},{"not_picked":["Perfected Strike","Wild Strike"],"picked":"Cleave","floor":4},{"not_picked":["True Grit","Corruption"],"picked":"Limit Break","floor":10},{"not_picked":["Corruption","Battle Trance"],"picked":"Heavy Blade","floor":11},{"not_picked":["Bludgeon","Dark Embrace"],"picked":"Barricade","floor":16},{"not_picked":["Clothesline","Intimidate"],"picked":"Burning Pact","floor":18},{"not_picked":["Body Slam","Anger","Havoc"],"picked":"SKIP","floor":19},{"not_picked":["Burning Pact","Perfected Strike+1"],"picked":"Heavy Blade+1","floor":20}],"player_experience":971513,"relics_obtained":[{"floor":10,"key":"Vajra"}],"event_choices":[{"damage_healed":0,"gold_gain":0,"player_choice":"Take Wound","damage_taken":0,"relics_obtained":["Golden Idol"],"max_hp_gain":0,"max_hp_loss":0,"event_name":"Golden Idol","floor":3,"gold_loss":0,"cards_obtained":["Injury"]},{"damage_healed":0,"gold_gain":0,"cards_transformed":["Strike_R"],"player_choice":"Change","damage_taken":0,"max_hp_gain":0,"max_hp_loss":0,"event_name":"Living Wall","floor":5,"gold_loss":0,"cards_obtained":["Hemokinesis"]},{"damage_healed":18,"gold_gain":0,"player_choice":"Healed","damage_taken":0,"max_hp_gain":0,"max_hp_loss":0,"event_name":"The Cleric","floor":12,"gold_loss":35},{"damage_healed":0,"gold_gain":0,"player_choice":"Simplicity","damage_taken":0,"max_hp_gain":0,"max_hp_loss":0,"event_name":"Back to Basics","floor":21,"gold_loss":0,"cards_upgraded":["Strike_R","Strike_R","Strike_R","Strike_R","Defend_R","Defend_R","Defend_R","Defend_R"]},{"damage_healed":0,"gold_gain":0,"player_choice":"Ignored","damage_taken":0,"max_hp_gain":0,"max_hp_loss":0,"event_name":"Ghosts","floor":24,"gold_loss":0}],"is_beta":false,"boss_relics":[{"not_picked":["Orrery","Runic Cube"],"picked":"Mark of Pain"}],"items_purged_floors":[14],"is_endless":false,"potions_floor_spawned":[4,10,18,20],"killed_by":"Book of Stabbing","ascension_level":14}