{"gold_per_floor":[117,117,292,309,322,322,349,369,451,451,451,469,469,483,483,583,583,596,596,260,278,0,0],"floor_reached":23,"playtime":3153,"items_purged":["Strike_B"],"score":219,"play_id":"df509b44-66c1-4fc2-971f-371ae87e6788","local_time":"20190425081121","is_ascension_mode":true,"campfire_choices":[{"data":"Zap","floor":6,"key":"SMITH"},{"data":"Hello World","floor":10,"key":"SMITH"},{"floor":13,"key":"REST"},{"data":"Static Discharge","floor":15,"key":"SMITH"}],"neow_cost":"NONE","seed_source_timestamp":18816288910000,"circlet_count":0,"master_deck":["Strike_B","Strike_B","Strike_B","Defend_B","Defend_B","Defend_B","Defend_B","Zap+1","Dualcast","Ball Lightning","Coolheaded","Double Energy","Hello World+1","Sweeping Beam","Conserve Battery","Static Discharge+1","Creative AI","Consume","Self Repair","Doom and Gloom","Self Repair","Hologram","Self Repair"],"relics":["FrozenCore","NeowsBlessing","Peace Pipe","Shuriken","Spirit Poop","Bag of Marbles","Lantern"],"potions_floor_usage":[7,14,16,16],"damage_taken":[{"damage":0,"enemies":"Cultist","floor":1,"turns":1},{"damage":0,"enemies":"Small Slimes","floor":4,"turns":1},{"damage":0,"enemies":"Jaw Worm","floor":5,"turns":1},{"damage":23,"enemies":"Gremlin Nob","floor":7,"turns":4},{"damage":14,"enemies":"2 Fungi Beasts","floor":8,"turns":3},{"damage":1,"enemies":"Exordium Thugs","floor":12,"turns":3},{"damage":11,"enemies":"Looter","floor":14,"turns":2},{"damage":14,"enemies":"Hexaghost","floor":16,"turns":9},{"damage":11,"enemies":"Chosen","floor":18,"turns":3},{"damage":15,"enemies":"Spheric Guardian","floor":21,"turns":4},{"damage":47,"enemies":"Book of Stabbing","floor":23,"turns":7}],"seed_played":"4121310629824015052","potions_obtained":[{"floor":4,"key":"AttackPotion"},{"floor":8,"key":"Swift Potion"},{"floor":12,"key":"Swift Potion"},{"floor":14,"key":"SpeedPotion"}],"is_trial":false,"path_per_floor":["M","?","?","M","M","R","E","M","T","R","?","M","R","M","R","B",null,"M","?","$","M","$","E"],"character_chosen":"DEFECT","items_purchased":["Self Repair","Doom and Gloom","Bag of Marbles","Hologram","Self Repair","Lantern"],"campfire_rested":1,"item_purchase_floors":[20,20,20,22,22,22],"current_hp_per_floor":[75,75,75,75,75,75,52,38,38,38,38,37,59,48,48,34,75,64,50,50,42,42,0],"gold":0,"neow_bonus":"THREE_ENEMY_KILL","is_prod":false,"is_daily":false,"chose_seed":false,"campfire_upgraded":3,"win_rate":0,"timestamp":1556143881,"path_taken":["M","?","?","?","M","R","E","M","T","R","?","M","R","M","R","BOSS","M","?","$","M","$","E"],"build_version":"2019-01-23","purchased_purges":1,"victory":false,"max_hp_per_floor":[75,75,75,75,75,75,75,75,75,75,75,75,75,75,75,75,75,75,80,80,80,80,80],"card_choices":[{"not_picked":["Double Energy","Conserve Battery"],"picked":"Ball Lightning","floor":1},{"not_picked":["Undo","Streamline"],"picked":"Coolheaded","floor":4},{"not_picked":["Undo","Compile Driver"],"picked":"Double Energy","floor":5},{"not_picked":["Rainbow","Fusion"],"picked":"Hello World","floor":7},{"not_picked":["Cold Snap","Barrage"],"picked":"Sweeping Beam","floor":8},{"not_picked":["Compile Driver","Sweeping Beam"],"picked":"Conserve Battery","floor":12},{"not_picked":["Streamline","Turbo"],"picked":"Static Discharge","floor":14},{"not_picked":["Fission","Thunder Strike"],"picked":"Creative AI","floor":16},{"not_picked":["Conserve Battery","Storm"],"picked":"Consume","floor":18},{"not_picked":["Aggregate+1","Hello World"],"picked":"Self Repair","floor":21}],"player_experience":468711,"relics_obtained":[{"floor":7,"key":"Peace Pipe"},{"floor":9,"key":"Shuriken"}],"event_choices":[{"damage_healed":0,"gold_gain":0,"player_choice":"Leave","damage_taken":0,"max_hp_gain":0,"max_hp_loss":0,"event_name":"The Cleric","floor":2,"gold_loss":0},{"damage_healed":0,"gold_gain":175,"player_choice":"AGREE","damage_taken":0,"max_hp_gain":0,"max_hp_loss":0,"event_name":"Liars Game","floor":3,"gold_loss":0,"cards_obtained":["Doubt"]},{"cards_removed":["Doubt"],"damage_healed":0,"gold_gain":0,"player_choice":"Offered Curse","damage_taken":0,"relics_obtained":["Spirit Poop"],"max_hp_gain":0,"max_hp_loss":0,"event_name":"Bonfire Elementals","floor":11,"gold_loss":0},{"damage_healed":0,"gold_gain":0,"player_choice":"Shed Blood","damage_taken":19,"max_hp_gain":5,"max_hp_loss":0,"event_name":"Forgotten Altar","floor":19,"gold_loss":0}],"is_beta":false,"boss_relics":[{"not_picked":["Velvet Choker","Lizard Tail"],"picked":"FrozenCore"}],"items_purged_floors":[20],"is_endless":false,"potions_floor_spawned":[4,8,12,14],"killed_by":"Book of Stabbing","ascension_level":3}