{"gold_per_floor":[117,129,204,204,221,221,247,247,296,306,322,20,91,125,125,224,224,224,20,20,20,20,20,20,20,20,20,20,20,20],"floor_reached":30,"playtime":1198,"items_purged":["Strike_P"],"score":398,"play_id":"8dd4f0f9-9fc5-4682-b17f-c05215d2d395","local_time":"20190911141410","is_ascension_mode":true,"campfire_choices":[{"data":"Eruption","floor":6,"key":"SMITH"},{"floor":8,"key":"REST"},{"floor":15,"key":"REST"},{"data":"TalkToTheHand","floor":23,"key":"SMITH"},{"data":"Worship","floor":27,"key":"SMITH"}],"neow_cost":"NONE","seed_source_timestamp":13153779504051,"circlet_count":0,"master_deck":["Strike_P","Strike_P","Strike_P","Defend_P","Defend_P","Defend_P","Defend_P","Eruption+1","Vigilance","JustLucky","Fasting","Conclude","EmptyFist","CarveReality","ThirdEye","TalkToTheHand+1","CutThroughFate","CarveReality+1","Consecrate","StepAndStrike","MentalFortress","WaveOfTheHand","Worship+1","Nirvana","Sanctity+1"],"relics":["PureWater","NeowsBlessing","Strawberry","Art of War","ClockworkSouvenir","Gremlin Horn","Ectoplasm","Regal Pillow","Darkstone Periapt","Boot","Bag of Marbles"],"potions_floor_usage":[7,14,28],"damage_taken":[{"damage":0,"enemies":"2 Louse","floor":1,"turns":1},{"damage":0,"enemies":"Jaw Worm","floor":2,"turns":1},{"damage":0,"enemies":"Cultist","floor":5,"turns":1},{"damage":17,"enemies":"Lagavulin","floor":7,"turns":7},{"damage":12,"enemies":"Blue Slaver","floor":10,"turns":2},{"damage":0,"enemies":"3 Louse","floor":11,"turns":3},{"damage":27,"enemies":"3 Sentries","floor":14,"turns":5},{"damage":0,"enemies":"Slime Boss","floor":16,"turns":6},{"damage":0,"enemies":"Spheric Guardian","floor":18,"turns":2},{"damage":19,"enemies":"Shell Parasite","floor":20,"turns":2},{"damage":19,"enemies":"Snecko","floor":21,"turns":6},{"damage":0,"enemies":"Gremlin Leader","floor":24,"turns":4},{"damage":8,"enemies":"Cultist and Chosen","floor":25,"turns":4},{"damage":30,"enemies":"Snake Plant","floor":28,"turns":4},{"damage":42,"enemies":"Slavers","floor":29,"turns":4},{"damage":2,"enemies":"Centurion and Healer","floor":30,"turns":1}],"seed_played":"-430475955515262892","potions_obtained":[{"floor":2,"key":"Energy Potion"},{"floor":7,"key":"Ancient Potion"},{"floor":11,"key":"Swift Potion"},{"floor":24,"key":"Poison Potion"},{"floor":25,"key":"Strength Potion"}],"is_trial":false,"path_per_floor":["M","M","?","?","M","R","E","R","T","M","M","$","?","E","R","B",null,"M","$","M","M","?","R","E","M","T","R","M","E","M"],"character_chosen":"WATCHER","items_purchased":["ClockworkSouvenir","TalkToTheHand","Regal Pillow","Consecrate"],"campfire_rested":2,"item_purchase_floors":[12,12,19,19],"current_hp_per_floor":[65,65,54,48,48,48,38,59,59,47,47,47,47,20,41,41,72,72,72,53,34,82,82,82,74,74,74,44,2,0],"gold":20,"neow_bonus":"THREE_ENEMY_KILL","is_prod":false,"is_daily":false,"chose_seed":false,"campfire_upgraded":3,"win_rate":0,"timestamp":1568175250,"path_taken":["M","M","?","?","M","R","E","R","T","?","M","$","?","E","R","BOSS","M","$","M","M","?","R","E","M","T","R","?","E","M"],"build_version":"2019-09-10","purchased_purges":1,"victory":false,"max_hp_per_floor":[65,65,65,65,65,65,72,72,72,72,72,72,72,72,72,72,72,72,72,72,72,82,82,82,82,82,82,82,82,82],"card_choices":[{"not_picked":["Halt","EmptyBody"],"picked":"JustLucky","floor":1},{"not_picked":["BowlingBash","Crescendo"],"picked":"Fasting","floor":2},{"not_picked":["ClearTheMind","StepAndStrike"],"picked":"Conclude","floor":5},{"not_picked":["Prostrate","Tantrum"],"picked":"EmptyFist","floor":7},{"not_picked":["WaveOfTheHand","FlyingSleeves"],"picked":"CarveReality","floor":10},{"not_picked":["Worship","EmptyBody"],"picked":"ThirdEye","floor":11},{"not_picked":["Scrawl","Halt"],"picked":"CutThroughFate","floor":14},{"not_picked":["Judgement","Unraveling"],"picked":"Omniscience","floor":16},{"not_picked":["InnerPeace","EmptyFist+1"],"picked":"CarveReality+1","floor":18},{"not_picked":["JustLucky","Sanctity"],"picked":"StepAndStrike","floor":20},{"not_picked":["EmptyMind","Consecrate"],"picked":"MentalFortress","floor":21},{"not_picked":["ForeignInfluence","CrushJoints"],"picked":"WaveOfTheHand","floor":24},{"not_picked":["Consecrate","EmptyBody"],"picked":"Worship","floor":25},{"not_picked":["FollowUp","ThirdEye"],"picked":"Nirvana","floor":28},{"not_picked":["ThirdEye","Clarity"],"picked":"Sanctity+1","floor":29}],"player_experience":1290469,"relics_obtained":[{"floor":7,"key":"Strawberry"},{"floor":9,"key":"Art of War"},{"floor":14,"key":"Gremlin Horn"},{"floor":24,"key":"Darkstone Periapt"},{"floor":26,"key":"Boot"},{"floor":29,"key":"Bag of Marbles"}],"event_choices":[{"damage_healed":0,"gold_gain":75,"player_choice":"Gather Gold","damage_taken":11,"max_hp_gain":0,"max_hp_loss":0,"event_name":"World of Goop","floor":3,"gold_loss":0},{"damage_healed":0,"gold_gain":0,"player_choice":"Damaged","damage_taken":6,"max_hp_gain":0,"max_hp_loss":0,"event_name":"Wheel of Change","floor":4,"gold_loss":0},{"damage_healed":0,"gold_gain":71,"player_choice":"Gained Gold","damage_taken":0,"max_hp_gain":0,"max_hp_loss":0,"event_name":"Golden Wing","floor":13,"gold_loss":0},{"cards_removed":["Omniscience"],"damage_healed":38,"gold_gain":0,"player_choice":"Offered Rare","damage_taken":0,"max_hp_gain":10,"max_hp_loss":0,"event_name":"Bonfire Elementals","floor":22,"gold_loss":0}],"is_beta":true,"boss_relics":[{"not_picked":["Empty Cage","Runic Dome"],"picked":"Ectoplasm"}],"items_purged_floors":[12],"is_endless":false,"potions_floor_spawned":[2,7,11,24,25],"killed_by":"Centurion and Healer","ascension_level":1}