{"gold_per_floor":[111,186,205,9,27,27,56,73,73,73,137,167,167,184,184,284,284,298,308,319,234,246,246,260,291,291,323,323,336,356,281,281,378,378,398,398,11,11,30,30,49,60,60,60,78,78,110,160,160,160],"floor_reached":51,"playtime":3442,"items_purged":["Clash+1"],"score":1176,"play_id":"beef462b-88a2-46f3-89aa-e3deff16fb77","local_time":"20190702025212","is_ascension_mode":true,"campfire_choices":[{"data":"Uppercut","floor":6,"key":"SMITH"},{"floor":10,"key":"REST"},{"floor":15,"key":"REST"},{"data":"Offering","floor":23,"key":"SMITH"},{"floor":28,"key":"REST"},{"data":"Offering","floor":32,"key":"SMITH"},{"data":"Armaments","floor":40,"key":"SMITH"},{"floor":44,"key":"REST"},{"data":"Offering","floor":46,"key":"SMITH"},{"floor":49,"key":"REST"}],"neow_cost":"TEN_PERCENT_HP_LOSS","seed_source_timestamp":49324316754704,"circlet_count":0,"master_deck":["AscendersBane","Defend_R","Defend_R","Defend_R","Defend_R","Bash","Impervious","Power Through","Shockwave","Inflame","Uppercut+1","Clothesline","Corruption","Sword Boomerang","Headbutt","Dual Wield","Offering+1","Offering+1","Whirlwind+1","Power Through+1","Dropkick","Shrug It Off","Flame Barrier","Warcry","Feel No Pain","Feel No Pain","Offering+1","Infernal Blade+1","Evolve+1","Juggernaut","Body Slam","Demon Form","Disarm+1","Body Slam+1","Panache","Intimidate","Madness","Madness","Armaments+1","Inflame","Second Wind+1","Rupture","Battle Trance","Carnage","Seeing Red","Armaments+1"],"relics":["Burning Blood","Red Skull","Strawberry","Question Card","Art of War","Astrolabe","Meat on the Bone","Prayer Wheel","Pen Nib","Torii","Lizard Tail","Gremlin Horn","Anchor","Incense Burner"],"potions_floor_usage":[12,14,16,27,33,33,35,41,45,48],"damage_taken":[{"damage":5,"enemies":"2 Louse","floor":1,"turns":4},{"damage":7,"enemies":"Jaw Worm","floor":3,"turns":5},{"damage":4,"enemies":"Cultist","floor":5,"turns":4},{"damage":28,"enemies":"Gremlin Nob","floor":7,"turns":4},{"damage":16,"enemies":"Looter","floor":8,"turns":3},{"damage":35,"enemies":"3 Sentries","floor":11,"turns":8},{"damage":20,"enemies":"Lagavulin","floor":12,"turns":6},{"damage":3,"enemies":"3 Louse","floor":14,"turns":2},{"damage":22,"enemies":"Slime Boss","floor":16,"turns":9},{"damage":31,"enemies":"Spheric Guardian","floor":18,"turns":4},{"damage":12,"enemies":"Shell Parasite","floor":19,"turns":6},{"damage":12,"enemies":"Snecko","floor":20,"turns":4},{"damage":12,"enemies":"Chosen and Byrds","floor":22,"turns":5},{"damage":22,"enemies":"Centurion and Healer","floor":24,"turns":5},{"damage":12,"enemies":"Book of Stabbing","floor":25,"turns":5},{"damage":22,"enemies":"Gremlin Leader","floor":27,"turns":6},{"damage":20,"enemies":"Cultist and Chosen","floor":29,"turns":6},{"damage":18,"enemies":"Snake Plant","floor":30,"turns":3},{"damage":19,"enemies":"Collector","floor":33,"turns":7},{"damage":19,"enemies":"3 Shapes","floor":35,"turns":4},{"damage":13,"enemies":"Orb Walker","floor":39,"turns":4},{"damage":49,"enemies":"4 Shapes","floor":41,"turns":9},{"damage":13,"enemies":"Spire Growth","floor":42,"turns":6},{"damage":20,"enemies":"Maw","floor":45,"turns":6},{"damage":19,"enemies":"Reptomancer","floor":47,"turns":6},{"damage":47,"enemies":"2 Orb Walkers","floor":48,"turns":5},{"damage":89,"enemies":"Awakened One","floor":50,"turns":12}],"seed_played":"-5004098653165809706","potions_obtained":[{"floor":1,"key":"Explosive Potion"},{"floor":3,"key":"PowerPotion"},{"floor":12,"key":"AttackPotion"},{"floor":14,"key":"Ancient Potion"},{"floor":16,"key":"LiquidBronze"},{"floor":25,"key":"AttackPotion"},{"floor":30,"key":"SteroidPotion"},{"floor":33,"key":"AttackPotion"},{"floor":35,"key":"GamblersBrew"},{"floor":41,"key":"Fruit Juice"},{"floor":45,"key":"AttackPotion"}],"is_trial":false,"path_per_floor":["M","?","M","$","M","R","E","M","T","R","?","E","?","M","R","B",null,"M","M","M","?","M","R","M","E","T","E","R","M","M","?","R","B",null,"M","?","$","?","M","R","M","M","T","R","M","R","E","?","R","B",null],"character_chosen":"IRONCLAD","items_purchased":["Inflame","Uppercut","Fire Potion","Panache","Intimidate","SteroidPotion"],"campfire_rested":5,"item_purchase_floors":[4,4,4,37,37,37],"current_hp_per_floor":[72,61,60,60,62,62,40,30,37,60,31,17,17,20,43,27,66,41,35,29,29,35,35,31,37,37,33,56,54,54,54,54,53,73,60,60,60,50,55,55,24,29,29,52,55,55,54,25,50,26],"gold":160,"neow_bonus":"THREE_RARE_CARDS","is_prod":false,"is_daily":false,"chose_seed":false,"campfire_upgraded":5,"win_rate":0,"timestamp":1561999932,"path_taken":["M","?","M","$","M","R","E","M","T","R","?","E","?","?","R","BOSS","M","M","M","?","M","R","M","E","T","E","R","M","M","?","R","BOSS","M","?","$","?","M","R","M","M","T","R","M","R","E","?","R","BOSS"],"build_version":"2019-01-23","purchased_purges":1,"victory":true,"max_hp_per_floor":[72,72,72,72,72,72,72,72,79,79,79,79,79,79,79,79,79,79,79,79,79,79,79,79,79,79,79,79,79,79,79,79,79,79,79,79,79,79,79,79,79,79,79,79,84,84,84,84,84,84],"card_choices":[{"not_picked":["Limit Break","Brutality"],"picked":"Impervious","floor":0},{"not_picked":["Sentinel","Clothesline"],"picked":"Power Through","floor":1},{"not_picked":["True Grit","Flex"],"picked":"Shockwave","floor":3},{"not_picked":["True Grit","Clash"],"picked":"Clothesline","floor":5},{"not_picked":["Rage","Perfected Strike"],"picked":"Corruption","floor":7},{"not_picked":["Havoc","Sever Soul"],"picked":"Sword Boomerang","floor":8},{"not_picked":["Perfected Strike","Pommel Strike","Wild Strike"],"picked":"Headbutt","floor":11},{"not_picked":["Twin Strike","Whirlwind","Clothesline"],"picked":"Dual Wield","floor":12},{"not_picked":["Pommel Strike","Heavy Blade","Perfected Strike"],"picked":"Offering","floor":14},{"not_picked":["Impervious","Bludgeon","Double Tap"],"picked":"Offering","floor":16},{"not_picked":["Fire Breathing","Headbutt","Anger"],"picked":"Dropkick","floor":18},{"not_picked":["Sword Boomerang","Bloodletting","Second Wind"],"picked":"Shrug It Off","floor":19},{"not_picked":["Second Wind","Dropkick","Pommel Strike"],"picked":"Flame Barrier","floor":20},{"not_picked":["Shrug It Off","Sever Soul","Searing Blow"],"picked":"Warcry","floor":22},{"not_picked":["Thunderclap","Body Slam","Wild Strike"],"picked":"Feel No Pain","floor":24},{"not_picked":["Second Wind","Heavy Blade","Sword Boomerang"],"picked":"Feel No Pain","floor":25},{"not_picked":["Flex","Twin Strike","Wild Strike"],"picked":"Offering","floor":27},{"not_picked":["Twin Strike","Shrug It Off","Corruption"],"picked":"Infernal Blade+1","floor":29},{"not_picked":["Body Slam","Anger","Havoc+1"],"picked":"Evolve+1","floor":29},{"not_picked":["Uppercut","Bloodletting","Heavy Blade"],"picked":"Juggernaut","floor":30},{"not_picked":["Shrug It Off","Whirlwind","Sword Boomerang"],"picked":"Body Slam","floor":30},{"not_picked":["Dark Embrace","Offering","Limit Break"],"picked":"Demon Form","floor":33},{"not_picked":["Flame Barrier","Spot Weakness","Anger"],"picked":"Disarm+1","floor":35},{"not_picked":["Pommel Strike","Shrug It Off","Flex"],"picked":"Body Slam+1","floor":35},{"not_picked":["Whirlwind","Warcry","Rage"],"picked":"Armaments","floor":39},{"not_picked":["Heavy Blade","Shrug It Off+1","Clothesline"],"picked":"Inflame","floor":39},{"not_picked":["Wild Strike","Armaments","Intimidate"],"picked":"Second Wind+1","floor":41},{"not_picked":["Havoc+1","Shrug It Off","Rage"],"picked":"Rupture","floor":41},{"not_picked":["Feel No Pain","Flame Barrier","Juggernaut"],"picked":"Battle Trance","floor":42},{"not_picked":["Headbutt","Armaments","Bloodletting","Combust"],"picked":"SKIP","floor":42},{"not_picked":["Whirlwind","Clothesline","Flex"],"picked":"Carnage","floor":45},{"not_picked":["Rampage","Combust","Warcry"],"picked":"Seeing Red","floor":45},{"not_picked":["Shrug It Off+1","Wild Strike+1","Seeing Red"],"picked":"Armaments+1","floor":47}],"player_experience":883278,"relics_obtained":[{"floor":7,"key":"Red Skull"},{"floor":9,"key":"Strawberry"},{"floor":12,"key":"Art of War"},{"floor":25,"key":"Prayer Wheel"},{"floor":26,"key":"Pen Nib"},{"floor":27,"key":"Torii"},{"floor":43,"key":"Gremlin Horn"},{"floor":47,"key":"Anchor"},{"floor":48,"key":"Incense Burner"}],"event_choices":[{"damage_healed":0,"gold_gain":75,"player_choice":"Gather Gold","damage_taken":11,"max_hp_gain":0,"max_hp_loss":0,"event_name":"World of Goop","floor":2,"gold_loss":0},{"damage_healed":0,"gold_gain":0,"player_choice":"Searched \u00272\u0027 times","damage_taken":0,"relics_obtained":["Question Card"],"max_hp_gain":0,"max_hp_loss":0,"event_name":"Dead Adventurer","floor":11,"gold_loss":0},{"cards_removed":["Strike_R"],"damage_healed":0,"gold_gain":0,"player_choice":"Purged","damage_taken":0,"max_hp_gain":0,"max_hp_loss":0,"event_name":"Purifier","floor":13,"gold_loss":0},{"damage_healed":0,"gold_gain":0,"player_choice":"Obtained Relic","damage_taken":0,"relics_obtained":["Meat on the Bone"],"max_hp_gain":0,"max_hp_loss":0,"event_name":"Addict","floor":21,"gold_loss":85},{"cards_removed":["Strike_R"],"damage_healed":0,"gold_gain":0,"player_choice":"Gave Gold","damage_taken":0,"max_hp_gain":0,"max_hp_loss":0,"event_name":"Beggar","floor":31,"gold_loss":75},{"damage_healed":0,"gold_gain":0,"player_choice":"Ignored","damage_taken":0,"max_hp_gain":0,"max_hp_loss":0,"event_name":"Tomb of Lord Red Mask","floor":36,"gold_loss":0},{"damage_healed":0,"gold_gain":0,"player_choice":"Embrace Madness","damage_taken":10,"max_hp_gain":0,"max_hp_loss":0,"event_name":"Winding Halls","floor":38,"gold_loss":0,"cards_obtained":["Madness","Madness"]},{"damage_healed":0,"gold_gain":0,"player_choice":"Fight","damage_taken":0,"max_hp_gain":0,"max_hp_loss":0,"event_name":"Mysterious Sphere","floor":48,"gold_loss":0}],"is_beta":false,"boss_relics":[{"not_picked":["Philosopher\u0027s Stone","Orrery"],"picked":"Astrolabe"},{"not_picked":["Empty Cage","Black Star"],"picked":"Lizard Tail"}],"items_purged_floors":[37],"is_endless":false,"potions_floor_spawned":[1,3,12,14,16,25,30,33,35,41,42,45],"ascension_level":12}