{"gold_per_floor":[119,138,150,170,187,187,215,215,266,330,330,330,343,358,358,435,435,454,465,477,477,43,43,77,89,127,155,187,199,211,239,251,335,347,379,405,417],"floor_reached":37,"playtime":1654,"items_purged":["Strike_R"],"score":819,"play_id":"5074f3f1-f9bd-4881-9cae-e81cad68ec3e","local_time":"20190802023433","is_ascension_mode":true,"campfire_choices":[{"data":"Hemokinesis","floor":6,"key":"SMITH"},{"floor":8,"key":"REST"},{"floor":12,"key":"REST"},{"data":"Armaments","floor":15,"key":"SMITH"},{"data":"RitualDagger","floor":23,"key":"SMITH"},{"data":"Inflame","floor":25,"key":"SMITH"},{"floor":29,"key":"REST"},{"floor":32,"key":"REST"}],"neow_cost":"NONE","seed_source_timestamp":471024824945701,"circlet_count":0,"master_deck":["AscendersBane","Strike_R","Strike_R","Strike_R","Strike_R","Defend_R","Defend_R","Defend_R","Defend_R","Bash","Sword Boomerang","Thunderclap","Combust","Carnage","Hemokinesis+1","Offering","Inflame+1","Armaments+1","Limit Break","RitualDagger+1","Flame Barrier","Fiend Fire"],"relics":["Burning Blood","Red Skull","Potion Belt","Darkstone Periapt","Busted Crown","Gremlin Horn","MawBank","Regal Pillow","Fusion Hammer"],"potions_floor_usage":[4,5,13,16,18,20,28,28,37],"damage_taken":[{"damage":2,"enemies":"2 Louse","floor":1,"turns":5},{"damage":23,"enemies":"Small Slimes","floor":2,"turns":4},{"damage":9,"enemies":"Jaw Worm","floor":3,"turns":4},{"damage":19,"enemies":"Large Slime","floor":4,"turns":7},{"damage":8,"enemies":"3 Louse","floor":5,"turns":3},{"damage":35,"enemies":"Lagavulin","floor":7,"turns":5},{"damage":37,"enemies":"Lagavulin Event","floor":10,"turns":5},{"damage":3,"enemies":"Looter","floor":13,"turns":2},{"damage":4,"enemies":"Exordium Wildlife","floor":14,"turns":3},{"damage":39,"enemies":"The Guardian","floor":16,"turns":11},{"damage":27,"enemies":"Shell Parasite","floor":18,"turns":3},{"damage":6,"enemies":"Spheric Guardian","floor":19,"turns":1},{"damage":43,"enemies":"Chosen and Byrds","floor":20,"turns":5},{"damage":8,"enemies":"Gremlin Leader","floor":24,"turns":3},{"damage":20,"enemies":"Cultist and Chosen","floor":27,"turns":4},{"damage":8,"enemies":"Centurion and Healer","floor":28,"turns":3},{"damage":16,"enemies":"Chosen and Byrds","floor":31,"turns":5},{"damage":33,"enemies":"Collector","floor":33,"turns":7},{"damage":29,"enemies":"Orb Walker","floor":35,"turns":4},{"damage":31,"enemies":"3 Darklings","floor":36,"turns":3},{"damage":41,"enemies":"2 Orb Walkers","floor":37,"turns":2}],"seed_played":"-3536127041299960830","potions_obtained":[{"floor":2,"key":"Poison Potion"},{"floor":3,"key":"Swift Potion"},{"floor":10,"key":"SkillPotion"},{"floor":13,"key":"Fire Potion"},{"floor":14,"key":"Ancient Potion"},{"floor":19,"key":"BloodPotion"},{"floor":24,"key":"PowerPotion"},{"floor":27,"key":"Swift Potion"},{"floor":36,"key":"Block Potion"}],"is_trial":false,"path_per_floor":["M","M","M","M","M","R","E","R","T","?","?","R","M","M","R","B",null,"M","M","M","?","$","R","E","R","T","M","M","R","?","M","R","B",null,"M","M","?"],"character_chosen":"IRONCLAD","items_purchased":["Gremlin Horn","Flame Barrier"],"campfire_rested":4,"item_purchase_floors":[22,22],"current_hp_per_floor":[79,62,59,46,44,44,15,39,39,8,13,39,42,44,44,11,68,47,47,31,25,25,25,23,23,23,9,7,48,23,13,55,28,76,53,28,0],"gold":417,"neow_bonus":"TEN_PERCENT_HP_BONUS","is_prod":false,"is_daily":false,"chose_seed":false,"campfire_upgraded":4,"win_rate":0,"timestamp":1564727673,"path_taken":["M","M","M","M","M","R","E","R","T","?","?","R","M","M","R","BOSS","M","M","M","?","$","R","E","R","T","M","M","R","?","M","R","BOSS","M","M","?"],"build_version":"2019-07-17","purchased_purges":1,"victory":false,"max_hp_per_floor":[82,82,82,82,82,82,82,82,82,82,87,87,87,87,87,87,87,87,87,87,87,87,87,87,87,87,87,87,87,92,92,92,92,92,92,92,92],"card_choices":[{"not_picked":["Infernal Blade","True Grit"],"picked":"Sword Boomerang","floor":1},{"not_picked":["Twin Strike","Body Slam"],"picked":"Thunderclap","floor":2},{"not_picked":["Clash","Perfected Strike"],"picked":"Combust","floor":3},{"not_picked":["Iron Wave","Clothesline"],"picked":"Carnage","floor":4},{"not_picked":["Clash","Perfected Strike"],"picked":"Hemokinesis","floor":5},{"not_picked":["Clothesline","Clash"],"picked":"Offering","floor":7},{"not_picked":["Iron Wave","Sword Boomerang"],"picked":"Inflame","floor":10},{"not_picked":["Anger","Whirlwind","Body Slam"],"picked":"SKIP","floor":13},{"not_picked":["Warcry","Flex"],"picked":"Armaments","floor":14},{"not_picked":["Brutality","Bludgeon"],"picked":"Limit Break","floor":16},{"not_picked":["Perfected Strike"],"picked":"SKIP","floor":18},{"not_picked":["Clash"],"picked":"SKIP","floor":19},{"not_picked":["Cleave"],"picked":"SKIP","floor":20},{"not_picked":["Body Slam"],"picked":"SKIP","floor":24},{"not_picked":["Body Slam"],"picked":"SKIP","floor":24},{"not_picked":["Perfected Strike+1"],"picked":"SKIP","floor":27},{"not_picked":["Headbutt"],"picked":"SKIP","floor":28},{"not_picked":["Heavy Blade"],"picked":"SKIP","floor":31},{"not_picked":[],"picked":"Fiend Fire","floor":33},{"not_picked":["Sever Soul"],"picked":"SKIP","floor":35},{"not_picked":["Body Slam"],"picked":"SKIP","floor":36}],"player_experience":1666605,"relics_obtained":[{"floor":7,"key":"Red Skull"},{"floor":9,"key":"Potion Belt"},{"floor":10,"key":"Darkstone Periapt"},{"floor":24,"key":"MawBank"},{"floor":26,"key":"Regal Pillow"}],"event_choices":[{"damage_healed":0,"gold_gain":0,"player_choice":"Searched \u00272\u0027 times","damage_taken":0,"max_hp_gain":0,"max_hp_loss":0,"event_name":"Dead Adventurer","floor":10,"gold_loss":0},{"damage_healed":0,"gold_gain":0,"player_choice":"Donut","damage_taken":0,"max_hp_gain":5,"max_hp_loss":0,"event_name":"Big Fish","floor":11,"gold_loss":0},{"damage_healed":0,"gold_gain":0,"player_choice":"Joined the Cult","damage_taken":6,"max_hp_gain":0,"max_hp_loss":0,"event_name":"Nest","floor":21,"gold_loss":0,"cards_obtained":["RitualDagger"]},{"damage_healed":0,"gold_gain":0,"player_choice":"Shed Blood","damage_taken":30,"max_hp_gain":5,"max_hp_loss":0,"event_name":"Forgotten Altar","floor":30,"gold_loss":0},{"damage_healed":0,"gold_gain":0,"player_choice":"Fight","damage_taken":0,"max_hp_gain":0,"max_hp_loss":0,"event_name":"Mysterious Sphere","floor":37,"gold_loss":0}],"is_beta":false,"boss_relics":[{"not_picked":["Philosopher\u0027s Stone","White Beast Statue"],"picked":"Busted Crown"},{"not_picked":["Velvet Choker","Tiny House"],"picked":"Fusion Hammer"}],"items_purged_floors":[22],"is_endless":false,"potions_floor_spawned":[2,3,10,13,14,19,24,27,36],"killed_by":"2 Orb Walkers","ascension_level":19}