{"gold_per_floor":[119,119,132,132,143,143,177,177,177,177,195,195,228,228,228,351,351,372,372,372,360,360,398,410,422,434,464,476,488,16,16,16,16],"floor_reached":33,"playtime":1934,"items_purged":[],"score":269,"play_id":"f06d85ce-4e49-40be-81ff-6f12b95036b1","local_time":"20190322081902","is_ascension_mode":false,"campfire_choices":[{"data":"Quick Slash","floor":6,"key":"SMITH"},{"data":"Dagger Spray","floor":8,"key":"SMITH"},{"data":"Neutralize","floor":10,"key":"SMITH"},{"data":"Quick Slash","floor":12,"key":"SMITH"},{"data":"Backflip","floor":15,"key":"SMITH"},{"data":"After Image","floor":24,"key":"SMITH"},{"data":"Poisoned Stab","floor":25,"key":"SMITH"},{"data":"Infinite Blades","floor":28,"key":"SMITH"},{"data":"Trip","floor":32,"key":"SMITH"}],"neow_cost":"NONE","seed_source_timestamp":59260969645723,"circlet_count":0,"master_deck":["Defend_G","Defend_G","Defend_G","Defend_G","Strike_G","Strike_G","Strike_G","Strike_G","Strike_G","Survivor","Neutralize+1","Dodge and Roll","Sucker Punch","Noxious Fumes","Quick Slash+1","Dagger Spray+1","Quick Slash+1","Backflip+1","After Image+1","Backflip","Blade Dance","Poisoned Stab+1","Infinite Blades+1","Trip+1","A Thousand Cuts"],"relics":["Ring of the Snake","NeowsBlessing","Tingsha","Question Card","WingedGreaves","Girya","Golden Idol","HoveringKite","Calipers","MawBank","Mercury Hourglass","Nilry\u0027s Codex","Kunai","MutagenicStrength"],"potions_floor_usage":[16,16,33,33,33],"damage_taken":[{"damage":0,"enemies":"Cultist","floor":1,"turns":1},{"damage":0,"enemies":"2 Louse","floor":3,"turns":1},{"damage":0,"enemies":"Small Slimes","floor":5,"turns":1},{"damage":34,"enemies":"Gremlin Nob","floor":7,"turns":6},{"damage":0,"enemies":"3 Louse","floor":11,"turns":1},{"damage":14,"enemies":"Lagavulin","floor":13,"turns":5},{"damage":9,"enemies":"The Guardian","floor":16,"turns":14},{"damage":0,"enemies":"3 Byrds","floor":18,"turns":5},{"damage":11,"enemies":"2 Thieves","floor":21,"turns":4},{"damage":25,"enemies":"Book of Stabbing","floor":23,"turns":7},{"damage":0,"enemies":"3 Cultists","floor":27,"turns":4},{"damage":15,"enemies":"Automaton","floor":33,"turns":6}],"seed_played":"7157103540382495896","potions_obtained":[{"floor":1,"key":"FearPotion"},{"floor":13,"key":"Block Potion"},{"floor":18,"key":"GhostInAJar"},{"floor":21,"key":"Weak Potion"},{"floor":23,"key":"GamblersBrew"}],"is_trial":false,"path_per_floor":["M","?","M","?","M","R","E","R","T","R","M","R","E","?","R","B",null,"M","?","?","M","?","E","R","R","T","M","R","?","$","?","R","B"],"character_chosen":"THE_SILENT","items_purchased":["Kunai","Trip","A Thousand Cuts"],"campfire_rested":0,"item_purchase_floors":[30,30,30],"current_hp_per_floor":[70,63,63,63,63,63,29,29,29,29,29,29,15,15,15,6,65,65,65,65,54,54,29,29,29,29,29,29,13,13,13,13,0],"gold":16,"neow_bonus":"THREE_ENEMY_KILL","is_prod":false,"is_daily":false,"chose_seed":false,"campfire_upgraded":9,"win_rate":0.0,"timestamp":1553206742,"path_taken":["M","?","M","?","M","R","E","R","T","R","M","R","E","?","R","BOSS","M","?","?","?","?","E","R","R","T","M","R","?","?","?","R","BOSS"],"build_version":"2019-01-23","purchased_purges":0,"victory":false,"max_hp_per_floor":[70,70,70,70,70,70,70,70,70,70,70,70,70,65,65,65,65,65,65,65,65,65,65,65,65,65,65,65,65,65,65,65,65],"card_choices":[{"not_picked":["Leg Sweep","Prepared"],"picked":"Dodge and Roll","floor":1},{"not_picked":["Acrobatics","Deadly Poison"],"picked":"Sucker Punch","floor":3},{"not_picked":["Bouncing Flask","Underhanded Strike"],"picked":"Quick Slash","floor":5},{"not_picked":["Die Die Die","Wraith Form v2"],"picked":"Dagger Spray","floor":7},{"not_picked":["Skewer","Predator","Sucker Punch"],"picked":"Quick Slash","floor":11},{"not_picked":["Dagger Spray","Quick Slash","Doppelganger"],"picked":"Backflip","floor":13},{"not_picked":["Adrenaline","Envenom","Die Die Die"],"picked":"After Image","floor":16},{"not_picked":["Flechettes","Flying Knee","Finisher+1"],"picked":"Backflip","floor":18},{"not_picked":["Escape Plan+1","Skewer","Deflect"],"picked":"Blade Dance","floor":21},{"not_picked":["Dagger Throw","Dash","Sucker Punch"],"picked":"Poisoned Stab","floor":23},{"not_picked":["PiercingWail+1","Terror","Prepared+1"],"picked":"Infinite Blades","floor":27}],"player_experience":18738,"relics_obtained":[{"floor":7,"key":"Question Card"},{"floor":9,"key":"WingedGreaves"},{"floor":13,"key":"Girya"},{"floor":23,"key":"MawBank"},{"floor":26,"key":"Mercury Hourglass"},{"floor":29,"key":"Nilry\u0027s Codex"}],"event_choices":[{"damage_healed":0,"gold_gain":0,"player_choice":"Success","damage_taken":7,"relics_obtained":["Tingsha"],"max_hp_gain":0,"max_hp_loss":0,"event_name":"Scrap Ooze","floor":2,"gold_loss":0},{"damage_healed":0,"gold_gain":0,"cards_transformed":["Defend_G"],"player_choice":"Change","damage_taken":0,"max_hp_gain":0,"max_hp_loss":0,"event_name":"Living Wall","floor":4,"gold_loss":0,"cards_obtained":["Noxious Fumes"]},{"damage_healed":0,"gold_gain":0,"player_choice":"Lose Max HP","damage_taken":0,"relics_obtained":["Golden Idol"],"max_hp_gain":0,"max_hp_loss":5,"event_name":"Golden Idol","floor":14,"gold_loss":0},{"damage_healed":0,"gold_gain":0,"player_choice":"Opened","damage_taken":0,"relics_obtained":["Calipers"],"max_hp_gain":0,"max_hp_loss":0,"event_name":"The Mausoleum","floor":19,"gold_loss":0},{"damage_healed":0,"gold_gain":0,"player_choice":"Bought 0 Potions","damage_taken":0,"max_hp_gain":0,"max_hp_loss":0,"event_name":"The Woman in Blue","floor":20,"gold_loss":0},{"damage_healed":0,"gold_gain":0,"player_choice":"Ignored","damage_taken":0,"max_hp_gain":0,"max_hp_loss":0,"event_name":"Vampires","floor":22,"gold_loss":0},{"damage_healed":0,"gold_gain":0,"player_choice":"Obtained Book","damage_taken":16,"max_hp_gain":0,"max_hp_loss":0,"event_name":"Cursed Tome","floor":29,"gold_loss":0},{"damage_healed":0,"gold_gain":0,"player_choice":"Inject Mutagens","damage_taken":0,"relics_obtained":["MutagenicStrength"],"max_hp_gain":0,"max_hp_loss":0,"event_name":"Drug Dealer","floor":31,"gold_loss":0}],"is_beta":false,"boss_relics":[{"not_picked":["Philosopher\u0027s Stone","Astrolabe"],"picked":"HoveringKite"}],"items_purged_floors":[],"is_endless":false,"potions_floor_spawned":[1,13,18,21,23,27],"killed_by":"Automaton","ascension_level":0}