{"gold_per_floor":[115,115,132,145,145,145,176,176,176,176],"floor_reached":10,"playtime":467,"items_purged":[],"score":76,"play_id":"67f6d421-a6d3-4340-9670-1255ae730b92","local_time":"20190425212241","is_ascension_mode":true,"campfire_choices":[{"data":"Flex","floor":6,"key":"SMITH"},{"data":"Searing Blow","floor":8,"key":"SMITH"}],"neow_cost":"NONE","seed_source_timestamp":3295221598785,"circlet_count":0,"master_deck":["Strike_R","Strike_R","Strike_R","Strike_R","Strike_R","Defend_R","Defend_R","Defend_R","Defend_R","Bash","Offering","Searing Blow+1","Regret","Battle Trance","Cleave","Flex+1","Forethought","Spot Weakness"],"relics":["Burning Blood","Mummified Hand","Calipers","Centennial Puzzle"],"potions_floor_usage":[7],"damage_taken":[{"damage":2,"enemies":"2 Louse","floor":1,"turns":3},{"damage":12,"enemies":"Jaw Worm","floor":3,"turns":3},{"damage":6,"enemies":"Cultist","floor":4,"turns":3},{"damage":51,"enemies":"3 Sentries","floor":7,"turns":10},{"damage":34,"enemies":"Lots of Slimes","floor":10,"turns":4}],"seed_played":"912723780269263547","potions_obtained":[{"floor":1,"key":"Block Potion"}],"is_trial":false,"path_per_floor":["M","?","M","M","?","R","E","R","T","M"],"character_chosen":"IRONCLAD","items_purchased":[],"campfire_rested":0,"item_purchase_floors":[],"current_hp_per_floor":[80,80,74,74,74,74,29,29,29,0],"gold":176,"neow_bonus":"ONE_RANDOM_RARE_CARD","is_prod":false,"is_daily":false,"chose_seed":false,"campfire_upgraded":2,"win_rate":0,"timestamp":1556191361,"path_taken":["M","?","M","M","?","R","E","R","T","M"],"build_version":"2019-01-23","purchased_purges":0,"victory":false,"max_hp_per_floor":[80,80,80,80,80,80,80,80,80,80],"card_choices":[{"not_picked":["Sentinel","Shockwave"],"picked":"Searing Blow","floor":1},{"not_picked":["Clothesline","Headbutt"],"picked":"Battle Trance","floor":3},{"not_picked":["Infernal Blade","Armaments"],"picked":"Cleave","floor":4},{"not_picked":["Headbutt","Shockwave"],"picked":"Spot Weakness","floor":7}],"player_experience":477189,"relics_obtained":[{"floor":7,"key":"Calipers"},{"floor":9,"key":"Centennial Puzzle"}],"event_choices":[{"damage_healed":0,"gold_gain":0,"player_choice":"Box","damage_taken":0,"relics_obtained":["Mummified Hand"],"max_hp_gain":0,"max_hp_loss":0,"event_name":"Big Fish","floor":2,"gold_loss":0,"cards_obtained":["Regret"]},{"damage_healed":0,"gold_gain":0,"player_choice":"2 cards matched","damage_taken":0,"max_hp_gain":0,"max_hp_loss":0,"event_name":"Match and Keep!","floor":5,"gold_loss":0,"cards_obtained":["Flex","Forethought"]}],"is_beta":false,"boss_relics":[],"items_purged_floors":[],"is_endless":false,"potions_floor_spawned":[1],"killed_by":"Lots of Slimes","ascension_level":3}