{"gold_per_floor":[20,20,36,52,64,64,94,113,113,113],"floor_reached":10,"playtime":679,"items_purged":[],"score":140,"play_id":"d3a6fd5a-4455-4982-8af7-226afa341c40","local_time":"20181229171144","is_ascension_mode":true,"campfire_choices":[{"data":"Underhanded Strike","floor":6,"key":"SMITH"}],"neow_cost":"NO_GOLD","seed_source_timestamp":748333457819860,"circlet_count":0,"master_deck":["AscendersBane","Defend_G","Defend_G","Defend_G","Defend_G","Defend_G","Strike_G","Strike_G","Survivor","Neutralize","Poisoned Stab","Venomology","Cloak And Dagger","Underhanded Strike+1","Dash"],"relics":["Ring of the Snake","Ninja Scroll","Blood Vial"],"potions_floor_usage":[3,4,5,5,7,7,10,10],"damage_taken":[{"damage":1,"enemies":"2 Louse","floor":1,"turns":4},{"damage":2,"enemies":"Cultist","floor":3,"turns":5},{"damage":2,"enemies":"Jaw Worm","floor":4,"turns":5},{"damage":4,"enemies":"Exordium Thugs","floor":5,"turns":6},{"damage":31,"enemies":"3 Sentries","floor":7,"turns":13},{"damage":0,"enemies":"Red Slaver","floor":8,"turns":3},{"damage":45,"enemies":"Lagavulin","floor":10,"turns":9}],"seed_played":"-4538022991094322517","potions_obtained":[{"floor":1,"key":"Energy Potion"},{"floor":5,"key":"FairyPotion"}],"is_trial":false,"path_per_floor":["M","?","M","M","M","R","E","M","T","E"],"character_chosen":"THE_SILENT","items_purchased":[],"campfire_rested":0,"item_purchase_floors":[],"current_hp_per_floor":[58,51,49,47,43,43,12,12,12,0],"gold":113,"neow_bonus":"TRANSFORM_TWO_CARDS","is_prod":false,"is_daily":false,"chose_seed":false,"campfire_upgraded":1,"win_rate":0,"timestamp":1546121504,"path_taken":["M","?","M","M","M","R","E","M","T","E"],"build_version":"2018-12-20","purchased_purges":0,"victory":false,"max_hp_per_floor":[66,66,66,66,66,66,66,66,66,66],"card_choices":[{"not_picked":["Acrobatics","Prepared","Reflex"],"picked":"SKIP","floor":1},{"not_picked":["Eviscerate","Deadly Poison"],"picked":"Cloak And Dagger","floor":3},{"not_picked":["Underhanded Strike","Acrobatics","Escape Plan"],"picked":"SKIP","floor":4},{"not_picked":["All Out Attack","Backflip"],"picked":"Underhanded Strike","floor":5},{"not_picked":["Underhanded Strike","Cloak And Dagger"],"picked":"Dash","floor":7},{"not_picked":["Corpse Explosion","Outmaneuver","Dagger Spray"],"picked":"SKIP","floor":8}],"player_experience":1098835,"relics_obtained":[{"floor":7,"key":"Ninja Scroll"},{"floor":9,"key":"Blood Vial"}],"event_choices":[{"cards_removed":["Strike_G"],"damage_healed":0,"gold_gain":0,"player_choice":"Card Removal","damage_taken":7,"max_hp_gain":0,"max_hp_loss":0,"event_name":"Golden Wing","floor":2,"gold_loss":0}],"is_beta":false,"boss_relics":[],"items_purged_floors":[],"is_endless":false,"potions_floor_spawned":[1,5],"killed_by":"Lagavulin","ascension_level":20}