{"gold_per_floor":[119,194,119,130,146,146,178,145,169,169,187,187,200,214,214,319,319,330,330,347,70,70,90,90,90],"floor_reached":25,"playtime":2057,"items_purged":["Strike_G","Strike_G"],"score":297,"play_id":"51dfcb29-5009-4f3d-a496-59f7f560dd4d","local_time":"20181030170030","is_ascension_mode":true,"campfire_choices":[{"data":"Terror","floor":6,"key":"SMITH"},{"floor":10,"key":"REST"},{"floor":15,"key":"REST"},{"floor":24,"key":"REST"}],"neow_cost":"NONE","seed_source_timestamp":244775234116734,"circlet_count":0,"master_deck":["Defend_G","Defend_G","Defend_G","Defend_G","Defend_G","Strike_G","Strike_G","Survivor","Neutralize","Deadly Poison","Terror+1","Acrobatics","Footwork","Backflip","Dash","Underhanded Strike","Prepared","Adrenaline","Flying Knee","Noxious Fumes","Writhe","Tactician"],"relics":["Ring of the Serpent","Smiling Mask","Pen Nib","MealTicket","Centennial Puzzle"],"potions_floor_usage":[11,14,19],"damage_taken":[{"damage":0,"enemies":"Small Slimes","floor":1,"turns":4},{"damage":0,"enemies":"Cultist","floor":4,"turns":4},{"damage":0,"enemies":"2 Louse","floor":5,"turns":2},{"damage":48,"enemies":"3 Sentries","floor":7,"turns":14},{"damage":5,"enemies":"Exordium Thugs","floor":8,"turns":5},{"damage":19,"enemies":"Large Slime","floor":11,"turns":8},{"damage":0,"enemies":"Exordium Wildlife","floor":13,"turns":6},{"damage":0,"enemies":"Exordium Thugs","floor":14,"turns":7},{"damage":25,"enemies":"The Guardian","floor":16,"turns":16},{"damage":7,"enemies":"Spheric Guardian","floor":18,"turns":7},{"damage":0,"enemies":"Masked Bandits","floor":19,"turns":2},{"damage":7,"enemies":"Shell Parasite","floor":20,"turns":5},{"damage":22,"enemies":"Chosen and Byrds","floor":23,"turns":7},{"damage":38,"enemies":"Book of Stabbing","floor":25,"turns":7}],"seed_played":"1973706604860309841","potions_obtained":[{"floor":8,"key":"SkillPotion"},{"floor":11,"key":"SmokeBomb"},{"floor":13,"key":"Fire Potion"}],"is_trial":false,"path_per_floor":["M","?","$","M","M","R","E","M","T","R","M","?","M","M","R","B",null,"M","?","M","$","?","M","R"],"character_chosen":"THE_SILENT","items_purchased":["MealTicket","Noxious Fumes"],"campfire_rested":3,"item_purchase_floors":[21,21],"current_hp_per_floor":[63,56,56,56,56,56,8,3,3,24,5,5,5,5,26,1,53,46,46,39,39,39,17,38,0],"gold":90,"neow_bonus":"REMOVE_CARD","is_prod":false,"is_daily":false,"chose_seed":false,"campfire_upgraded":1,"win_rate":0,"timestamp":1540933230,"path_taken":["M","?","$","M","M","R","E","M","T","R","M","?","M","M","R","BOSS","M","?","M","$","?","M","R","E"],"build_version":"2018-10-25v2","purchased_purges":2,"victory":false,"max_hp_per_floor":[70,70,70,70,70,70,70,70,70,70,70,70,70,70,70,70,70,70,70,70,70,70,70,70,70],"card_choices":[{"not_picked":["Cloak And Dagger","Caltrops"],"picked":"Deadly Poison","floor":1},{"not_picked":["All Out Attack","Riddle With Holes"],"picked":"Terror","floor":4},{"not_picked":["Underhanded Strike","Outmaneuver"],"picked":"Acrobatics","floor":5},{"not_picked":["Dagger Throw","Backflip"],"picked":"Footwork","floor":7},{"not_picked":["Flying Knee","Outmaneuver"],"picked":"Backflip","floor":8},{"not_picked":["Slice","Backstab"],"picked":"Dash","floor":11},{"not_picked":["Setup","Prepared"],"picked":"Underhanded Strike","floor":13},{"not_picked":["Storm of Steel","Slice"],"picked":"Prepared","floor":14},{"not_picked":["Die Die Die","Unload"],"picked":"Adrenaline","floor":16},{"not_picked":["Cloak And Dagger","Leg Sweep"],"picked":"Flying Knee","floor":18},{"not_picked":["Prepared+1","Skewer","Burst"],"picked":"SKIP","floor":20},{"not_picked":["Dagger Spray","Poisoned Stab"],"picked":"Tactician","floor":23}],"player_experience":568977,"relics_obtained":[{"floor":7,"key":"Smiling Mask"},{"floor":9,"key":"Pen Nib"}],"event_choices":[{"damage_healed":0,"gold_gain":75,"player_choice":"Touch","damage_taken":7,"max_hp_gain":0,"max_hp_loss":0,"event_name":"FaceTrader","floor":2,"gold_loss":0},{"damage_healed":0,"gold_gain":0,"player_choice":"Ignored","damage_taken":0,"max_hp_gain":0,"max_hp_loss":0,"event_name":"Liars Game","floor":12,"gold_loss":0},{"damage_healed":0,"gold_gain":0,"player_choice":"Fought Bandits","damage_taken":0,"max_hp_gain":0,"max_hp_loss":0,"event_name":"Masked Bandits","floor":19,"gold_loss":0},{"damage_healed":0,"gold_gain":0,"player_choice":"Opened","damage_taken":0,"relics_obtained":["Centennial Puzzle"],"max_hp_gain":0,"max_hp_loss":0,"event_name":"The Mausoleum","floor":22,"gold_loss":0,"cards_obtained":["Writhe"]}],"is_beta":false,"boss_relics":[{"not_picked":["Orrery","Fusion Hammer"],"picked":"Ring of the Serpent"}],"items_purged_floors":[3,21],"is_endless":false,"potions_floor_spawned":[8,11,13],"killed_by":"Book of Stabbing","ascension_level":9}