{"gold_per_floor":[118,83,83,101,101,101,122,122,122,122,141,15,34,57,57,182,182,195,210,6,6,22,22,22,63,63,63,63],"floor_reached":28,"playtime":740,"items_purged":["Regret"],"score":296,"play_id":"24f9701b-a4a7-49dc-bddc-828d0ce8f6d6","local_time":"20190524200407","is_ascension_mode":true,"campfire_choices":[{"data":"Dualcast","floor":6.0,"key":"SMITH"},{"data":"Redo","floor":8.0,"key":"SMITH"},{"data":"Zap","floor":10.0,"key":"SMITH"},{"data":"White Noise","floor":15.0,"key":"SMITH"},{"floor":23.0,"key":"REST"}],"neow_cost":"NONE","seed_source_timestamp":0,"circlet_count":0,"master_deck":["Strike_B","Strike_B","Strike_B","Defend_B","Defend_B","Defend_B","Defend_B","Zap+1","Dualcast+1","Core Surge","Ball Lightning","Doom and Gloom","Redo+1","White Noise+1","Cold Snap","Streamline","Biased Cognition","Sunder","FTL+1","Stack","Meteor Strike"],"special_seed":0,"relics":["Cracked Core","Golden Idol","Ancient Tea Set","Kunai","Empty Cage","Anchor","Toxic Egg 2","Letter Opener"],"potions_floor_usage":[],"damage_taken":[{"damage":3.0,"enemies":"2 Louse","floor":1.0,"turns":2.0},{"damage":2.0,"enemies":"Jaw Worm","floor":4.0,"turns":2.0},{"damage":0.0,"enemies":"Small Slimes","floor":7.0,"turns":2.0},{"damage":11.0,"enemies":"Looter","floor":11.0,"turns":2.0},{"damage":0.0,"enemies":"3 Louse","floor":13.0,"turns":2.0},{"damage":6.0,"enemies":"Lots of Slimes","floor":14.0,"turns":2.0},{"damage":42.0,"enemies":"Slime Boss","floor":16.0,"turns":10.0},{"damage":13.0,"enemies":"3 Byrds","floor":18.0,"turns":4.0},{"damage":34.0,"enemies":"2 Thieves","floor":19.0,"turns":3.0},{"damage":4.0,"enemies":"Snake Plant","floor":22.0,"turns":3.0},{"damage":36.0,"enemies":"Gremlin Leader","floor":25.0,"turns":5.0},{"damage":18,"enemies":"Colosseum Slavers","floor":27,"turns":4},{"damage":6,"enemies":"Cultist and Chosen","floor":28,"turns":2}],"seed_played":"8263890871928516148","potions_obtained":[{"floor":4.0,"key":"Swift Potion"},{"floor":11.0,"key":"SpeedPotion"},{"floor":19.0,"key":"Fire Potion"}],"is_trial":false,"path_per_floor":["M","?","?","M","?","R","M","R","T","R","M","$","M","M","R","B",null,"M","M","$","?","M","R","?","E","T","?","M"],"character_chosen":"DEFECT","items_purchased":["Fire Potion","Anchor","Block Potion"],"campfire_rested":1,"item_purchase_floors":[12,20,20],"current_hp_per_floor":[65,75,75,73,73,73,73,73,73,73,62,62,62,56,56,14,60,47,13,13,13,9,31,56,20,20,2,0],"gold":63,"neow_bonus":"ONE_RANDOM_RARE_CARD","is_prod":false,"is_daily":false,"chose_seed":false,"campfire_upgraded":4,"win_rate":0,"timestamp":1558692247,"path_taken":["M","?","?","M","?","R","M","R","T","R","M","?","?","M","R","BOSS","M","M","$","?","M","R","?","E","T","?","M"],"build_version":"2019-01-23","purchased_purges":1,"victory":false,"max_hp_per_floor":[75,75,75,75,75,75,75,75,75,75,75,75,75,75,75,75,75,75,75,75,75,75,75,75,75,75,75,75],"card_choices":[{"not_picked":["Redo","Coolheaded"],"picked":"Ball Lightning","floor":1.0},{"not_picked":["Leap","Ball Lightning"],"picked":"Doom and Gloom","floor":4.0},{"not_picked":["Beam Cell","Rip and Tear"],"picked":"Redo","floor":7.0},{"not_picked":["Reprogram","Barrage"],"picked":"White Noise","floor":11.0},{"not_picked":["Leap","Doom and Gloom"],"picked":"Cold Snap","floor":13.0},{"not_picked":["Leap","Aggregate"],"picked":"Streamline","floor":14.0},{"not_picked":["Buffer","Machine Learning"],"picked":"Biased Cognition","floor":16.0},{"not_picked":["Loop","Go for the Eyes"],"picked":"Sunder","floor":18.0},{"not_picked":["Aggregate","Turbo"],"picked":"FTL+1","floor":19.0},{"not_picked":["Hello World","Hologram"],"picked":"Stack","floor":22.0},{"not_picked":["Beam Cell+1","Scrape"],"picked":"Meteor Strike","floor":25.0}],"player_experience":720903,"relics_obtained":[{"floor":9.0,"key":"Kunai"},{"floor":25.0,"key":"Toxic Egg 2"},{"floor":26.0,"key":"Letter Opener"}],"event_choices":[{"damage_healed":18.0,"max_hp_gain":0.0,"max_hp_loss":0.0,"gold_gain":0.0,"event_name":"The Cleric","player_choice":"Healed","floor":2.0,"gold_loss":35.0,"damage_taken":0.0},{"damage_healed":0.0,"max_hp_gain":0.0,"max_hp_loss":0.0,"gold_gain":0.0,"event_name":"Golden Idol","player_choice":"Take Wound","floor":3.0,"gold_loss":0.0,"damage_taken":0.0,"relics_obtained":["Golden Idol"],"cards_obtained":["Injury"]},{"damage_healed":0.0,"max_hp_gain":0.0,"max_hp_loss":0.0,"gold_gain":0.0,"event_name":"Big Fish","player_choice":"Box","floor":5.0,"gold_loss":0.0,"damage_taken":0.0,"relics_obtained":["Ancient Tea Set"],"cards_obtained":["Regret"]},{"damage_healed":0.0,"max_hp_gain":0.0,"max_hp_loss":0.0,"gold_gain":0.0,"event_name":"Beggar","player_choice":"Ignored","floor":21.0,"gold_loss":0.0,"damage_taken":0.0},{"damage_healed":25.0,"max_hp_gain":0.0,"max_hp_loss":0.0,"gold_gain":0.0,"event_name":"The Library","player_choice":"Heal","floor":24.0,"gold_loss":0.0,"damage_taken":0.0},{"damage_healed":0,"gold_gain":0,"player_choice":"Fight","damage_taken":0,"max_hp_gain":0,"max_hp_loss":0,"event_name":"Colosseum","floor":27,"gold_loss":0},{"damage_healed":0,"gold_gain":0,"player_choice":"Fled From Nobs","damage_taken":0,"max_hp_gain":0,"max_hp_loss":0,"event_name":"Colosseum","floor":27,"gold_loss":0}],"is_beta":false,"boss_relics":[{"not_picked":["Pandora\u0027s Box","Runic Pyramid"],"picked":"Empty Cage"}],"items_purged_floors":[12],"is_endless":false,"potions_floor_spawned":[4,11,13,19],"killed_by":"Cultist and Chosen","ascension_level":6}