{"gold_per_floor":[19,19,33,54,5,5,36,36,36,54,77,2,2,2,2,127,127,142,42,43,43],"floor_reached":21,"playtime":973,"items_purged":["Injury","Normality"],"score":233,"play_id":"963e8007-751c-4c34-bd48-5f98aa7eec0d","local_time":"20180802145805","is_ascension_mode":true,"campfire_choices":[{"data":"Flying Knee","floor":6,"key":"SMITH"},{"floor":13,"key":"REST"},{"floor":15,"key":"REST"}],"neow_cost":"NO_GOLD","seed_source_timestamp":1885360547604079,"circlet_count":0,"master_deck":["Defend_G","Defend_G","Defend_G","Defend_G","Strike_G","Strike_G","Strike_G+1","Survivor+1","Neutralize","Sucker Punch","Flying Knee+1","PiercingWail","Slice","Leg Sweep","PiercingWail+1","Deadly Poison+1","Die Die Die","Writhe","Writhe","Deflect+1","Heel Hook+1"],"relics":["Ring of the Snake","Golden Idol","Peace Pipe","Toxic Egg 2","Calling Bell","Centennial Puzzle","Gremlin Horn","Prayer Wheel"],"potions_floor_usage":[11,11,21],"damage_taken":[{"damage":0,"enemies":"Jaw Worm","floor":1,"turns":4},{"damage":0,"enemies":"2 Louse","floor":3,"turns":3},{"damage":0,"enemies":"Small Slimes","floor":4,"turns":3},{"damage":37,"enemies":"3 Sentries","floor":7,"turns":8},{"damage":3,"enemies":"Exordium Wildlife","floor":10,"turns":6},{"damage":0,"enemies":"Large Slime","floor":11,"turns":7},{"damage":16,"enemies":"Hexaghost","floor":16,"turns":13},{"damage":24,"enemies":"Spheric Guardian","floor":18,"turns":7},{"damage":5,"enemies":"2 Thieves","floor":20,"turns":4},{"damage":34,"enemies":"3 Cultists","floor":21,"turns":8}],"seed_played":"4781450985680746605","potions_obtained":[{"floor":4,"key":"Weak Potion"},{"floor":7,"key":"GhostInAJar"},{"floor":10,"key":"AttackPotion"},{"floor":16,"key":"Ancient Potion"}],"is_trial":false,"path_per_floor":["M","?","M","M","$","R","E","?","T","M","M","$","R","?","R","B",null,"M","$","M"],"character_chosen":"THE_SILENT","items_purchased":["Slice"],"campfire_rested":2,"item_purchase_floors":[5],"current_hp_per_floor":[63,63,63,63,63,63,26,12,12,9,9,9,30,30,51,35,61,37,37,32,0],"gold":43,"neow_bonus":"REMOVE_TWO","is_prod":false,"is_daily":false,"chose_seed":false,"campfire_upgraded":1,"win_rate":0,"timestamp":1533236285,"path_taken":["M","?","M","M","$","R","E","?","T","M","M","?","R","?","R","BOSS","M","$","M","M"],"build_version":"2018-07-26","purchased_purges":2,"victory":false,"max_hp_per_floor":[70,70,70,70,70,70,70,70,70,70,70,70,70,70,70,70,70,70,70,70,70],"card_choices":[{"not_picked":["PiercingWail","Calculated Gamble"],"picked":"Sucker Punch","floor":1},{"not_picked":["Choke","Flechettes"],"picked":"Flying Knee","floor":3},{"not_picked":["Flying Knee","Expertise"],"picked":"PiercingWail","floor":4},{"not_picked":["Slice","Deadly Poison"],"picked":"Leg Sweep","floor":7},{"not_picked":["Noxious Fumes","Slice"],"picked":"PiercingWail+1","floor":10},{"not_picked":["Footwork","Sucker Punch"],"picked":"Deadly Poison+1","floor":11},{"not_picked":["Grand Finale","A Thousand Cuts"],"picked":"Die Die Die","floor":16},{"not_picked":["Prepared+1","Slice"],"picked":"Deflect+1","floor":18},{"not_picked":["Deflect+1","Acrobatics+1","Poisoned Stab"],"picked":"SKIP","floor":18},{"not_picked":["Dodge and Roll+1","Reflex+1"],"picked":"Heel Hook+1","floor":20},{"not_picked":["Blade Dance+1","Bane","Deflect+1"],"picked":"SKIP","floor":20}],"player_experience":359419,"relics_obtained":[{"floor":7,"key":"Peace Pipe"},{"floor":9,"key":"Toxic Egg 2"},{"floor":17,"key":"Centennial Puzzle"},{"floor":17,"key":"Gremlin Horn"},{"floor":17,"key":"Prayer Wheel"}],"event_choices":[{"event_name":"Golden Idol","player_choice":"Take Wound","floor":2,"damage_taken":0},{"event_name":"Shining Light","player_choice":"Entered Light","floor":8,"damage_taken":0},{"event_name":"Purifier","player_choice":"One Purge","floor":14,"damage_taken":0}],"is_beta":false,"boss_relics":[{"not_picked":["Runic Dome","Runic Pyramid"],"picked":"Calling Bell"}],"items_purged_floors":[12,19],"is_endless":false,"potions_floor_spawned":[4,7,10,16],"killed_by":"3 Cultists","ascension_level":6}