{"gold_per_floor":[16,16,16,16,16,16,28,41,123,152,162,162,162],"floor_reached":13,"playtime":771,"items_purged":[],"score":100,"play_id":"d7f98eb9-2de9-4232-bd20-998069d31327","local_time":"20190911123328","is_ascension_mode":true,"campfire_choices":[{"floor":6,"key":"REST"},{"floor":12,"key":"REST"}],"neow_cost":"NO_GOLD","seed_source_timestamp":79021381017400,"circlet_count":0,"master_deck":["Strike_R","Strike_R","Strike_R","Strike_R","Defend_R","Defend_R","Defend_R","Defend_R","Bash","Barricade","Havoc","Warcry","Bloodletting","Perfected Strike","Flame Barrier"],"relics":["Burning Blood","Letter Opener","Shuriken"],"potions_floor_usage":[10,10,10],"damage_taken":[{"damage":41,"enemies":"Cultist","floor":1,"turns":8},{"damage":3,"enemies":"2 Louse","floor":7,"turns":3},{"damage":3,"enemies":"Small Slimes","floor":8,"turns":3},{"damage":68,"enemies":"Lagavulin","floor":10,"turns":7},{"damage":7,"enemies":"Gremlin Gang","floor":11,"turns":8},{"damage":35,"enemies":"Exordium Thugs","floor":13,"turns":5}],"seed_played":"-2136169793831264979","potions_obtained":[{"floor":1,"key":"EntropicBrew"},{"floor":11,"key":"Dexterity Potion"}],"is_trial":false,"path_per_floor":["M","$","?","?","$","R","M","M","T","E","M","R","M"],"character_chosen":"IRONCLAD","items_purchased":[],"campfire_rested":2,"item_purchase_floors":[],"current_hp_per_floor":[45,45,42,42,42,66,69,72,72,10,9,33,0],"gold":162,"neow_bonus":"THREE_RARE_CARDS","is_prod":false,"is_daily":false,"chose_seed":false,"campfire_upgraded":0,"win_rate":0,"timestamp":1568223208,"path_taken":["M","?","?","?","$","R","M","M","T","E","M","R","M"],"build_version":"2019-07-17","purchased_purges":0,"victory":false,"max_hp_per_floor":[80,80,80,80,80,80,80,80,80,80,80,80,80],"card_choices":[{"not_picked":["Berserk","Limit Break"],"picked":"Barricade","floor":0},{"not_picked":["Perfected Strike","Feel No Pain"],"picked":"Havoc","floor":1},{"not_picked":["Cleave","Clash"],"picked":"Warcry","floor":7},{"not_picked":["Anger","Flex"],"picked":"Bloodletting","floor":8},{"not_picked":["Warcry","Flex"],"picked":"Perfected Strike","floor":10},{"not_picked":["Dual Wield","Hemokinesis"],"picked":"Flame Barrier","floor":11}],"player_experience":331129,"relics_obtained":[{"floor":10,"key":"Shuriken"}],"event_choices":[{"damage_healed":0,"gold_gain":0,"player_choice":"Success","damage_taken":3,"relics_obtained":["Letter Opener"],"max_hp_gain":0,"max_hp_loss":0,"event_name":"Scrap Ooze","floor":3,"gold_loss":0},{"cards_removed":["Strike_R"],"damage_healed":0,"gold_gain":0,"player_choice":"Offered Basic","damage_taken":0,"max_hp_gain":0,"max_hp_loss":0,"event_name":"Bonfire Elementals","floor":4,"gold_loss":0}],"is_beta":false,"boss_relics":[],"items_purged_floors":[],"is_endless":false,"potions_floor_spawned":[1,11],"killed_by":"Exordium Thugs","ascension_level":4}