{"gold_per_floor":[119,135,135,151,151,151,161,180,203,203,1,17,17,43,43,142,142,153,78,78,98,112,123,123,123,170,170,270,270,281,294,294,394,394,407,419,433,444,544,544,544,544,570,164,164,176,23,23,23,23],"floor_reached":50,"playtime":7079,"items_purged":[],"score":533,"play_id":"975c1121-9be0-4bf5-80bd-5e60ae162b48","local_time":"20190909232012","is_ascension_mode":true,"campfire_choices":[{"floor":6,"key":"RECALL"},{"floor":10,"key":"REST"},{"floor":15,"key":"REST"},{"floor":24,"key":"REST"},{"floor":27,"key":"REST"},{"data":"Recycle","floor":29,"key":"SMITH"},{"floor":32,"key":"REST"},{"floor":40,"key":"REST"},{"floor":41,"key":"REST"},{"data":"Undo","floor":42,"key":"SMITH"},{"floor":49,"key":"REST"}],"neow_cost":"NONE","seed_source_timestamp":471270052127800,"circlet_count":0,"master_deck":["Strike_B","Defend_B","Defend_B+1","Zap","Gash+1","Sunder","Capacitor","Cold Snap","Heatsinks","Coolheaded+1","Chill","All For One","Go for the Eyes+1","Glacier+1","Machine Learning+1","Conserve Battery+1","Double Energy","Gash","Ball Lightning+1","Hologram+1","Recycle+1","White Noise","Turbo","Undo+1","All For One","Ball Lightning+1","Consume+1","Seek","Go for the Eyes+1","Force Field+1","Auto Shields+1"],"relics":["FrozenCore","TheAbacus","Bag of Preparation","Astrolabe","Bag of Marbles","WingedGreaves","Anchor","Potion Belt","Kunai","Vajra"],"potions_floor_usage":[16,37,38,50],"damage_taken":[{"damage":8,"enemies":"Small Slimes","floor":1,"turns":3},{"damage":0,"enemies":"Cultist","floor":2,"turns":3},{"damage":0,"enemies":"2 Louse","floor":4,"turns":2},{"damage":0,"enemies":"Large Slime","floor":7,"turns":3},{"damage":18,"enemies":"3 Louse","floor":8,"turns":3},{"damage":21,"enemies":"Gremlin Gang","floor":12,"turns":4},{"damage":28,"enemies":"Gremlin Nob","floor":14,"turns":5},{"damage":26,"enemies":"Hexaghost","floor":16,"turns":16},{"damage":3,"enemies":"Shell Parasite","floor":18,"turns":8},{"damage":6,"enemies":"2 Thieves","floor":19,"turns":5},{"damage":16,"enemies":"Centurion and Healer","floor":21,"turns":10},{"damage":18,"enemies":"Cultist and Chosen","floor":22,"turns":9},{"damage":14,"enemies":"Shelled Parasite and Fungi","floor":23,"turns":6},{"damage":12,"enemies":"Centurion and Healer","floor":30,"turns":6},{"damage":25,"enemies":"3 Cultists","floor":31,"turns":6},{"damage":11,"enemies":"Champ","floor":33,"turns":15},{"damage":4,"enemies":"3 Darklings","floor":35,"turns":10},{"damage":21,"enemies":"3 Shapes","floor":36,"turns":4},{"damage":17,"enemies":"Maw","floor":37,"turns":10},{"damage":12,"enemies":"Sphere and 2 Shapes","floor":38,"turns":5},{"damage":7,"enemies":"Mind Bloom Boss Battle","floor":39,"turns":9},{"damage":7,"enemies":"Spire Growth","floor":46,"turns":7},{"damage":86,"enemies":"Time Eater","floor":50,"turns":10}],"seed_played":"-3608951088051568292","potions_obtained":[{"floor":1,"key":"FearPotion"},{"floor":4,"key":"GamblersBrew"},{"floor":7,"key":"Energy Potion"},{"floor":21,"key":"Block Potion"},{"floor":38,"key":"Fire Potion"}],"is_trial":false,"path_per_floor":["M","M","?","M","$","R","M","M","T","R","$","M","?","E","R","B",null,"M","M","$","M","M","M","R","?","T","R","?","R","M","M","R","B",null,"M","M","M","M","?","R","R","R","T","$","?","M","$","?","R","B"],"character_chosen":"DEFECT","items_purchased":["TheAbacus","Potion Belt","Kunai","Vajra"],"campfire_rested":8,"item_purchase_floors":[11,44,44,47],"current_hp_per_floor":[67,67,67,67,67,67,67,49,49,71,71,50,50,22,44,18,75,72,66,66,50,32,18,40,40,40,62,62,62,50,25,47,36,75,71,50,33,21,14,36,58,58,58,58,58,51,51,51,73,0],"gold":23,"neow_bonus":"UPGRADE_CARD","is_prod":false,"is_daily":false,"chose_seed":false,"campfire_upgraded":2,"win_rate":0,"timestamp":1568089212,"path_taken":["M","M","?","M","?","R","M","?","T","R","?","M","?","E","R","BOSS","M","M","$","M","M","M","R","?","T","R","?","R","M","M","R","BOSS","M","M","M","?","?","R","R","R","T","$","?","M","$","?","R","BOSS"],"build_version":"2019-07-17","purchased_purges":0,"victory":false,"max_hp_per_floor":[75,75,75,75,75,75,75,75,75,75,75,75,75,75,75,75,75,75,75,75,75,75,75,75,75,75,75,75,75,75,75,75,75,75,75,75,75,75,75,75,75,75,75,75,75,75,75,75,75,75],"card_choices":[{"not_picked":["Capacitor","Rebound"],"picked":"Gash","floor":1},{"not_picked":["Turbo","Ball Lightning"],"picked":"Sunder","floor":2},{"not_picked":["Conserve Battery","Go for the Eyes"],"picked":"Capacitor","floor":4},{"not_picked":["Force Field","Barrage"],"picked":"Cold Snap","floor":7},{"not_picked":["Stack","Tempest"],"picked":"Heatsinks","floor":8},{"not_picked":["Hyperbeam","Doom and Gloom"],"picked":"Coolheaded","floor":12},{"not_picked":["Rip and Tear","Conserve Battery"],"picked":"Chill","floor":14},{"not_picked":["Seek","Machine Learning"],"picked":"All For One","floor":16},{"not_picked":["FTL","Redo"],"picked":"Conserve Battery+1","floor":18},{"not_picked":["Streamline+1","Lockon+1"],"picked":"Double Energy","floor":19},{"not_picked":["Lockon","Streamline"],"picked":"Gash","floor":21},{"not_picked":["Compile Driver+1","Sweeping Beam+1"],"picked":"Ball Lightning+1","floor":22},{"not_picked":["Doom and Gloom","Compile Driver"],"picked":"Hologram+1","floor":23},{"not_picked":["Thunder Strike","Steam+1"],"picked":"Turbo","floor":30},{"not_picked":["Gash","Ball Lightning"],"picked":"Undo","floor":31},{"not_picked":["Thunder Strike","Seek"],"picked":"All For One","floor":33},{"not_picked":["Leap+1","Doom and Gloom+1"],"picked":"Ball Lightning+1","floor":35},{"not_picked":["Ball Lightning","Storm+1"],"picked":"Consume+1","floor":36},{"not_picked":["Rebound","Streamline+1"],"picked":"Seek","floor":37},{"not_picked":["Stack+1","Sunder"],"picked":"Go for the Eyes+1","floor":38},{"not_picked":["Leap","Loop"],"picked":"Force Field+1","floor":39},{"not_picked":["Redo","Chaos+1"],"picked":"Auto Shields+1","floor":46}],"player_experience":312532,"relics_obtained":[{"floor":14,"key":"Bag of Preparation"},{"floor":26,"key":"Bag of Marbles"},{"floor":39,"key":"WingedGreaves"},{"floor":43,"key":"Anchor"}],"event_choices":[{"damage_healed":0,"gold_gain":0,"player_choice":"Upgraded","damage_taken":0,"max_hp_gain":0,"max_hp_loss":0,"event_name":"Upgrade Shrine","floor":3,"gold_loss":0,"cards_upgraded":["Gash"]},{"damage_healed":0,"gold_gain":0,"player_choice":"Grow","damage_taken":0,"max_hp_gain":0,"max_hp_loss":0,"event_name":"Living Wall","floor":13,"gold_loss":0,"cards_upgraded":["Coolheaded"]},{"damage_healed":0,"gold_gain":0,"cards_transformed":["Defend_B","Strike_B"],"player_choice":"Became Test Subject","damage_taken":0,"max_hp_gain":0,"max_hp_loss":0,"event_name":"Drug Dealer","floor":25,"gold_loss":0,"cards_obtained":["Recycle","White Noise"]},{"damage_healed":0,"gold_gain":100,"player_choice":"Pray","damage_taken":0,"max_hp_gain":0,"max_hp_loss":0,"event_name":"Golden Shrine","floor":28,"gold_loss":0},{"damage_healed":0,"gold_gain":0,"player_choice":"Fight","damage_taken":0,"max_hp_gain":0,"max_hp_loss":0,"event_name":"MindBloom","floor":39,"gold_loss":0},{"cards_removed":["Dualcast"],"damage_healed":0,"gold_gain":0,"player_choice":"Removed Skill","damage_taken":0,"max_hp_gain":0,"max_hp_loss":0,"event_name":"Falling","floor":45,"gold_loss":0},{"damage_healed":0,"gold_gain":0,"player_choice":"Ignored","damage_taken":0,"max_hp_gain":0,"max_hp_loss":0,"event_name":"Mysterious Sphere","floor":48,"gold_loss":0}],"is_beta":false,"boss_relics":[{"not_picked":["Calling Bell","Empty Cage"],"picked":"Astrolabe"},{"not_picked":["Eternal Feather","White Beast Statue"],"picked":"FrozenCore"}],"items_purged_floors":[],"is_endless":false,"potions_floor_spawned":[1,4,7,12,21,22,23,30,35,38],"killed_by":"Time Eater","ascension_level":4}