{"gold_per_floor":[119,129,79,93,168,195,195,6,30,30,30,64,64,82,82,185,185,196,230,230,245,259,259,293,309,309,8,28,28,28,41,41,144,144,160,178,400,417,427,427,16,29,55,69,69],"floor_reached":45,"playtime":2181,"items_purged":[],"score":597,"play_id":"70cb5fd6-b869-4f02-bf2b-e7a6be2b380f","local_time":"20190911191938","is_ascension_mode":true,"campfire_choices":[{"data":"TalkToTheHand","floor":7.0,"key":"SMITH"},{"data":"FlyingSleeves","floor":10.0,"key":"SMITH"},{"data":"WindmillStrike","floor":13.0,"key":"SMITH"},{"data":"CutThroughFate","floor":15.0,"key":"SMITH"},{"floor":23.0,"key":"REST"},{"floor":30,"key":"REST"},{"data":"CrushJoints","floor":32,"key":"SMITH"},{"floor":40,"key":"REST"}],"neow_cost":"CURSE","seed_source_timestamp":30326103502450,"circlet_count":0,"master_deck":["Strike_P","Strike_P","Strike_P","Strike_P","Defend_P","Defend_P","Defend_P","Eruption","Vigilance","Injury","WindmillStrike+1","FearNoEvil","TalkToTheHand+1","Sanctity","Vault","FlyingSleeves+1","FollowUp","CutThroughFate+1","Brilliance","Halt+1","CutThroughFate+1","DeusExMachina","SandsOfTime+1","FollowUp+1","EmptyMind+1","SandsOfTime","Injury","CrushJoints+1","Decay","TalkToTheHand","MasterReality","ClearTheMind","Devotion","Conclude+1","StepAndStrike+1","ReachHeaven","Devotion","MentalFortress+1","Regret","EmptyFist+1"],"special_seed":0,"relics":["PureWater","Potion Belt","MealTicket","Eternal Feather","Cursed Key","Red Mask","Strawberry","Pear","Calipers","SacredBark","Bag of Marbles","Blood Vial"],"potions_floor_usage":[24,28,33,33,33,42,44,45],"damage_taken":[{"damage":0.0,"enemies":"Small Slimes","floor":1.0,"turns":2.0},{"damage":4.0,"enemies":"Jaw Worm","floor":2.0,"turns":4.0},{"damage":2.0,"enemies":"2 Louse","floor":4.0,"turns":3.0},{"damage":5.0,"enemies":"Lagavulin","floor":6.0,"turns":7.0},{"damage":15.0,"enemies":"Gremlin Nob","floor":12.0,"turns":4.0},{"damage":23.0,"enemies":"Exordium Thugs","floor":14.0,"turns":3.0},{"damage":0.0,"enemies":"Slime Boss","floor":16.0,"turns":5.0},{"damage":22.0,"enemies":"2 Thieves","floor":18.0,"turns":3.0},{"damage":14.0,"enemies":"Masked Bandits","floor":19.0,"turns":4.0},{"damage":4.0,"enemies":"Shell Parasite","floor":21.0,"turns":6.0},{"damage":30.0,"enemies":"Snake Plant","floor":22.0,"turns":4.0},{"damage":17,"enemies":"Gremlin Leader","floor":24,"turns":5},{"damage":23,"enemies":"Centurion and Healer","floor":25,"turns":6},{"damage":20,"enemies":"3 Cultists","floor":28,"turns":4},{"damage":18,"enemies":"Snecko","floor":31,"turns":3},{"damage":33,"enemies":"Automaton","floor":33,"turns":6},{"damage":8,"enemies":"Orb Walker","floor":35,"turns":2},{"damage":27,"enemies":"3 Shapes","floor":36,"turns":9},{"damage":21,"enemies":"Maw","floor":38,"turns":7},{"damage":20,"enemies":"Sphere and 2 Shapes","floor":39,"turns":4},{"damage":26,"enemies":"4 Shapes","floor":42,"turns":4},{"damage":30,"enemies":"Writhing Mass","floor":44,"turns":4},{"damage":44,"enemies":"Spire Growth","floor":45,"turns":3}],"seed_played":"-3615350089376780489","potions_obtained":[{"floor":1.0,"key":"PowerPotion"},{"floor":6.0,"key":"SkillPotion"},{"floor":12.0,"key":"Dexterity Potion"},{"floor":16.0,"key":"PowerPotion"},{"floor":18.0,"key":"LiquidBronze"},{"floor":19.0,"key":"StancePotion"},{"floor":28,"key":"Strength Potion"},{"floor":31,"key":"GamblersBrew"},{"floor":33,"key":"SteroidPotion"},{"floor":42,"key":"StancePotion"},{"floor":44,"key":"Weak Potion"}],"is_trial":false,"path_per_floor":["M","M","?","M","?","E","R","$","T","R","$","E","R","M","R","B",null,"M","?","?","M","M","R","E","M","T","$","M","?","R","M","R","B",null,"M","M","?","M","M","R","$","M","T","M","M"],"character_chosen":"WATCHER","items_purchased":["Vault","FlyingSleeves","Calipers","Bag of Marbles","ReachHeaven","Devotion","AttackPotion","Energy Potion"],"campfire_rested":3,"item_purchase_floors":[8,8,27,41,41,41,41,41],"current_hp_per_floor":[77,73,73,71,60,55,55,55,55,55,70,55,64,41,50,50,77,55,41,41,37,7,42,32,9,19,34,14,14,57,39,57,24,94,86,59,59,38,18,67,82,56,56,28,0],"gold":69,"neow_bonus":"TWENTY_PERCENT_HP_BONUS","is_prod":false,"is_daily":false,"chose_seed":false,"campfire_upgraded":5,"win_rate":0,"timestamp":1568193578,"path_taken":["M","M","?","M","?","E","R","$","T","R","?","E","R","M","R","BOSS","M","?","?","M","M","R","E","M","T","$","M","?","R","M","R","BOSS","M","M","?","M","M","R","$","M","T","M","M"],"build_version":"2019-09-10","purchased_purges":0,"victory":false,"max_hp_per_floor":[77,77,77,77,77,77,77,77,77,77,77,77,77,77,77,77,77,77,77,77,77,77,77,84,84,94,94,94,94,94,94,94,94,94,94,94,94,94,94,94,94,94,94,94,94],"card_choices":[{"not_picked":["Sanctity","BowlingBash"],"picked":"WindmillStrike","floor":1.0},{"not_picked":["Weave","JustLucky"],"picked":"FearNoEvil","floor":2.0},{"not_picked":["Sanctity","Scrawl"],"picked":"TalkToTheHand","floor":4.0},{"not_picked":["Weave","CrushJoints"],"picked":"Sanctity","floor":6.0},{"not_picked":["Evaluate","WaveOfTheHand"],"picked":"FollowUp","floor":12.0},{"not_picked":["ThirdEye","BowlingBash"],"picked":"CutThroughFate","floor":14.0},{"not_picked":["Wish","Omniscience"],"picked":"Brilliance","floor":16.0},{"not_picked":["JustLucky","Worship+1"],"picked":"Halt+1","floor":18.0},{"not_picked":["BowlingBash","Vengeance"],"picked":"CutThroughFate+1","floor":19.0},{"not_picked":["Halt","BowlingBash"],"picked":"SandsOfTime+1","floor":21.0},{"not_picked":["Vengeance","SignatureMove"],"picked":"FollowUp+1","floor":22.0},{"not_picked":["Consecrate+1","FollowUp+1"],"picked":"EmptyMind+1","floor":24},{"not_picked":["Tantrum","Weave"],"picked":"SandsOfTime","floor":25},{"not_picked":["WaveOfTheHand","ThirdEye"],"picked":"CrushJoints","floor":28},{"not_picked":["BowlingBash+1","FollowUp"],"picked":"TalkToTheHand","floor":31},{"not_picked":["Metaphysics","Unraveling"],"picked":"MasterReality","floor":33},{"not_picked":["Consecrate","CutThroughFate+1"],"picked":"ClearTheMind","floor":35},{"not_picked":["Fasting","Weave+1"],"picked":"Devotion","floor":36},{"not_picked":["EmptyMind+1","Clarity"],"picked":"Conclude+1","floor":38},{"not_picked":["SandsOfTime","BattleHymn"],"picked":"StepAndStrike+1","floor":39},{"not_picked":["Evaluate+1","EmptyBody"],"picked":"MentalFortress+1","floor":42},{"not_picked":["FollowUp+1","Halt+1"],"picked":"EmptyFist+1","floor":44}],"player_experience":1304606,"relics_obtained":[{"floor":6.0,"key":"Potion Belt"},{"floor":9.0,"key":"MealTicket"},{"floor":12.0,"key":"Eternal Feather"},{"floor":19.0,"key":"Red Mask"},{"floor":24,"key":"Strawberry"},{"floor":26,"key":"Pear"},{"floor":43,"key":"Blood Vial"}],"event_choices":[{"cards_removed":["Defend_P"],"damage_healed":0.0,"max_hp_gain":0.0,"max_hp_loss":0.0,"gold_gain":0.0,"event_name":"The Cleric","player_choice":"Card Removal","floor":3.0,"gold_loss":50.0,"damage_taken":0.0},{"damage_healed":0.0,"max_hp_gain":0.0,"max_hp_loss":0.0,"gold_gain":75.0,"event_name":"World of Goop","player_choice":"Gather Gold","floor":5.0,"gold_loss":0.0,"damage_taken":11.0},{"damage_healed":0.0,"max_hp_gain":0.0,"max_hp_loss":0.0,"gold_gain":0.0,"event_name":"Masked Bandits","player_choice":"Fought Bandits","floor":19.0,"gold_loss":0.0,"damage_taken":0.0},{"damage_healed":0.0,"max_hp_gain":0.0,"max_hp_loss":0.0,"gold_gain":0.0,"event_name":"The Library","player_choice":"Read","floor":20.0,"gold_loss":0.0,"damage_taken":0.0,"cards_obtained":["DeusExMachina"]},{"damage_healed":0,"gold_gain":0,"player_choice":"Smashed Altar","damage_taken":0,"max_hp_gain":0,"max_hp_loss":0,"event_name":"Forgotten Altar","floor":29,"gold_loss":0,"cards_obtained":["Decay"]},{"damage_healed":0,"gold_gain":222,"player_choice":"Wore Mask","damage_taken":0,"max_hp_gain":0,"max_hp_loss":0,"event_name":"Tomb of Lord Red Mask","floor":37,"gold_loss":0}],"is_beta":true,"boss_relics":[{"not_picked":["Velvet Choker","Busted Crown"],"picked":"Cursed Key"},{"not_picked":["Black Star","Empty Cage"],"picked":"SacredBark"}],"items_purged_floors":[],"is_endless":false,"potions_floor_spawned":[1,6,12,16,18,19,28,31,33,42,44],"killed_by":"Spire Growth","ascension_level":2}