{"gold_per_floor":[119,119,44,44,58,93,93,111,136,147,147,182,82,98,98,177,177,189,209,34,34],"floor_reached":21,"playtime":1218,"items_purged":["Strike_G","Strike_G","Strike_G"],"score":406,"play_id":"0d4c90a1-1e35-4b0b-a92d-f2200b93c8bc","local_time":"20181219224636","is_ascension_mode":true,"campfire_choices":[{"floor":7.0,"key":"RECALL"},{"data":"Calculated Gamble","floor":11.0,"key":"SMITH"},{"data":"Masterful Stab","floor":15.0,"key":"SMITH"}],"neow_cost":"NONE","seed_source_timestamp":529489886259430,"circlet_count":0,"master_deck":["AscendersBane","Defend_G","Defend_G","Defend_G","Defend_G","Defend_G","Strike_G","Strike_G","Survivor","Neutralize","Well Laid Plans","Heel Hook","Masterful Stab+1","Calculated Gamble+1","Malaise"],"special_seed":0,"relics":["Ring of the Snake","NeowsBlessing","Bag of Preparation","NlothsMask","Bag of Marbles","Gremlin Horn","Runic Dome"],"potions_floor_usage":[21],"damage_taken":[{"damage":0.0,"enemies":"Cultist","floor":1.0,"turns":1.0},{"damage":0.0,"enemies":"2 Louse","floor":5.0,"turns":1.0},{"damage":0.0,"enemies":"3 Sentries","floor":6.0,"turns":1.0},{"damage":1.0,"enemies":"Jaw Worm","floor":8.0,"turns":3.0},{"damage":1.0,"enemies":"Large Slime","floor":10.0,"turns":4.0},{"damage":0.0,"enemies":"Gremlin Nob","floor":12.0,"turns":3.0},{"damage":0.0,"enemies":"Blue Slaver","floor":14.0,"turns":1.0},{"damage":53.0,"enemies":"The Guardian","floor":16.0,"turns":21.0},{"damage":3.0,"enemies":"Chosen","floor":18.0,"turns":6.0},{"damage":15.0,"enemies":"3 Byrds","floor":19.0,"turns":6.0},{"damage":33,"enemies":"Sentry and Sphere","floor":21,"turns":15}],"seed_played":"6065296035152389165","potions_obtained":[{"floor":1.0,"key":"Poison Potion"},{"floor":5.0,"key":"Energy Potion"},{"floor":16.0,"key":"SkillPotion"},{"floor":18.0,"key":"Weak Potion"}],"is_trial":false,"path_per_floor":["M","?","$","?","M","E","R","M","T","M","R","E","$","M","R","B",null,"M","M","$","M"],"character_chosen":"THE_SILENT","items_purchased":["PowerPotion"],"campfire_rested":0,"item_purchase_floors":[20],"current_hp_per_floor":[59,56,56,56,56,56,56,55,55,54,54,54,54,54,54,1,50,47,32,32,0],"gold":34,"neow_bonus":"THREE_ENEMY_KILL","is_prod":false,"is_daily":false,"chose_seed":false,"campfire_upgraded":2,"win_rate":0,"timestamp":1545277596,"path_taken":["M","?","$","?","M","E","R","M","T","M","R","E","$","M","R","BOSS","M","M","$","M"],"build_version":"2018-12-13","purchased_purges":3,"victory":false,"max_hp_per_floor":[66,66,66,66,66,66,66,66,66,66,66,66,66,66,66,66,66,66,66,66,66],"card_choices":[{"not_picked":["Setup","Expertise"],"picked":"Well Laid Plans","floor":1.0},{"not_picked":["Poisoned Stab","Prepared","Accuracy"],"picked":"SKIP","floor":5.0},{"not_picked":["Deadly Poison","Setup"],"picked":"Heel Hook","floor":6.0},{"not_picked":["Deflect","Backflip"],"picked":"Masterful Stab","floor":8.0},{"not_picked":["Unload","Dagger Throw"],"picked":"Calculated Gamble","floor":10.0},{"not_picked":["Flying Knee","Well Laid Plans","Storm of Steel"],"picked":"SKIP","floor":12.0},{"not_picked":["Slice","Dodge and Roll","Caltrops"],"picked":"SKIP","floor":14.0},{"not_picked":["Burst","Corpse Explosion"],"picked":"Malaise","floor":16.0},{"not_picked":["Accuracy","Cloak And Dagger","Dagger Throw"],"picked":"SKIP","floor":18.0},{"not_picked":["Acrobatics+1","Slice","Predator"],"picked":"SKIP","floor":19.0}],"player_experience":913267,"relics_obtained":[{"floor":6.0,"key":"Bag of Marbles"},{"floor":12.0,"key":"Gremlin Horn"}],"event_choices":[{"damage_healed":0.0,"max_hp_gain":0.0,"max_hp_loss":0.0,"gold_gain":0.0,"event_name":"Scrap Ooze","player_choice":"Success","floor":2.0,"gold_loss":0.0,"damage_taken":3.0,"relics_obtained":["Bag of Preparation"]},{"damage_healed":0.0,"max_hp_gain":0.0,"max_hp_loss":0.0,"gold_gain":0.0,"event_name":"FaceTrader","player_choice":"Trade","floor":4.0,"gold_loss":0.0,"damage_taken":0.0,"relics_obtained":["NlothsMask"]}],"is_beta":false,"boss_relics":[{"not_picked":["Velvet Choker","WristBlade"],"picked":"Runic Dome"}],"items_purged_floors":[3,13,20],"is_endless":false,"potions_floor_spawned":[1,5,10,16,18],"killed_by":"Sentry and Sphere","ascension_level":14}