{"gold_per_floor":[113,113,134,150,23,23,66,66,90,90,42,42,42,56,56,181,181,195,185,185],"floor_reached":20,"playtime":752,"items_purged":["Decay"],"score":189,"play_id":"5a304e49-0a8d-4b92-8b62-a49ac949922a","local_time":"20190421185038","is_ascension_mode":true,"campfire_choices":[{"data":"Demon Form","floor":6,"key":"SMITH"},{"floor":8,"key":"REST"},{"data":"Limit Break","floor":12,"key":"SMITH"},{"floor":15,"key":"REST"}],"neow_cost":"CURSE","seed_source_timestamp":12546499834754,"circlet_count":0,"master_deck":["Strike_R","Strike_R","Strike_R","Strike_R","Strike_R","Defend_R","Defend_R","Defend_R","Defend_R+1","Bash","Demon Form+1","Intimidate","Injury","Feel No Pain","Wild Strike","Wild Strike","Body Slam+1","Limit Break+1","Flex","Dark Shackles","Bash","Dropkick","Inflame","Berserk","Sword Boomerang","Power Through"],"relics":["Burning Blood","Golden Idol","Dream Catcher","Vajra","Mark of Pain"],"potions_floor_usage":[16,18,19],"damage_taken":[{"damage":9,"enemies":"2 Louse","floor":1,"turns":2},{"damage":13,"enemies":"Small Slimes","floor":3,"turns":4},{"damage":7,"enemies":"Jaw Worm","floor":4,"turns":5},{"damage":31,"enemies":"Lagavulin","floor":7,"turns":5},{"damage":1,"enemies":"3 Louse","floor":14,"turns":3},{"damage":27,"enemies":"The Guardian","floor":16,"turns":9},{"damage":16,"enemies":"Shell Parasite","floor":18,"turns":4},{"damage":25,"enemies":"2 Thieves","floor":19,"turns":4},{"damage":61,"enemies":"3 Cultists","floor":20,"turns":6}],"seed_played":"3072244982251380051","potions_obtained":[{"floor":14,"key":"SpeedPotion"},{"floor":16,"key":"AttackPotion"},{"floor":18,"key":"SkillPotion"}],"is_trial":false,"path_per_floor":["M","?","M","M","$","R","E","R","T","?","$","R","?","M","R","B",null,"M","M","M"],"character_chosen":"IRONCLAD","items_purchased":["Wild Strike","Flex"],"campfire_rested":2,"item_purchase_floors":[5,11],"current_hp_per_floor":[77,77,70,69,69,69,44,68,68,52,52,52,52,57,80,59,80,70,51,0],"gold":185,"neow_bonus":"THREE_RARE_CARDS","is_prod":false,"is_daily":false,"chose_seed":false,"campfire_upgraded":2,"win_rate":0,"timestamp":1555836638,"path_taken":["M","?","M","M","$","R","E","R","T","?","?","R","?","?","R","BOSS","M","M","M"],"build_version":"2019-01-23","purchased_purges":1,"victory":false,"max_hp_per_floor":[80,80,80,80,80,80,80,80,80,80,80,80,80,80,80,80,80,80,80,80],"card_choices":[{"not_picked":["Juggernaut","Immolate"],"picked":"Demon Form","floor":0},{"not_picked":["True Grit","Reckless Charge"],"picked":"Intimidate","floor":1},{"not_picked":["Sever Soul","Warcry"],"picked":"Feel No Pain","floor":3},{"not_picked":["Clash","Burning Pact"],"picked":"Wild Strike","floor":4},{"not_picked":["Twin Strike","Cleave"],"picked":"Body Slam","floor":7},{"not_picked":["True Grit","Combust"],"picked":"Limit Break","floor":8},{"not_picked":["Clash","Flex"],"picked":"Dropkick","floor":14},{"not_picked":["Flex","Flame Barrier"],"picked":"Inflame","floor":15},{"not_picked":["Immolate","Bludgeon"],"picked":"Berserk","floor":16},{"not_picked":["Wild Strike","Clash"],"picked":"Sword Boomerang","floor":18},{"not_picked":["Inflame","Iron Wave"],"picked":"Power Through","floor":19}],"player_experience":391182,"relics_obtained":[{"floor":7,"key":"Dream Catcher"},{"floor":9,"key":"Vajra"}],"event_choices":[{"damage_healed":0,"gold_gain":0,"player_choice":"Take Wound","damage_taken":0,"relics_obtained":["Golden Idol"],"max_hp_gain":0,"max_hp_loss":0,"event_name":"Golden Idol","floor":2,"gold_loss":0,"cards_obtained":["Injury"]},{"damage_healed":0,"gold_gain":0,"player_choice":"Entered Light","damage_taken":16,"max_hp_gain":0,"max_hp_loss":0,"event_name":"Shining Light","floor":10,"gold_loss":0,"cards_upgraded":["Body Slam","Defend_R"]},{"damage_healed":0,"gold_gain":0,"player_choice":"2 cards matched","damage_taken":0,"max_hp_gain":0,"max_hp_loss":0,"event_name":"Match and Keep!","floor":13,"gold_loss":0,"cards_obtained":["Dark Shackles","Bash"]},{"damage_healed":0,"gold_gain":0,"player_choice":"2 cards matched","damage_taken":0,"max_hp_gain":0,"max_hp_loss":0,"event_name":"Match and Keep!","floor":13,"gold_loss":0,"cards_obtained":["Dark Shackles","Bash"]}],"is_beta":false,"boss_relics":[{"not_picked":["Eternal Feather","Fusion Hammer"],"picked":"Mark of Pain"}],"items_purged_floors":[5],"is_endless":false,"potions_floor_spawned":[14,16,18],"killed_by":"3 Cultists","ascension_level":2}