{"gold_per_floor":[119,130,80,92,92,92,109,109,132,151,76,91,91,120,120,216,216,235,252,106,106,121,121],"floor_reached":23,"playtime":1066,"items_purged":["Defend_R"],"score":251,"play_id":"50093a8d-d9e8-40ac-ad61-0c1a94edf12c","local_time":"20180726224754","is_ascension_mode":true,"campfire_choices":[{"data":"Bash","floor":6,"key":"SMITH"},{"data":"Dropkick","floor":8,"key":"SMITH"},{"data":"Shrug It Off","floor":15,"key":"SMITH"}],"neow_cost":"NONE","seed_source_timestamp":1308645967057579,"circlet_count":0,"master_deck":["Bash+1","Pommel Strike","Dropkick+1","Impervious","Dropkick","Dual Wield","Shrug It Off+1","Impervious","Dropkick","Second Wind","Flex","Havoc","Pommel Strike","Power Through","Demon Form"],"relics":["Burning Blood","Mercury Hourglass","Blood Vial","Anchor","Pandora\u0027s Box","Ancient Tea Set"],"potions_floor_usage":[16,18,18],"damage_taken":[{"damage":3,"enemies":"2 Louse","floor":1,"turns":4},{"damage":4,"enemies":"Small Slimes","floor":2,"turns":5},{"damage":2,"enemies":"Jaw Worm","floor":4,"turns":3},{"damage":17,"enemies":"Lots of Slimes","floor":7,"turns":3},{"damage":3,"enemies":"Blue Slaver","floor":10,"turns":2},{"damage":0,"enemies":"Large Slime","floor":12,"turns":2},{"damage":20,"enemies":"Gremlin Nob","floor":14,"turns":4},{"damage":35,"enemies":"The Guardian","floor":16,"turns":8},{"damage":13,"enemies":"3 Byrds","floor":18,"turns":4},{"damage":1,"enemies":"2 Thieves","floor":19,"turns":4},{"damage":2,"enemies":"Centurion and Healer","floor":22,"turns":5},{"damage":68,"enemies":"Book of Stabbing","floor":23,"turns":7}],"seed_played":"2494571857210180221","potions_obtained":[{"floor":1,"key":"Explosive Potion"},{"floor":7,"key":"Energy Potion"},{"floor":12,"key":"SkillPotion"},{"floor":14,"key":"Strength Potion"},{"floor":22,"key":"SteroidPotion"}],"is_trial":false,"path_per_floor":["M","M","?","M","T","R","M","R","T","M","$","M","?","E","R","B",null,"M","M","$","?","M"],"character_chosen":"IRONCLAD","items_purchased":["Ancient Tea Set"],"campfire_rested":0,"item_purchase_floors":[20],"current_hp_per_floor":[75,77,77,80,80,80,69,69,69,74,74,80,80,66,66,39,70,65,72,72,57,63,0],"gold":121,"neow_bonus":"REMOVE_CARD","is_prod":false,"is_daily":false,"chose_seed":false,"campfire_upgraded":3,"win_rate":0,"timestamp":1532659674,"path_taken":["M","M","?","M","?","R","?","R","T","M","$","M","?","E","R","BOSS","M","M","?","?","?","E"],"build_version":"2018-07-26","purchased_purges":1,"victory":false,"max_hp_per_floor":[80,80,80,80,80,80,80,80,80,80,80,80,80,80,80,80,80,80,80,80,85,85,85],"card_choices":[{"not_picked":["Heavy Blade","Anger"],"picked":"Pommel Strike","floor":1},{"not_picked":["Headbutt","Fire Breathing"],"picked":"Dropkick","floor":2},{"not_picked":["Wild Strike","Entrench"],"picked":"Impervious","floor":4},{"not_picked":["Clothesline","Cleave"],"picked":"Dropkick","floor":7},{"not_picked":["Sentinel","Iron Wave"],"picked":"Dual Wield","floor":10},{"not_picked":["Pommel Strike","Carnage"],"picked":"Shrug It Off","floor":12},{"not_picked":["Warcry","Limit Break","Armaments"],"picked":"SKIP","floor":14},{"not_picked":["Berserk","Dark Embrace"],"picked":"Impervious","floor":16},{"not_picked":["Shrug It Off","Perfected Strike","Warcry"],"picked":"SKIP","floor":18},{"not_picked":["Clothesline+1","Perfected Strike","Body Slam"],"picked":"SKIP","floor":19},{"not_picked":["Anger","Clash"],"picked":"Demon Form","floor":22}],"player_experience":322285,"relics_obtained":[{"floor":5,"key":"Mercury Hourglass"},{"floor":9,"key":"Blood Vial"},{"floor":14,"key":"Anchor"}],"event_choices":[{"event_name":"The Cleric","player_choice":"Card Removal","floor":3,"damage_taken":0},{"event_name":"Liars Game","player_choice":"disagreed","floor":13,"damage_taken":0},{"event_name":"Forgotten Altar","player_choice":"Shed Blood","floor":21,"damage_taken":0}],"is_beta":false,"boss_relics":[{"not_picked":["Runic Cube","Calling Bell"],"picked":"Pandora\u0027s Box"}],"items_purged_floors":[11],"is_endless":false,"potions_floor_spawned":[1,7,12,14,22],"killed_by":"Book of Stabbing","ascension_level":6}