{"gold_per_floor":[111,111,131,17,30,30,56,75,75,75,38,38,52,81,81,81],"floor_reached":16,"playtime":347,"items_purged":[],"score":204,"play_id":"aa2e9cbf-4c6b-4f67-8c16-f9f5e04891be","local_time":"20190809200651","is_ascension_mode":true,"campfire_choices":[{"data":"Pommel Strike","floor":6,"key":"SMITH"},{"data":"Dark Embrace","floor":10,"key":"SMITH"},{"data":"Uppercut","floor":12,"key":"SMITH"},{"floor":15,"key":"REST"}],"neow_cost":"NONE","seed_source_timestamp":94754018964507,"circlet_count":0,"master_deck":["AscendersBane","Strike_R","Strike_R","Strike_R","Strike_R","Defend_R","Defend_R","Defend_R","Defend_R","Bash","Twin Strike","Pommel Strike+1","Clothesline","Feel No Pain","Whirlwind","Anger","Uppercut+1","Dark Embrace+1","Corruption","Heavy Blade","Offering"],"relics":["Burning Blood","NeowsBlessing","Unceasing Top","Mercury Hourglass","Bottled Flame"],"potions_floor_usage":[16],"damage_taken":[{"damage":0,"enemies":"Jaw Worm","floor":1,"turns":1},{"damage":0,"enemies":"Cultist","floor":3,"turns":1},{"damage":0,"enemies":"Small Slimes","floor":5,"turns":1},{"damage":8,"enemies":"Gremlin Nob","floor":7,"turns":3},{"damage":11,"enemies":"Red Slaver","floor":8,"turns":3},{"damage":17,"enemies":"Looter","floor":13,"turns":3},{"damage":25,"enemies":"3 Sentries","floor":14,"turns":5},{"damage":61,"enemies":"Hexaghost","floor":16,"turns":9}],"seed_played":"8980207907494693948","potions_obtained":[{"floor":7,"key":"SpeedPotion"},{"floor":14,"key":"SteroidPotion"}],"is_trial":false,"path_per_floor":["M","?","M","$","M","R","E","M","T","R","$","R","M","E","R","B"],"character_chosen":"IRONCLAD","items_purchased":["Feel No Pain","Whirlwind","Corruption"],"campfire_rested":1,"item_purchase_floors":[4,4,11],"current_hp_per_floor":[74,74,75,75,75,75,73,68,68,68,68,68,57,38,60,0],"gold":81,"neow_bonus":"THREE_ENEMY_KILL","is_prod":false,"is_daily":false,"chose_seed":false,"campfire_upgraded":3,"win_rate":0,"timestamp":1565345211,"path_taken":["M","?","?","$","M","R","E","?","T","R","$","R","M","E","R","BOSS"],"build_version":"2019-07-17","purchased_purges":0,"victory":false,"max_hp_per_floor":[75,75,75,75,75,75,75,75,75,75,75,75,75,75,75,75],"card_choices":[{"not_picked":["Clash","Warcry"],"picked":"Twin Strike","floor":1},{"not_picked":["Wild Strike","Iron Wave"],"picked":"Clothesline","floor":3},{"not_picked":["Heavy Blade","Second Wind"],"picked":"Anger","floor":5},{"not_picked":["Disarm","Clothesline"],"picked":"Uppercut","floor":7},{"not_picked":["Anger","Second Wind"],"picked":"Dark Embrace","floor":8},{"not_picked":["Warcry","Pommel Strike"],"picked":"Heavy Blade","floor":13},{"not_picked":["Burning Pact","Disarm"],"picked":"Offering","floor":14}],"player_experience":1177345,"relics_obtained":[{"floor":7,"key":"Unceasing Top"},{"floor":9,"key":"Mercury Hourglass"},{"floor":14,"key":"Bottled Flame"}],"event_choices":[{"damage_healed":0,"gold_gain":0,"cards_transformed":["Strike_R"],"player_choice":"Transformed","damage_taken":0,"max_hp_gain":0,"max_hp_loss":0,"event_name":"Transmorgrifier","floor":2,"gold_loss":0,"cards_obtained":["Pommel Strike"]}],"is_beta":false,"boss_relics":[],"items_purged_floors":[],"is_endless":false,"potions_floor_spawned":[7,14],"killed_by":"Hexaghost","ascension_level":17}