{"gold_per_floor":[360,377,377,377,552,351,365,365,411,30,55,8,8,19,19,121,121,135,145,160,160],"floor_reached":21,"playtime":1456,"items_purged":[],"score":179,"play_id":"aeb8fc54-0394-4666-93ae-edf2b701cd97","local_time":"20190323065511","is_ascension_mode":false,"campfire_choices":[{"data":"Pommel Strike","floor":8,"key":"SMITH"},{"floor":13,"key":"REST"},{"data":"Body Slam","floor":15,"key":"SMITH"}],"neow_cost":"PERCENT_DAMAGE","seed_source_timestamp":31219947443805,"circlet_count":0,"master_deck":["Strike_R","Strike_R","Strike_R","Strike_R","Strike_R","Defend_R","Defend_R","Defend_R","Defend_R","Bash","Cleave","Flex","Doubt","Pommel Strike+1","Demon Form","Body Slam+1","Headbutt","Cleave","Havoc","Armaments","Clothesline+1","Intimidate","Double Tap","Clash+1","Thunderclap+1","Heavy Blade+1"],"relics":["Burning Blood","Regal Pillow","Meat on the Bone","Molten Egg 2","Mark of Pain"],"potions_floor_usage":[16,16,20,21],"damage_taken":[{"damage":4,"enemies":"Jaw Worm","floor":1,"turns":5},{"damage":2,"enemies":"Small Slimes","floor":2,"turns":4},{"damage":10,"enemies":"Cultist","floor":7,"turns":4},{"damage":47,"enemies":"3 Sentries","floor":11,"turns":8},{"damage":14,"enemies":"2 Fungi Beasts","floor":14,"turns":3},{"damage":54,"enemies":"Slime Boss","floor":16,"turns":11},{"damage":31,"enemies":"3 Byrds","floor":18,"turns":6},{"damage":28,"enemies":"Shell Parasite","floor":19,"turns":7},{"damage":34,"enemies":"Centurion and Healer","floor":20,"turns":7},{"damage":40,"enemies":"Snecko","floor":21,"turns":5}],"seed_played":"-9158405757576888273","potions_obtained":[{"floor":2,"key":"Explosive Potion"},{"floor":11,"key":"Explosive Potion"},{"floor":16,"key":"LiquidBronze"},{"floor":19,"key":"Fruit Juice"}],"is_trial":false,"path_per_floor":["M","M","?","?","?","$","M","R","T","$","E","$","R","M","R","B",null,"M","M","M","M"],"character_chosen":"IRONCLAD","items_purchased":["Pommel Strike","Demon Form","Headbutt","Cleave","Havoc","Meat on the Bone","Clothesline+1"],"campfire_rested":1,"item_purchase_floors":[6,6,10,10,10,10,12],"current_hp_per_floor":[58,62,62,62,62,62,58,58,58,58,29,29,68,60,60,24,80,55,45,34,0],"gold":160,"neow_bonus":"TWO_FIFTY_GOLD","is_prod":false,"is_daily":false,"chose_seed":false,"campfire_upgraded":2,"win_rate":0.0,"timestamp":1553288111,"path_taken":["M","M","?","?","?","?","?","R","T","$","E","?","R","M","R","BOSS","M","M","M","M"],"build_version":"2019-01-23","purchased_purges":0,"victory":false,"max_hp_per_floor":[80,80,80,80,80,80,80,80,80,80,80,80,80,80,80,80,80,80,80,85,85],"card_choices":[{"not_picked":["Twin Strike","Corruption"],"picked":"Cleave","floor":1},{"not_picked":["Sword Boomerang","Shockwave"],"picked":"Flex","floor":2},{"not_picked":["Iron Wave","Cleave"],"picked":"Body Slam","floor":7},{"not_picked":["Spot Weakness","Headbutt"],"picked":"Armaments","floor":11},{"not_picked":["Combust","Burning Pact"],"picked":"Intimidate","floor":14},{"not_picked":["Limit Break","Reaper+1"],"picked":"Double Tap","floor":16},{"not_picked":["Clothesline+1","Second Wind"],"picked":"Clash+1","floor":18},{"not_picked":["Carnage+1","Feel No Pain"],"picked":"Thunderclap+1","floor":19},{"not_picked":["Headbutt+1","Dropkick+1"],"picked":"Heavy Blade+1","floor":20}],"player_experience":67707,"relics_obtained":[{"floor":9,"key":"Regal Pillow"},{"floor":11,"key":"Molten Egg 2"}],"event_choices":[{"damage_healed":0,"gold_gain":0,"player_choice":"Ignored","damage_taken":0,"max_hp_gain":0,"max_hp_loss":0,"event_name":"Golden Wing","floor":3,"gold_loss":0},{"damage_healed":0,"gold_gain":0,"player_choice":"Leave","damage_taken":0,"max_hp_gain":0,"max_hp_loss":0,"event_name":"The Cleric","floor":4,"gold_loss":0},{"damage_healed":0,"gold_gain":175,"player_choice":"AGREE","damage_taken":0,"max_hp_gain":0,"max_hp_loss":0,"event_name":"Liars Game","floor":5,"gold_loss":0,"cards_obtained":["Doubt"]}],"is_beta":false,"boss_relics":[{"not_picked":["Runic Pyramid","Empty Cage"],"picked":"Mark of Pain"}],"items_purged_floors":[],"is_endless":false,"potions_floor_spawned":[2,11,16,19],"killed_by":"Snecko","ascension_level":0}