{"gold_per_floor":[109,0,50,25,45,45,78,78,123,123,141,0,10,70,70,146,146,164,144,158,170,186,186],"floor_reached":23,"playtime":932,"items_purged":["Strike_B"],"score":378,"play_id":"0657e51c-2666-47a0-92d3-7bfb17811963","local_time":"20190716073128","is_ascension_mode":true,"campfire_choices":[{"data":"Sunder","floor":6,"key":"SMITH"},{"data":"Redo","floor":8,"key":"SMITH"},{"data":"Lockon","floor":10,"key":"SMITH"},{"data":"Fission","floor":15,"key":"SMITH"}],"neow_cost":"NONE","seed_source_timestamp":5829141890682,"circlet_count":0,"master_deck":["AscendersBane","Strike_B","Strike_B","Strike_B","Defend_B","Defend_B","Defend_B+1","Defend_B+1","Zap","Dualcast","Redo","Lockon+1","Ball Lightning","Sunder+1","Redo+1","White Noise","Fission+1","Turbo","Glacier","Amplify","Consume","Streamline","Glacier+1","Conserve Battery+1"],"relics":["Cracked Core","NeowsBlessing","War Paint","Smiling Mask","Shuriken","Lizard Tail"],"potions_floor_usage":[14,20,23],"damage_taken":[{"damage":0,"enemies":"Small Slimes","floor":1,"turns":1},{"damage":0,"enemies":"Cultist","floor":5,"turns":1},{"damage":0,"enemies":"Lagavulin","floor":7,"turns":1},{"damage":0,"enemies":"2 Louse","floor":11,"turns":2},{"damage":0,"enemies":"Large Slime","floor":13,"turns":3},{"damage":22,"enemies":"3 Sentries","floor":14,"turns":6},{"damage":17,"enemies":"The Guardian","floor":16,"turns":13},{"damage":7,"enemies":"Shell Parasite","floor":18,"turns":4},{"damage":0,"enemies":"2 Thieves","floor":20,"turns":3},{"damage":38,"enemies":"Shelled Parasite and Fungi","floor":21,"turns":5},{"damage":31,"enemies":"Cultist and Chosen","floor":22,"turns":12},{"damage":42,"enemies":"Slavers","floor":23,"turns":2}],"seed_played":"6882895901217422764","potions_obtained":[{"floor":5,"key":"Ancient Potion"},{"floor":7,"key":"Fruit Juice"},{"floor":18,"key":"Block Potion"},{"floor":22,"key":"FearPotion"}],"is_trial":false,"path_per_floor":["M","$","?","$","M","R","E","R","T","R","M","$","M","?","R","B",null,"M","?","M","M","M","E"],"character_chosen":"DEFECT","items_purchased":["Lockon","Ball Lightning","Fission"],"campfire_rested":0,"item_purchase_floors":[2,4,12],"current_hp_per_floor":[64,64,57,57,57,57,57,57,57,57,57,57,57,40,40,23,63,56,56,56,18,38,0],"gold":186,"neow_bonus":"THREE_ENEMY_KILL","is_prod":false,"is_daily":false,"chose_seed":false,"campfire_upgraded":4,"win_rate":0,"timestamp":1563226288,"path_taken":["M","$","?","$","?","R","E","R","T","R","M","?","M","?","R","BOSS","M","?","M","?","M","E"],"build_version":"2019-07-05","purchased_purges":1,"victory":false,"max_hp_per_floor":[71,71,71,71,71,71,71,71,71,71,71,71,71,76,76,76,76,76,76,76,76,76,76],"card_choices":[{"not_picked":["Gash","Skim"],"picked":"Redo","floor":1},{"not_picked":["Cold Snap","Barrage"],"picked":"Sunder","floor":5},{"not_picked":["Storm","Lockon"],"picked":"Redo","floor":7},{"not_picked":["Rebound","Aggregate"],"picked":"White Noise","floor":11},{"not_picked":["Thunder Strike","Beam Cell"],"picked":"Turbo","floor":13},{"not_picked":["Compile Driver","Coolheaded"],"picked":"Glacier","floor":14},{"not_picked":["Machine Learning","Thunder Strike"],"picked":"Amplify","floor":16},{"not_picked":["Compile Driver","Beam Cell"],"picked":"Consume","floor":18},{"not_picked":["Rebound","Tempest"],"picked":"Streamline","floor":20},{"not_picked":["Tempest","Gash"],"picked":"Glacier+1","floor":21},{"not_picked":["Steam","Steam Power"],"picked":"Conserve Battery+1","floor":22}],"player_experience":991029,"relics_obtained":[{"floor":7,"key":"War Paint"},{"floor":9,"key":"Smiling Mask"},{"floor":14,"key":"Shuriken"}],"event_choices":[{"damage_healed":0,"gold_gain":50,"player_choice":"Touch","damage_taken":7,"max_hp_gain":0,"max_hp_loss":0,"event_name":"FaceTrader","floor":3,"gold_loss":0},{"damage_healed":0,"gold_gain":0,"player_choice":"Searched \u00272\u0027 times","damage_taken":0,"max_hp_gain":0,"max_hp_loss":0,"event_name":"Dead Adventurer","floor":14,"gold_loss":0},{"damage_healed":0,"gold_gain":0,"player_choice":"Bought 1 Potion","damage_taken":0,"max_hp_gain":0,"max_hp_loss":0,"event_name":"The Woman in Blue","floor":19,"gold_loss":0}],"is_beta":false,"boss_relics":[{"not_picked":["Snecko Eye","Tiny House"],"picked":"Lizard Tail"}],"items_purged_floors":[2],"is_endless":false,"potions_floor_spawned":[5,7,11,13,18,22],"killed_by":"Slavers","ascension_level":15}