{"gold_per_floor":[364,58,76,76,96,128,128,163,163,173,203,213,233,245,245,245],"floor_reached":16,"playtime":1050,"items_purged":["Writhe"],"score":236,"play_id":"393697e6-512e-4207-95de-e6f086080b14","local_time":"20190406215643","is_ascension_mode":true,"campfire_choices":[{"floor":7,"key":"REST"},{"floor":15,"key":"REST"}],"neow_cost":"CURSE","seed_source_timestamp":126595835724500,"circlet_count":0,"master_deck":["AscendersBane","Strike_R","Strike_R","Strike_R","Strike_R","Strike_R","Defend_R","Defend_R","Defend_R","Defend_R","Bash","Shrug It Off","Wild Strike","Thunderclap","Offering","Heavy Blade","True Grit","Whirlwind"],"relics":["Burning Blood","Sling","Mercury Hourglass","Calipers","Girya","Orichalcum"],"potions_floor_usage":[6,11,12,16,16],"damage_taken":[{"damage":6,"enemies":"2 Louse","floor":1,"turns":4},{"damage":7,"enemies":"Jaw Worm","floor":3,"turns":5},{"damage":12,"enemies":"Small Slimes","floor":5,"turns":3},{"damage":46,"enemies":"3 Sentries","floor":6,"turns":9},{"damage":14,"enemies":"Gremlin Nob","floor":8,"turns":3},{"damage":27,"enemies":"Exordium Thugs","floor":10,"turns":4},{"damage":16,"enemies":"Lagavulin","floor":11,"turns":6},{"damage":5,"enemies":"Blue Slaver","floor":12,"turns":4},{"damage":7,"enemies":"3 Louse","floor":13,"turns":4},{"damage":4,"enemies":"Large Slime","floor":14,"turns":4},{"damage":49,"enemies":"The Guardian","floor":16,"turns":14}],"seed_played":"-8330466455407199115","potions_obtained":[{"floor":1,"key":"LiquidBronze"},{"floor":5,"key":"EssenceOfSteel"},{"floor":10,"key":"Swift Potion"},{"floor":11,"key":"Weak Potion"},{"floor":13,"key":"Block Potion"}],"is_trial":false,"path_per_floor":["M","$","M","?","M","E","R","E","T","M","E","M","M","M","R","B"],"character_chosen":"IRONCLAD","items_purchased":["Sling"],"campfire_rested":2,"item_purchase_floors":[2],"current_hp_per_floor":[68,68,67,72,66,26,50,42,42,21,11,12,11,13,37,0],"gold":245,"neow_bonus":"TWO_FIFTY_GOLD","is_prod":false,"is_daily":false,"chose_seed":false,"campfire_upgraded":0,"win_rate":0,"timestamp":1554613003,"path_taken":["M","$","M","?","M","E","R","E","T","M","E","M","M","M","R","BOSS"],"build_version":"2019-01-23","purchased_purges":1,"victory":false,"max_hp_per_floor":[75,75,75,80,80,80,80,80,80,80,80,80,80,80,80,80],"card_choices":[{"not_picked":["Havoc","True Grit"],"picked":"Shrug It Off","floor":1},{"not_picked":["Armaments","Perfected Strike"],"picked":"Wild Strike","floor":3},{"not_picked":["Clash","Feel No Pain"],"picked":"Thunderclap","floor":5},{"not_picked":["Perfected Strike","Twin Strike"],"picked":"Offering","floor":6},{"not_picked":["Clothesline","Double Tap","Heavy Blade"],"picked":"SKIP","floor":8},{"not_picked":["Clothesline","Double Tap"],"picked":"Heavy Blade","floor":8},{"not_picked":["Havoc","Combust"],"picked":"True Grit","floor":10},{"not_picked":["Iron Wave","Cleave","Reckless Charge"],"picked":"SKIP","floor":11},{"not_picked":["Combust","Iron Wave","Warcry"],"picked":"SKIP","floor":12},{"not_picked":["Combust","Seeing Red"],"picked":"Whirlwind","floor":13},{"not_picked":["Bloodletting","Dual Wield","Power Through"],"picked":"SKIP","floor":14}],"player_experience":453159,"relics_obtained":[{"floor":6,"key":"Mercury Hourglass"},{"floor":8,"key":"Calipers"},{"floor":9,"key":"Girya"},{"floor":11,"key":"Orichalcum"}],"event_choices":[{"damage_healed":0,"gold_gain":0,"player_choice":"Donut","damage_taken":0,"max_hp_gain":5,"max_hp_loss":0,"event_name":"Big Fish","floor":4,"gold_loss":0}],"is_beta":false,"boss_relics":[],"items_purged_floors":[2],"is_endless":false,"potions_floor_spawned":[1,5,10,11,13,14],"killed_by":"The Guardian","ascension_level":18}