{"gold_per_floor":[115,135,152,8,20,66,78,122,134,158,186,213,283,305,317,434,446,471,499,522,534,560,572,600,612,678,706,747,769,840,323,323,421,421,437,261,483,498,498,498,149,176,176,176,206,219,219,234,234,234],"floor_reached":51,"playtime":2649,"items_purged":["Decay","Clumsy","Strike_G"],"score":1067,"play_id":"e0dbe1c8-04b6-4867-8d98-d942d30557e5","local_time":"20180813205550","is_ascension_mode":true,"campfire_choices":[{"floor":7,"key":"REST"},{"floor":15,"key":"REST"},{"data":"Phantasmal Killer","floor":23,"key":"SMITH"},{"floor":25,"key":"REST"},{"floor":32,"key":"REST"},{"data":"Sucker Punch","floor":40,"key":"SMITH"},{"floor":44,"key":"REST"},{"floor":49,"key":"REST"}],"neow_cost":"NONE","seed_source_timestamp":2855560812351612,"circlet_count":0,"master_deck":["Defend_G","Defend_G","Defend_G","Defend_G","Defend_G","Strike_G","Strike_G","Strike_G","Strike_G","Survivor","Neutralize","Sucker Punch+1","Dagger Throw","Heel Hook","Dagger Spray","Dash","Phantasmal Killer+1","Underhanded Strike","Dodge and Roll","Dagger Throw+1","Quick Slash+1","Backstab+1","Quick Slash+1","Underhanded Strike+1","Backflip","Footwork","After Image","Sucker Punch+1","Masterful Stab+1","Blur+1","Eviscerate+1","Backstab+1","Escape Plan","Heel Hook+1","Expertise+1","Madness","Madness","Skewer+1","Pain","Blind"],"relics":["Orrery","MawBank","Molten Egg 2","Paper Crane","Pear","Art of War","Cursed Key","Bag of Marbles","Ancient Tea Set","Red Mask","Tiny Chest","Meat on the Bone","Toolbox","Busted Crown","Oddly Smooth Stone","Vajra","Bottled Tornado","Bag of Preparation"],"potions_floor_usage":[3,6,8,10,16,16,16,19,28,29,30,33,42,50],"damage_taken":[{"damage":0,"enemies":"Cultist","floor":1,"turns":3},{"damage":2,"enemies":"Jaw Worm","floor":2,"turns":3},{"damage":12,"enemies":"Small Slimes","floor":3,"turns":2},{"damage":27,"enemies":"Lagavulin","floor":6,"turns":8},{"damage":20,"enemies":"Gremlin Nob","floor":8,"turns":4},{"damage":8,"enemies":"Exordium Thugs","floor":10,"turns":6},{"damage":4,"enemies":"Blue Slaver","floor":11,"turns":3},{"damage":9,"enemies":"2 Fungi Beasts","floor":12,"turns":2},{"damage":4,"enemies":"Gremlin Nob","floor":13,"turns":3},{"damage":0,"enemies":"Exordium Wildlife","floor":14,"turns":3},{"damage":13,"enemies":"The Guardian","floor":16,"turns":13},{"damage":11,"enemies":"Chosen","floor":18,"turns":5},{"damage":6,"enemies":"2 Thieves","floor":19,"turns":3},{"damage":11,"enemies":"Snake Plant","floor":20,"turns":3},{"damage":8,"enemies":"Centurion and Healer","floor":22,"turns":3},{"damage":0,"enemies":"3 Cultists","floor":24,"turns":5},{"damage":16,"enemies":"Sentry and Sphere","floor":27,"turns":4},{"damage":0,"floor":28,"turns":3},{"damage":2,"enemies":"Cultist and Chosen","floor":29,"turns":5},{"damage":0,"enemies":"Book of Stabbing","floor":30,"turns":4},{"damage":43,"enemies":"Collector","floor":33,"turns":6},{"damage":1,"enemies":"3 Shapes","floor":35,"turns":2},{"damage":34,"enemies":"3 Darklings","floor":38,"turns":5},{"damage":22,"enemies":"Giant Head","floor":42,"turns":10},{"damage":16,"enemies":"2 Orb Walkers","floor":45,"turns":4},{"damage":9,"enemies":"4 Shapes","floor":46,"turns":7},{"damage":4,"enemies":"Transient","floor":48,"turns":5},{"damage":51,"enemies":"Donu and Deca","floor":50,"turns":9}],"seed_played":"-4356199470960309484","potions_obtained":[{"floor":1,"key":"GhostInAJar"},{"floor":2,"key":"SkillPotion"},{"floor":5,"key":"Energy Potion"},{"floor":5,"key":"Dexterity Potion"},{"floor":6,"key":"Weak Potion"},{"floor":12,"key":"EssenceOfSteel"},{"floor":13,"key":"SteroidPotion"},{"floor":16,"key":"Explosive Potion"},{"floor":22,"key":"Explosive Potion"},{"floor":24,"key":"SteroidPotion"},{"floor":27,"key":"Energy Potion"},{"floor":28,"key":"GhostInAJar"},{"floor":38,"key":"FearPotion"},{"floor":42,"key":"Strength Potion"}],"is_trial":false,"path_per_floor":["M","M","M","$","?","E","R","E","T","M","M","M","?","M","R","B",null,"M","M","M","T","M","R","M","R","T","M","?","M","E","$","R","B",null,"M","$","?","M","?","R","$","E","T","R","E","M","?","M","R","B"],"character_chosen":"THE_SILENT","items_purchased":["MawBank","Meat on the Bone","Toolbox","Heel Hook+1","Oddly Smooth Stone","Skewer+1"],"campfire_rested":6,"item_purchase_floors":[4,31,31,36,41,41],"current_hp_per_floor":[63,61,49,49,49,22,43,23,33,25,21,12,8,8,32,19,65,54,48,37,37,29,29,29,53,53,37,37,35,35,35,59,28,67,66,66,66,44,34,34,34,24,24,48,44,47,47,43,67,28],"gold":234,"neow_bonus":"BOSS_RELIC","is_prod":false,"is_daily":false,"chose_seed":false,"campfire_upgraded":2,"win_rate":0,"timestamp":1534208150,"path_taken":["M","M","?","$","?","E","R","E","T","M","M","?","?","M","R","BOSS","M","M","M","?","M","R","M","R","T","M","?","M","E","$","R","BOSS","M","$","?","M","?","R","$","E","T","R","E","M","?","M","R","BOSS"],"build_version":"2018-08-09","purchased_purges":3,"victory":true,"max_hp_per_floor":[70,70,70,70,70,70,70,70,80,80,80,80,80,80,80,80,80,80,80,80,80,80,80,80,80,80,80,80,80,80,80,80,80,80,80,80,80,80,80,80,80,80,80,80,80,80,80,80,80,80],"card_choices":[{"not_picked":["Predator","Distraction"],"picked":"Sucker Punch","floor":0},{"not_picked":["Caltrops","Blade Dance"],"picked":"Dagger Throw","floor":0},{"not_picked":["Deadly Poison","Outmaneuver"],"picked":"Heel Hook","floor":0},{"not_picked":["Caltrops","Noxious Fumes"],"picked":"Dagger Spray","floor":0},{"not_picked":["Deadly Poison","Acrobatics"],"picked":"Dash","floor":0},{"not_picked":["Blade Dance","Backflip"],"picked":"Phantasmal Killer","floor":1},{"not_picked":["Outmaneuver","Cloak And Dagger"],"picked":"Underhanded Strike","floor":2},{"not_picked":["Deadly Poison","Cloak And Dagger"],"picked":"Dodge and Roll","floor":3},{"not_picked":["Tools of the Trade","Deadly Poison"],"picked":"Dagger Throw","floor":6},{"not_picked":["Dodge and Roll","Bullet Time"],"picked":"Quick Slash+1","floor":8},{"not_picked":["Deflect","Bane+1"],"picked":"Backstab+1","floor":10},{"not_picked":["Calculated Gamble","Prepared"],"picked":"Quick Slash+1","floor":11},{"not_picked":["Flying Knee+1","Outmaneuver"],"picked":"Underhanded Strike+1","floor":12},{"not_picked":["Quick Slash+1","Poisoned Stab+1"],"picked":"Backflip","floor":13},{"not_picked":["Deflect","Expertise"],"picked":"Footwork","floor":14},{"not_picked":["Storm of Steel","Bullet Time"],"picked":"After Image","floor":16},{"not_picked":["PiercingWail","Caltrops"],"picked":"Sucker Punch+1","floor":18},{"not_picked":["Dodge and Roll","Flying Knee+1","Acrobatics"],"picked":"SKIP","floor":19},{"not_picked":["PiercingWail+1","Flying Knee+1"],"picked":"Masterful Stab+1","floor":20},{"not_picked":["Expertise","Bullet Time"],"picked":"Blur+1","floor":22},{"not_picked":["Crippling Poison","Backflip","Blade Dance+1"],"picked":"SKIP","floor":24},{"not_picked":["Cloak And Dagger+1","Flechettes+1","Prepared"],"picked":"SKIP","floor":27},{"not_picked":["Caltrops+1","Acrobatics"],"picked":"Eviscerate+1","floor":28},{"not_picked":["Dodge and Roll+1","Reflex"],"picked":"Backstab+1","floor":29},{"not_picked":["Flechettes+1","Underhanded Strike+1","Skewer+1"],"picked":"SKIP","floor":30},{"not_picked":[],"picked":"Escape Plan","floor":35},{"not_picked":[],"picked":"Expertise+1","floor":38},{"not_picked":["Choke+1"],"picked":"SKIP","floor":42},{"not_picked":["Poisoned Stab+1"],"picked":"SKIP","floor":45},{"not_picked":["Bouncing Flask"],"picked":"SKIP","floor":46},{"not_picked":[],"picked":"Blind","floor":47},{"not_picked":["Noxious Fumes+1"],"picked":"SKIP","floor":48}],"player_experience":435735,"relics_obtained":[{"floor":6,"key":"Molten Egg 2"},{"floor":8,"key":"Paper Crane"},{"floor":9,"key":"Pear"},{"floor":21,"key":"Bag of Marbles"},{"floor":26,"key":"Ancient Tea Set"},{"floor":28,"key":"Red Mask"},{"floor":30,"key":"Tiny Chest"},{"floor":42,"key":"Vajra"},{"floor":43,"key":"Bottled Tornado"},{"floor":45,"key":"Bag of Preparation"}],"event_choices":[{"event_name":"The Lab","player_choice":"Got Potions","floor":5,"damage_taken":0},{"event_name":"Dead Adventurer","player_choice":"Searched \u00272\u0027 times","floor":13,"damage_taken":0},{"event_name":"Masked Bandits","player_choice":"Fought Bandits","floor":28,"damage_taken":0},{"event_name":"Tomb of Lord Red Mask","player_choice":"Wore Mask","floor":37,"damage_taken":0},{"event_name":"Winding Halls","player_choice":"Embrace Madness","floor":39,"damage_taken":0},{"event_name":"SensoryStone","player_choice":"Memory 1","floor":47,"damage_taken":0}],"is_beta":false,"boss_relics":[{"not_picked":["Coffee Dripper","Calling Bell"],"picked":"Cursed Key"},{"not_picked":["Runic Dome","White Beast Statue"],"picked":"Busted Crown"}],"items_purged_floors":[31,36,41],"is_endless":false,"potions_floor_spawned":[1,2,6,12,13,16,22,24,27,28,38,42],"ascension_level":7}