{"gold_per_floor":[119,119,119,131,9,9,29,29,29,41,73,73,90,103,103,180,180,199,199,249,249,249,261,27,27,51,63,74,74],"floor_reached":29,"playtime":1209,"items_purged":["Regret"],"score":390,"play_id":"cc33094b-8e2e-402e-a511-0c4571c85dd5","local_time":"20190723203123","is_ascension_mode":true,"campfire_choices":[{"data":"Zap","floor":6.0,"key":"SMITH"},{"data":"Go for the Eyes","floor":8.0,"key":"SMITH"},{"data":"Recycle","floor":12.0,"key":"SMITH"},{"floor":15.0,"key":"REST"},{"data":"Defragment","floor":23,"key":"SMITH"},{"data":"Turbo","floor":25,"key":"SMITH"}],"neow_cost":"NONE","seed_source_timestamp":0,"circlet_count":0,"master_deck":["AscendersBane","Strike_B","Strike_B","Strike_B","Strike_B","Defend_B","Defend_B","Defend_B","Defend_B","Zap+1","Dualcast","Cold Snap","Go for the Eyes+1","Ball Lightning","Compile Driver","Recycle+1","Sweeping Beam","Undo","Hologram","Echo Form","Defragment+1","Writhe","Turbo+1","Capacitor","Auto Shields"],"special_seed":0,"relics":["FrozenCore","NeowsBlessing","Regal Pillow","Pantograph","Potion Belt","Gremlin Horn","Smiling Mask","MawBank","Matryoshka","Vajra","Dream Catcher"],"potions_floor_usage":[],"damage_taken":[{"damage":0.0,"enemies":"Jaw Worm","floor":1.0,"turns":1.0},{"damage":0.0,"enemies":"Cultist","floor":4.0,"turns":1.0},{"damage":0.0,"enemies":"Small Slimes","floor":7.0,"turns":1.0},{"damage":8.0,"enemies":"3 Louse","floor":10.0,"turns":2.0},{"damage":29.0,"enemies":"3 Sentries","floor":11.0,"turns":6.0},{"damage":22.0,"enemies":"Large Slime","floor":13.0,"turns":5.0},{"damage":4.0,"enemies":"Exordium Thugs","floor":14.0,"turns":3.0},{"damage":69,"enemies":"Hexaghost","floor":16,"turns":15},{"damage":4,"enemies":"3 Byrds","floor":18,"turns":4},{"damage":35,"enemies":"2 Thieves","floor":27,"turns":5},{"damage":10,"enemies":"Centurion and Healer","floor":28,"turns":8},{"damage":10,"enemies":"Chosen and Byrds","floor":29,"turns":1}],"seed_played":"-2060352074977959436","potions_obtained":[{"floor":4.0,"key":"Regen Potion"},{"floor":10.0,"key":"Ancient Potion"},{"floor":11.0,"key":"Poison Potion"},{"floor":18,"key":"LiquidBronze"}],"is_trial":false,"path_per_floor":["M","?","T","M","$","R","M","R","T","M","E","R","M","M","R","B",null,"M","?","?","?","?","R","$","R","T","M","M","M"],"character_chosen":"DEFECT","items_purchased":["Ball Lightning","Matryoshka"],"campfire_rested":1,"item_purchase_floors":[5,24],"current_hp_per_floor":[64,64,64,64,64,64,64,64,64,56,42,42,20,16,52,2,54,50,50,50,50,50,50,50,50,50,15,5,0],"gold":74,"neow_bonus":"THREE_ENEMY_KILL","is_prod":false,"is_daily":false,"chose_seed":false,"campfire_upgraded":5,"win_rate":0,"timestamp":1563877883,"path_taken":["M","?","?","M","$","R","M","R","T","M","E","R","M","?","R","BOSS","M","?","?","?","?","R","$","R","T","M","M","?"],"build_version":"2019-07-17","purchased_purges":1,"victory":false,"max_hp_per_floor":[71,71,71,71,71,71,71,71,71,71,71,71,71,71,71,71,71,71,71,71,71,71,71,71,71,71,71,71,71],"card_choices":[{"not_picked":["Beam Cell","Compile Driver"],"picked":"Cold Snap","floor":1.0},{"not_picked":["Streamline","Steam"],"picked":"Go for the Eyes","floor":4.0},{"not_picked":["Rebound","Redo"],"picked":"Compile Driver","floor":7.0},{"not_picked":["Leap","Chaos"],"picked":"Recycle","floor":10.0},{"not_picked":["Cold Snap","Chaos"],"picked":"Sweeping Beam","floor":11.0},{"not_picked":["Heatsinks","Beam Cell"],"picked":"Undo","floor":13.0},{"not_picked":["Coolheaded","Go for the Eyes"],"picked":"Hologram","floor":14.0},{"not_picked":["Fission","Electrodynamics"],"picked":"Echo Form","floor":16},{"not_picked":["White Noise","Glacier"],"picked":"Defragment","floor":18},{"not_picked":["Redo","Gash"],"picked":"Capacitor","floor":27},{"not_picked":["Compile Driver","Leap"],"picked":"Auto Shields","floor":28}],"player_experience":1081282,"relics_obtained":[{"floor":3.0,"key":"Pantograph"},{"floor":9.0,"key":"Potion Belt"},{"floor":11.0,"key":"Gremlin Horn"},{"floor":26,"key":"Vajra"},{"floor":26,"key":"Dream Catcher"}],"event_choices":[{"damage_healed":0.0,"max_hp_gain":0.0,"max_hp_loss":0.0,"gold_gain":0.0,"event_name":"Big Fish","player_choice":"Box","floor":2.0,"gold_loss":0.0,"damage_taken":0.0,"relics_obtained":["Regal Pillow"],"cards_obtained":["Regret"]},{"damage_healed":0,"gold_gain":0,"player_choice":"Opened","damage_taken":0,"relics_obtained":["Smiling Mask"],"max_hp_gain":0,"max_hp_loss":0,"event_name":"The Mausoleum","floor":19,"gold_loss":0,"cards_obtained":["Writhe"]},{"damage_healed":0,"gold_gain":50,"player_choice":"Stole From Cult","damage_taken":0,"max_hp_gain":0,"max_hp_loss":0,"event_name":"Nest","floor":20,"gold_loss":0},{"damage_healed":0,"gold_gain":0,"player_choice":"Read","damage_taken":0,"max_hp_gain":0,"max_hp_loss":0,"event_name":"The Library","floor":21,"gold_loss":0,"cards_obtained":["Turbo"]},{"damage_healed":0,"gold_gain":0,"player_choice":"Gave Potion","damage_taken":0,"relics_obtained":["MawBank"],"max_hp_gain":0,"max_hp_loss":0,"event_name":"WeMeetAgain","floor":22,"gold_loss":0}],"is_beta":false,"boss_relics":[{"not_picked":["Nuclear Battery","Coffee Dripper"],"picked":"FrozenCore"}],"items_purged_floors":[5],"is_endless":false,"potions_floor_spawned":[4,10,11,18],"killed_by":"Chosen and Byrds","ascension_level":15}