{"gold_per_floor":[109,123,202,214,214,214,233,271,271,271,271,13,13,32,32,128,128,148,173,188,42,61,61,81,100,146,71,71],"floor_reached":28,"playtime":1020,"items_purged":[],"score":520,"play_id":"aecd6e8a-95dc-4eeb-9275-5f82b57a915c","local_time":"20190519120303","is_ascension_mode":true,"campfire_choices":[{"data":"Sunder","floor":6,"key":"SMITH"},{"data":"Buffer","floor":10,"key":"SMITH"},{"data":"Zap","floor":13,"key":"SMITH"},{"data":"Defragment","floor":15,"key":"SMITH"},{"floor":23,"key":"REST"}],"neow_cost":"NONE","seed_source_timestamp":2165983199477065,"circlet_count":0,"master_deck":["AscendersBane","Strike_B","Strike_B","Strike_B","Defend_B+1","Defend_B","Defend_B","Defend_B+1","Zap+1","Dualcast","Meteor Strike","Conserve Battery","Sunder+1","Cold Snap","Buffer+1","Gash","Defragment+1","Machine Learning","Capacitor","Go for the Eyes+1","Loop","Coolheaded","Scrape"],"relics":["Cracked Core","Golden Idol","Orichalcum","Pear","Mummified Hand","Symbiotic Virus","Sozu","Centennial Puzzle","War Paint"],"potions_floor_usage":[7,8,16],"damage_taken":[{"damage":4,"enemies":"Jaw Worm","floor":1,"turns":3},{"damage":5,"enemies":"Small Slimes","floor":2,"turns":3},{"damage":1,"enemies":"Cultist","floor":4,"turns":3},{"damage":1,"enemies":"Exordium Thugs","floor":7,"turns":3},{"damage":0,"enemies":"Gremlin Nob","floor":8,"turns":3},{"damage":0,"enemies":"Large Slime","floor":14,"turns":3},{"damage":0,"enemies":"Slime Boss","floor":16,"turns":9},{"damage":14,"enemies":"Shell Parasite","floor":18,"turns":4},{"damage":0,"enemies":"Spheric Guardian","floor":19,"turns":3},{"damage":7,"enemies":"Snecko","floor":20,"turns":5},{"damage":32,"enemies":"Sentry and Sphere","floor":22,"turns":4},{"damage":16,"enemies":"Snake Plant","floor":24,"turns":4},{"damage":2,"enemies":"Cultist and Chosen","floor":25,"turns":6},{"damage":24,"enemies":"Slavers","floor":28,"turns":1}],"seed_played":"-7746619937293671334","potions_obtained":[{"floor":1,"key":"SpeedPotion"},{"floor":2,"key":"FearPotion"},{"floor":7,"key":"Explosive Potion"}],"is_trial":false,"path_per_floor":["M","M","?","M","?","R","M","E","T","R","T","$","R","M","R","B",null,"M","M","M","$","M","R","M","M","T","?","E"],"character_chosen":"DEFECT","items_purchased":["Symbiotic Virus","Centennial Puzzle"],"campfire_rested":1,"item_purchase_floors":[12,21],"current_hp_per_floor":[60,55,55,54,54,54,53,53,63,63,63,63,63,63,63,63,71,57,57,50,50,18,40,24,22,22,22,0],"gold":71,"neow_bonus":"ONE_RANDOM_RARE_CARD","is_prod":false,"is_daily":false,"chose_seed":false,"campfire_upgraded":4,"win_rate":0,"timestamp":1558281783,"path_taken":["M","M","?","M","?","R","M","E","T","R","?","?","R","M","R","BOSS","M","M","M","?","M","R","?","M","T","?","E"],"build_version":"2019-01-23","purchased_purges":0,"victory":false,"max_hp_per_floor":[71,71,71,71,64,64,64,64,74,74,74,74,74,74,74,74,74,74,74,74,74,74,74,74,74,74,74,74],"card_choices":[{"not_picked":["Turbo","Hello World"],"picked":"Conserve Battery","floor":1},{"not_picked":["Coolheaded","Sweeping Beam"],"picked":"Sunder","floor":2},{"not_picked":["Self Repair","Streamline"],"picked":"Cold Snap","floor":4},{"not_picked":["Blizzard","Force Field"],"picked":"Buffer","floor":7},{"not_picked":["Coolheaded","Blizzard"],"picked":"Gash","floor":8},{"not_picked":["Hologram","Go for the Eyes"],"picked":"Defragment","floor":14},{"not_picked":["Rainbow","Thunder Strike"],"picked":"Machine Learning","floor":16},{"not_picked":["Rebound","Sweeping Beam"],"picked":"Capacitor","floor":18},{"not_picked":["Consume","Streamline"],"picked":"Go for the Eyes+1","floor":19},{"not_picked":["Ball Lightning","Leap"],"picked":"Loop","floor":20},{"not_picked":["Hologram","Rebound+1"],"picked":"Coolheaded","floor":22},{"not_picked":["Hello World","Fusion"],"picked":"Scrape","floor":24},{"not_picked":["Beam Cell","Recycle","Turbo+1"],"picked":"SKIP","floor":25}],"player_experience":1533490,"relics_obtained":[{"floor":8,"key":"Orichalcum"},{"floor":9,"key":"Pear"},{"floor":11,"key":"Mummified Hand"},{"floor":26,"key":"War Paint"}],"event_choices":[{"damage_healed":0,"gold_gain":79,"player_choice":"Gained Gold","damage_taken":0,"max_hp_gain":0,"max_hp_loss":0,"event_name":"Golden Wing","floor":3,"gold_loss":0},{"damage_healed":0,"gold_gain":0,"player_choice":"Lose Max HP","damage_taken":0,"relics_obtained":["Golden Idol"],"max_hp_gain":0,"max_hp_loss":7,"event_name":"Golden Idol","floor":5,"gold_loss":0},{"cards_removed":["Strike_B"],"damage_healed":0,"gold_gain":0,"player_choice":"Gave Gold","damage_taken":0,"max_hp_gain":0,"max_hp_loss":0,"event_name":"Beggar","floor":27,"gold_loss":75}],"is_beta":false,"boss_relics":[{"not_picked":["Pandora\u0027s Box","Astrolabe"],"picked":"Sozu"}],"items_purged_floors":[],"is_endless":false,"potions_floor_spawned":[1,2,7,18,20,25],"killed_by":"Slavers","ascension_level":15}