{"gold_per_floor":[115,125,125,137,137,137,171,189,213,213,253,271,271,342,342,342],"floor_reached":16,"playtime":699,"items_purged":[],"score":240,"play_id":"64268501-ddbd-4a42-9820-9b2d33ac4873","local_time":"20190103225542","is_ascension_mode":true,"campfire_choices":[{"data":"Sucker Punch","floor":6,"key":"SMITH"},{"data":"Dash","floor":10,"key":"SMITH"},{"floor":13,"key":"REST"},{"floor":15,"key":"REST"}],"neow_cost":"NONE","seed_source_timestamp":769040445926123,"circlet_count":0,"master_deck":["AscendersBane","Defend_G","Defend_G","Defend_G","Defend_G","Defend_G","Strike_G","Strike_G","Strike_G","Strike_G","Survivor","Neutralize","Dash+1","Infinite Blades","Sucker Punch+1","Quick Slash","Cloak And Dagger"],"relics":["Ring of the Snake","NeowsBlessing","Golden Idol","Bronze Scales","Bag of Preparation","Strawberry","Tiny Chest"],"potions_floor_usage":[7,11,14,16],"damage_taken":[{"damage":0,"enemies":"Cultist","floor":1,"turns":1},{"damage":0,"enemies":"Jaw Worm","floor":2,"turns":1},{"damage":0,"enemies":"2 Louse","floor":4,"turns":1},{"damage":24,"enemies":"Gremlin Nob","floor":7,"turns":5},{"damage":0,"enemies":"Blue Slaver","floor":8,"turns":4},{"damage":26,"enemies":"3 Sentries","floor":11,"turns":5},{"damage":0,"enemies":"2 Fungi Beasts","floor":12,"turns":3},{"damage":9,"enemies":"Lagavulin","floor":14,"turns":7},{"damage":48,"enemies":"Slime Boss","floor":16,"turns":10}],"seed_played":"-5182138621819057972","potions_obtained":[{"floor":1,"key":"LiquidBronze"},{"floor":4,"key":"SneckoOil"},{"floor":8,"key":"FearPotion"},{"floor":11,"key":"SmokeBomb"},{"floor":12,"key":"Poison Potion"}],"is_trial":false,"path_per_floor":["M","M","?","M","?","R","E","M","T","R","E","M","R","E","R","B"],"character_chosen":"THE_SILENT","items_purchased":[],"campfire_rested":2,"item_purchase_floors":[],"current_hp_per_floor":[59,59,59,59,59,59,35,35,35,35,16,16,36,27,47,0],"gold":342,"neow_bonus":"THREE_ENEMY_KILL","is_prod":false,"is_daily":false,"chose_seed":false,"campfire_upgraded":2,"win_rate":0,"timestamp":1546574142,"path_taken":["M","?","?","?","?","R","E","M","T","R","E","M","R","E","R","BOSS"],"build_version":"2018-12-20","purchased_purges":0,"victory":false,"max_hp_per_floor":[66,66,66,66,60,60,60,60,60,60,67,67,67,67,67,67],"card_choices":[{"not_picked":["Cloak And Dagger","Blade Dance"],"picked":"Dash","floor":1},{"not_picked":["Flying Knee","Sucker Punch"],"picked":"Infinite Blades","floor":2},{"not_picked":["Prepared","Dodge and Roll"],"picked":"Sucker Punch","floor":4},{"not_picked":["Tools of the Trade","Deadly Poison"],"picked":"Quick Slash","floor":7},{"not_picked":["Flying Knee","Concentrate"],"picked":"Cloak And Dagger","floor":8},{"not_picked":["Riddle With Holes","Dagger Spray","Outmaneuver"],"picked":"SKIP","floor":11},{"not_picked":["Underhanded Strike","Dash","Prepared"],"picked":"SKIP","floor":12},{"not_picked":["Tactician","Riddle With Holes","Sucker Punch"],"picked":"SKIP","floor":14}],"player_experience":1146273,"relics_obtained":[{"floor":7,"key":"Bronze Scales"},{"floor":9,"key":"Bag of Preparation"},{"floor":11,"key":"Strawberry"},{"floor":14,"key":"Tiny Chest"}],"event_choices":[{"cards_removed":["Strike_G"],"damage_healed":0,"gold_gain":0,"player_choice":"Offered Basic","damage_taken":0,"max_hp_gain":0,"max_hp_loss":0,"event_name":"Bonfire Elementals","floor":3,"gold_loss":0},{"damage_healed":0,"gold_gain":0,"player_choice":"Lose Max HP","damage_taken":0,"relics_obtained":["Golden Idol"],"max_hp_gain":0,"max_hp_loss":6,"event_name":"Golden Idol","floor":5,"gold_loss":0}],"is_beta":false,"boss_relics":[],"items_purged_floors":[],"is_endless":false,"potions_floor_spawned":[1,4,8,11,12],"killed_by":"Slime Boss","ascension_level":20}