{"gold_per_floor":[112,126,76,76,1,32,32,45,45,45,45,59,92,115,115,236,236,220,220,220,220,247,247,261,29,59,59,83,101,101,101,101,101],"floor_reached":33,"playtime":1484,"items_purged":["Injury"],"score":392,"play_id":"f4f76ac7-2691-4a80-9c7c-0daa44ecc9ab","local_time":"20181112213424","is_ascension_mode":true,"campfire_choices":[{"floor":7,"key":"REST"},{"data":"Flechettes","floor":10,"key":"SMITH"},{"floor":15,"key":"REST"},{"data":"Reflex","floor":23,"key":"SMITH"},{"floor":27,"key":"DIG"},{"data":"A Thousand Cuts","floor":30,"key":"SMITH"},{"floor":32,"key":"REST"}],"neow_cost":"NONE","seed_source_timestamp":374386924071405,"circlet_count":0,"master_deck":["AscendersBane","Defend_G+1","Defend_G+1","Defend_G+1","Defend_G+1","Defend_G+1","Strike_G+1","Strike_G+1","Strike_G+1","Strike_G+1","Survivor","Neutralize","Dagger Spray","PiercingWail","Flechettes+1","Reflex+1","A Thousand Cuts+1","Backflip","Deflect","Deadly Poison","Prepared","Finesse"],"relics":["Busted Crown","Golden Idol","Pear","Pantograph","Shovel","Orrery","Letter Opener","Centennial Puzzle","Omamori","Tiny Chest","Bird Faced Urn","FaceOfCleric"],"potions_floor_usage":[13,13,16,16],"damage_taken":[{"damage":7,"enemies":"Small Slimes","floor":1,"turns":4},{"damage":11,"enemies":"Jaw Worm","floor":2,"turns":4},{"damage":36,"enemies":"Lagavulin","floor":6,"turns":13},{"damage":0,"enemies":"2 Louse","floor":8,"turns":2},{"damage":11,"enemies":"2 Fungi Beasts","floor":12,"turns":4},{"damage":31,"enemies":"Gremlin Nob","floor":13,"turns":5},{"damage":0,"enemies":"Exordium Thugs","floor":14,"turns":5},{"damage":42,"enemies":"Hexaghost","floor":16,"turns":11},{"damage":9,"enemies":"2 Thieves","floor":18,"turns":4},{"damage":27,"enemies":"Colosseum Slavers","floor":20,"turns":6},{"damage":0,"enemies":"3 Byrds","floor":24,"turns":3},{"damage":10,"enemies":"Cultist and Chosen","floor":28,"turns":5},{"damage":5,"enemies":"Chosen and Byrds","floor":29,"turns":5},{"damage":72,"enemies":"Automaton","floor":33,"turns":10}],"seed_played":"5170072313591486078","potions_obtained":[{"floor":6,"key":"Weak Potion"},{"floor":12,"key":"AttackPotion"},{"floor":13,"key":"PowerPotion"},{"floor":14,"key":"Strength Potion"},{"floor":24,"key":"SteroidPotion"}],"is_trial":false,"path_per_floor":["M","M","?","?","$","E","R","M","T","R","?","M","E","M","R","B",null,"M","?","?","?","T","R","M","$","T","R","M","M","R","?","R","B"],"character_chosen":"THE_SILENT","items_purchased":["Finesse","Omamori"],"campfire_rested":3,"item_purchase_floors":[25,25],"current_hp_per_floor":[56,45,45,45,45,19,43,43,43,43,43,32,1,1,25,8,62,53,53,26,26,26,26,26,26,26,26,18,15,15,15,39,0],"gold":101,"neow_bonus":"BOSS_RELIC","is_prod":false,"is_daily":false,"chose_seed":false,"campfire_upgraded":3,"win_rate":0,"timestamp":1542076464,"path_taken":["M","M","?","?","$","E","R","M","T","R","?","M","E","M","R","BOSS","M","?","?","?","?","R","M","$","T","R","M","M","R","?","R","BOSS"],"build_version":"2018-11-08","purchased_purges":1,"victory":false,"max_hp_per_floor":[70,70,70,70,70,80,80,80,80,80,80,80,80,80,80,80,80,80,80,80,80,80,80,80,80,80,80,80,80,80,80,80,80],"card_choices":[{"not_picked":[],"picked":"Dagger Spray","floor":1},{"not_picked":[],"picked":"PiercingWail","floor":2},{"not_picked":[],"picked":"Flechettes","floor":6},{"not_picked":["Catalyst"],"picked":"SKIP","floor":8},{"not_picked":["Eviscerate"],"picked":"SKIP","floor":12},{"not_picked":["Dagger Spray"],"picked":"SKIP","floor":13},{"not_picked":[],"picked":"Reflex","floor":14},{"not_picked":[],"picked":"A Thousand Cuts","floor":16},{"not_picked":[],"picked":"Backflip","floor":17},{"not_picked":[],"picked":"Deflect","floor":17},{"not_picked":[],"picked":"Deadly Poison","floor":17},{"not_picked":[],"picked":"Prepared","floor":18},{"not_picked":["Deadly Poison"],"picked":"SKIP","floor":24},{"not_picked":["Terror"],"picked":"SKIP","floor":28},{"not_picked":["Concentrate+1"],"picked":"SKIP","floor":29}],"player_experience":673129,"relics_obtained":[{"floor":6,"key":"Pear"},{"floor":9,"key":"Pantograph"},{"floor":13,"key":"Shovel"},{"floor":22,"key":"Centennial Puzzle"},{"floor":26,"key":"Tiny Chest"},{"floor":27,"key":"Bird Faced Urn"}],"event_choices":[{"cards_removed":["Strike_G"],"damage_healed":0,"gold_gain":0,"player_choice":"Card Removal","damage_taken":0,"max_hp_gain":0,"max_hp_loss":0,"event_name":"The Cleric","floor":3,"gold_loss":50},{"damage_healed":0,"gold_gain":0,"player_choice":"Take Wound","damage_taken":0,"relics_obtained":["Golden Idol"],"max_hp_gain":0,"max_hp_loss":0,"event_name":"Golden Idol","floor":4,"gold_loss":0,"cards_obtained":["Injury"]},{"damage_healed":0,"gold_gain":0,"player_choice":"Ignored","damage_taken":0,"max_hp_gain":0,"max_hp_loss":0,"event_name":"Liars Game","floor":11,"gold_loss":0},{"damage_healed":0,"gold_gain":0,"player_choice":"Opened","damage_taken":0,"relics_obtained":["Letter Opener"],"max_hp_gain":0,"max_hp_loss":0,"event_name":"The Mausoleum","floor":19,"gold_loss":0},{"damage_healed":0,"gold_gain":0,"player_choice":"Fight","damage_taken":0,"max_hp_gain":0,"max_hp_loss":0,"event_name":"Colosseum","floor":20,"gold_loss":0},{"damage_healed":0,"gold_gain":0,"player_choice":"Fled From Nobs","damage_taken":0,"max_hp_gain":0,"max_hp_loss":0,"event_name":"Colosseum","floor":20,"gold_loss":0},{"damage_healed":0,"gold_gain":0,"player_choice":"Simplicity","damage_taken":0,"max_hp_gain":0,"max_hp_loss":0,"event_name":"Back to Basics","floor":21,"gold_loss":0,"cards_upgraded":["Defend_G","Defend_G","Defend_G","Defend_G","Defend_G","Strike_G","Strike_G","Strike_G","Strike_G"]},{"damage_healed":0,"gold_gain":0,"player_choice":"Trade","damage_taken":0,"relics_obtained":["FaceOfCleric"],"max_hp_gain":0,"max_hp_loss":0,"event_name":"FaceTrader","floor":31,"gold_loss":0}],"is_beta":false,"boss_relics":[{"not_picked":["Lizard Tail","Coffee Dripper"],"picked":"Orrery"}],"items_purged_floors":[5],"is_endless":false,"potions_floor_spawned":[6,12,13,14,20,24],"killed_by":"Automaton","ascension_level":11}