{"gold_per_floor":[113,131,147,172,21,21,54,67,67,84,110,110,129,129,129,129],"floor_reached":16,"playtime":906,"items_purged":["Strike_G"],"score":204,"play_id":"d1dbe4ea-5392-4e98-86c6-a62597f6e6ce","local_time":"20181231003436","is_ascension_mode":true,"campfire_choices":[{"data":"Neutralize","floor":6,"key":"SMITH"},{"floor":15,"key":"REST"}],"neow_cost":"NONE","seed_source_timestamp":861079538660413,"circlet_count":0,"master_deck":["AscendersBane","Defend_G","Defend_G+1","Defend_G+1","Defend_G","Defend_G","Strike_G","Strike_G","Strike_G","Strike_G","Survivor","Neutralize+1","Dagger Throw","Dagger Throw","Eviscerate","Underhanded Strike","Cloak And Dagger","PiercingWail","Reflex","Finisher","Backstab"],"relics":["Ring of the Snake","NeowsBlessing","Oddly Smooth Stone","Bag of Marbles","War Paint","Odd Mushroom"],"potions_floor_usage":[7,7,16],"damage_taken":[{"damage":0,"enemies":"Cultist","floor":1,"turns":1},{"damage":0,"enemies":"Jaw Worm","floor":2,"turns":1},{"damage":0,"enemies":"Small Slimes","floor":3,"turns":1},{"damage":33,"enemies":"Gremlin Nob","floor":7,"turns":5},{"damage":4,"enemies":"Blue Slaver","floor":8,"turns":4},{"damage":5,"enemies":"Exordium Wildlife","floor":10,"turns":5},{"damage":16,"enemies":"The Mushroom Lair","floor":11,"turns":6},{"damage":0,"enemies":"2 Fungi Beasts","floor":13,"turns":2},{"damage":46,"enemies":"Slime Boss","floor":16,"turns":9}],"seed_played":"31950635778780063","potions_obtained":[{"floor":1,"key":"SkillPotion"},{"floor":2,"key":"Swift Potion"},{"floor":13,"key":"Dexterity Potion"}],"is_trial":false,"path_per_floor":["M","M","M","T","$","R","E","M","T","M","?","?","M","?","R","B"],"character_chosen":"THE_SILENT","items_purchased":["Underhanded Strike","Cloak And Dagger"],"campfire_rested":1,"item_purchase_floors":[5,5],"current_hp_per_floor":[59,59,59,59,59,59,26,22,22,17,1,1,1,23,42,0],"gold":129,"neow_bonus":"THREE_ENEMY_KILL","is_prod":false,"is_daily":false,"chose_seed":false,"campfire_upgraded":1,"win_rate":0,"timestamp":1546234476,"path_taken":["M","M","?","?","?","R","E","M","T","M","?","?","?","?","R","BOSS"],"build_version":"2018-12-20","purchased_purges":1,"victory":false,"max_hp_per_floor":[66,66,66,66,66,66,66,66,66,66,66,66,66,66,66,66],"card_choices":[{"not_picked":["Infinite Blades","Distraction"],"picked":"Dagger Throw","floor":1},{"not_picked":["Dodge and Roll","Grand Finale"],"picked":"Dagger Throw","floor":2},{"not_picked":["Dagger Throw","Outmaneuver"],"picked":"Eviscerate","floor":3},{"not_picked":["Terror","Deflect"],"picked":"PiercingWail","floor":7},{"not_picked":["Underhanded Strike","Predator","Endless Agony"],"picked":"SKIP","floor":8},{"not_picked":["Outmaneuver","Underhanded Strike"],"picked":"Reflex","floor":10},{"not_picked":["Bane","Dagger Throw"],"picked":"Finisher","floor":11},{"not_picked":["Tools of the Trade","Poisoned Stab"],"picked":"Backstab","floor":13}],"player_experience":1129389,"relics_obtained":[{"floor":4,"key":"Oddly Smooth Stone"},{"floor":7,"key":"Bag of Marbles"},{"floor":9,"key":"War Paint"},{"floor":11,"key":"Odd Mushroom"}],"event_choices":[{"damage_healed":0,"gold_gain":0,"player_choice":"Fought Mushrooms","damage_taken":0,"max_hp_gain":0,"max_hp_loss":0,"event_name":"Mushrooms","floor":11,"gold_loss":0},{"damage_healed":0,"gold_gain":0,"player_choice":"Ignored","damage_taken":0,"max_hp_gain":0,"max_hp_loss":0,"event_name":"Shining Light","floor":12,"gold_loss":0},{"damage_healed":22,"gold_gain":0,"player_choice":"Banana","damage_taken":0,"max_hp_gain":0,"max_hp_loss":0,"event_name":"Big Fish","floor":14,"gold_loss":0}],"is_beta":false,"boss_relics":[],"items_purged_floors":[5],"is_endless":false,"potions_floor_spawned":[1,2,13],"killed_by":"Slime Boss","ascension_level":20}