{"gold_per_floor":[109,127,127,60,71,99,99,117,117,152,168,180,180,210,210,315,315,325,25,25,45,445,445,479,479,479,494,524,553,564,579,579,675,675,688,688,346,359,459,459,459],"floor_reached":41,"playtime":3679,"items_purged":["Strike_B","Fusion"],"score":620,"play_id":"e4b1129f-2d89-4b72-bb55-16bc845f2b33","local_time":"20190315001812","is_ascension_mode":true,"campfire_choices":[{"data":"Zap","floor":7,"key":"SMITH"},{"data":"Loop","floor":15,"key":"SMITH"},{"data":"Self Repair","floor":23,"key":"SMITH"},{"floor":25,"key":"REST"},{"floor":32,"key":"REST"},{"floor":40,"key":"REST"}],"neow_cost":"NONE","seed_source_timestamp":2599354155081500,"circlet_count":0,"master_deck":["Zap+1","Dualcast","Cold Snap","Capacitor","Doom and Gloom","Self Repair+1","Barrage","Ball Lightning","White Noise","BootSequence","Loop+1","Seek","Glacier","Seek","Leap","Gash","Undo+1","Hologram","Amplify","Sweeping Beam","Lockon","Creative AI","All For One"],"relics":["Cracked Core","NeowsBlessing","PreservedInsect","Lantern","Kunai","Ancient Tea Set","Inserter","Bag of Preparation","Old Coin","Sundial","Pen Nib","Dodecahedron","Red Mask","Orichalcum","Pandora\u0027s Box","Bottled Tornado","Bird Faced Urn"],"potions_floor_usage":[10,14,18,22,22,28,33,35,39],"damage_taken":[{"damage":0,"enemies":"Cultist","floor":1,"turns":1},{"damage":0,"enemies":"Jaw Worm","floor":2,"turns":1},{"damage":0,"enemies":"Small Slimes","floor":5,"turns":1},{"damage":27,"enemies":"Lagavulin","floor":6,"turns":7},{"damage":7,"enemies":"Exordium Thugs","floor":8,"turns":4},{"damage":6,"enemies":"3 Sentries","floor":10,"turns":3},{"damage":12,"enemies":"Blue Slaver","floor":11,"turns":3},{"damage":0,"enemies":"2 Fungi Beasts","floor":12,"turns":2},{"damage":6,"enemies":"Gremlin Nob","floor":14,"turns":3},{"damage":33,"enemies":"Hexaghost","floor":16,"turns":9},{"damage":27,"enemies":"Shell Parasite","floor":18,"turns":7},{"damage":0,"enemies":"Chosen","floor":21,"turns":3},{"damage":6,"enemies":"Colosseum Slavers","floor":22,"turns":5},{"damage":0,"enemies":"Colosseum Nobs","floor":22,"turns":3},{"damage":28,"enemies":"Slavers","floor":24,"turns":6},{"damage":3,"enemies":"Centurion and Healer","floor":27,"turns":6},{"damage":46,"enemies":"Masked Bandits","floor":28,"turns":4},{"damage":5,"enemies":"Book of Stabbing","floor":29,"turns":4},{"damage":0,"enemies":"Snecko","floor":30,"turns":7},{"damage":12,"enemies":"Snake Plant","floor":31,"turns":4},{"damage":47,"enemies":"Champ","floor":33,"turns":10},{"damage":28,"enemies":"Orb Walker","floor":35,"turns":5},{"damage":32,"enemies":"3 Shapes","floor":38,"turns":4},{"damage":18,"enemies":"Mind Bloom Boss Battle","floor":39,"turns":12},{"damage":81,"enemies":"Writhing Mass","floor":41,"turns":8}],"seed_played":"-3314522932071894242","potions_obtained":[{"floor":5,"key":"Fire Potion"},{"floor":8,"key":"PowerPotion"},{"floor":11,"key":"Poison Potion"},{"floor":16,"key":"Weak Potion"},{"floor":21,"key":"AttackPotion"},{"floor":24,"key":"EssenceOfSteel"},{"floor":28,"key":"Fruit Juice"},{"floor":33,"key":"Swift Potion"},{"floor":35,"key":"Weak Potion"}],"is_trial":false,"path_per_floor":["M","M","?","$","M","E","R","M","T","E","M","M","?","E","R","B",null,"M","$","?","M","?","R","E","R","T","M","?","E","M","M","R","B",null,"M","?","$","M","?","R","M"],"character_chosen":"DEFECT","items_purchased":["Doom and Gloom","Bag of Preparation","Glacier","Bottled Tornado"],"campfire_rested":3,"item_purchase_floors":[4,19,19,37],"current_hp_per_floor":[75,75,75,75,75,55,55,55,55,56,51,51,51,52,52,26,63,43,43,43,50,51,51,33,55,55,62,31,36,36,34,58,21,65,57,57,57,25,27,51,0],"gold":459,"neow_bonus":"THREE_ENEMY_KILL","is_prod":false,"is_daily":false,"chose_seed":false,"campfire_upgraded":3,"win_rate":0,"timestamp":1552634292,"path_taken":["M","?","?","$","M","E","R","M","T","E","?","M","?","E","R","BOSS","M","$","?","M","?","R","E","R","T","M","?","E","M","M","R","BOSS","M","?","$","M","?","R","M"],"build_version":"2019-01-23","purchased_purges":2,"victory":false,"max_hp_per_floor":[75,75,75,75,75,75,75,75,75,75,75,75,75,75,75,75,75,75,75,75,75,75,75,75,75,75,75,80,80,80,80,80,80,80,80,80,80,80,80,80,80],"card_choices":[{"not_picked":["Scrape","Self Repair"],"picked":"Cold Snap","floor":1},{"not_picked":["Hologram","Stack"],"picked":"Capacitor","floor":2},{"not_picked":["Undo","Beam Cell"],"picked":"Self Repair","floor":5},{"not_picked":["Beam Cell","Force Field"],"picked":"Barrage","floor":6},{"not_picked":["Go for the Eyes","Coolheaded"],"picked":"Ball Lightning","floor":8},{"not_picked":["Redo","Static Discharge"],"picked":"White Noise","floor":10},{"not_picked":["Thunder Strike","Turbo","Scrape"],"picked":"SKIP","floor":11},{"not_picked":["Gash","Ball Lightning"],"picked":"BootSequence","floor":12},{"not_picked":["Fusion","Sweeping Beam"],"picked":"Loop","floor":14},{"not_picked":["Thunder Strike","Meteor Strike"],"picked":"Seek","floor":16},{"not_picked":["Beam Cell","Barrage","Capacitor"],"picked":"SKIP","floor":18},{"not_picked":["Rebound","Static Discharge+1","Turbo+1"],"picked":"SKIP","floor":21},{"not_picked":["Barrage","Heatsinks"],"picked":"Seek","floor":22},{"not_picked":["Capacitor","Rebound"],"picked":"Leap","floor":24},{"not_picked":["Sweeping Beam","Leap+1"],"picked":"Gash","floor":27},{"not_picked":["Turbo","Redo"],"picked":"Undo+1","floor":28},{"not_picked":["Stack","Auto Shields","Rebound+1"],"picked":"SKIP","floor":29},{"not_picked":["Streamline+1","Hello World","Redo"],"picked":"SKIP","floor":30},{"not_picked":["Rebound+1","Redo"],"picked":"Hologram","floor":31},{"not_picked":["Reboot","Meteor Strike"],"picked":"Amplify","floor":33},{"not_picked":["Scrape","Barrage","Force Field"],"picked":"SKIP","floor":35},{"not_picked":["Fusion+1","Hello World+1","Hologram+1"],"picked":"SKIP","floor":38}],"player_experience":344592,"relics_obtained":[{"floor":6,"key":"PreservedInsect"},{"floor":9,"key":"Lantern"},{"floor":10,"key":"Kunai"},{"floor":14,"key":"Ancient Tea Set"},{"floor":22,"key":"Old Coin"},{"floor":22,"key":"Sundial"},{"floor":24,"key":"Pen Nib"},{"floor":26,"key":"Dodecahedron"},{"floor":28,"key":"Red Mask"},{"floor":29,"key":"Orichalcum"},{"floor":39,"key":"Bird Faced Urn"}],"event_choices":[{"cards_removed":["Strike_B"],"damage_healed":0,"gold_gain":0,"player_choice":"Card Removal","damage_taken":0,"max_hp_gain":0,"max_hp_loss":0,"event_name":"Wheel of Change","floor":3,"gold_loss":0},{"cards_removed":["Strike_B"],"damage_healed":0,"gold_gain":0,"player_choice":"Purged","damage_taken":0,"max_hp_gain":0,"max_hp_loss":0,"event_name":"Purifier","floor":13,"gold_loss":0},{"damage_healed":0,"gold_gain":0,"player_choice":"Ignored","damage_taken":0,"max_hp_gain":0,"max_hp_loss":0,"event_name":"Beggar","floor":20,"gold_loss":0},{"damage_healed":0,"gold_gain":0,"player_choice":"Fight","damage_taken":0,"max_hp_gain":0,"max_hp_loss":0,"event_name":"Colosseum","floor":22,"gold_loss":0},{"damage_healed":0,"gold_gain":0,"player_choice":"Fought Nobs","damage_taken":0,"max_hp_gain":0,"max_hp_loss":0,"event_name":"Colosseum","floor":22,"gold_loss":0},{"damage_healed":0,"gold_gain":0,"player_choice":"Fought Bandits","damage_taken":0,"max_hp_gain":0,"max_hp_loss":0,"event_name":"Masked Bandits","floor":28,"gold_loss":0},{"damage_healed":0,"gold_gain":0,"player_choice":"Ignored","damage_taken":0,"max_hp_gain":0,"max_hp_loss":0,"event_name":"Mysterious Sphere","floor":36,"gold_loss":0},{"damage_healed":0,"gold_gain":0,"player_choice":"Fight","damage_taken":0,"max_hp_gain":0,"max_hp_loss":0,"event_name":"MindBloom","floor":39,"gold_loss":0}],"is_beta":false,"boss_relics":[{"not_picked":["Snecko Eye","Calling Bell"],"picked":"Inserter"},{"not_picked":["Black Star","Tiny House"],"picked":"Pandora\u0027s Box"}],"items_purged_floors":[19,37],"is_endless":false,"potions_floor_spawned":[5,8,11,16,21,24,28,33,35],"killed_by":"Writhing Mass","ascension_level":5}