{"gold_per_floor":[115,132,132,144,319,319,319,319,371,371,389,31,47,47],"floor_reached":14,"playtime":271,"items_purged":["Strike_B"],"score":128,"play_id":"5f514e9e-39cf-408c-89cf-b404c020af3e","local_time":"20181203164821","is_ascension_mode":true,"campfire_choices":[{"data":"Barrage","floor":6,"key":"SMITH"},{"data":"Gash","floor":8,"key":"SMITH"}],"neow_cost":"NONE","seed_source_timestamp":79053483485583,"circlet_count":0,"master_deck":["AscendersBane","Strike_B","Strike_B","Defend_B","Defend_B","Defend_B","Defend_B+1","Zap","Dualcast","Genetic Algorithm+1","Barrage+1","Gash+1","Defragment","FTL","Sunder"],"relics":["Cracked Core","NeowsBlessing","Orichalcum","Meat on the Bone"],"potions_floor_usage":[11],"damage_taken":[{"damage":0,"enemies":"Small Slimes","floor":1,"turns":1},{"damage":0,"enemies":"2 Louse","floor":2,"turns":1},{"damage":0,"enemies":"Cultist","floor":4,"turns":1},{"damage":20,"enemies":"Large Slime","floor":11,"turns":5},{"damage":4,"enemies":"3 Louse","floor":13,"turns":4},{"damage":37,"enemies":"Gremlin Nob","floor":14,"turns":4}],"seed_played":"-5362438941818072222","potions_obtained":[{"floor":4,"key":"AttackPotion"},{"floor":11,"key":"LiquidBronze"}],"is_trial":false,"path_per_floor":["M","M","?","M","?","R","?","R","T","?","M","$","M","E"],"character_chosen":"DEFECT","items_purchased":["Meat on the Bone","FTL"],"campfire_rested":0,"item_purchase_floors":[12,12],"current_hp_per_floor":[68,68,53,53,53,53,46,46,46,46,26,26,34,0],"gold":47,"neow_bonus":"THREE_ENEMY_KILL","is_prod":false,"is_daily":false,"chose_seed":false,"campfire_upgraded":2,"win_rate":0,"timestamp":1543873701,"path_taken":["M","M","?","M","?","R","?","R","T","?","M","$","?","E"],"build_version":"2018-11-15","purchased_purges":1,"victory":false,"max_hp_per_floor":[75,75,75,75,75,75,75,75,75,75,75,75,75,75],"card_choices":[{"not_picked":["Beam Cell","Reprogram"],"picked":"Genetic Algorithm","floor":1},{"not_picked":["Coolheaded","Conserve Battery"],"picked":"Barrage","floor":2},{"not_picked":["Meteor Strike","Darkness"],"picked":"Gash","floor":4},{"not_picked":["Sweeping Beam","BootSequence"],"picked":"Defragment","floor":11},{"not_picked":["Turbo","Heatsinks"],"picked":"Sunder","floor":13}],"player_experience":795490,"relics_obtained":[{"floor":9,"key":"Orichalcum"}],"event_choices":[{"damage_healed":0,"gold_gain":0,"player_choice":"Entered Light","damage_taken":15,"max_hp_gain":0,"max_hp_loss":0,"event_name":"Shining Light","floor":3,"gold_loss":0,"cards_upgraded":["Defend_B","Genetic Algorithm"]},{"damage_healed":0,"gold_gain":175,"player_choice":"AGREE","damage_taken":0,"max_hp_gain":0,"max_hp_loss":0,"event_name":"Liars Game","floor":5,"gold_loss":0,"cards_obtained":["Doubt"]},{"cards_removed":["Doubt"],"damage_healed":0,"gold_gain":0,"player_choice":"Card Removal","damage_taken":7,"max_hp_gain":0,"max_hp_loss":0,"event_name":"Golden Wing","floor":7,"gold_loss":0},{"cards_removed":["Strike_B"],"damage_healed":0,"gold_gain":0,"player_choice":"Purged","damage_taken":0,"max_hp_gain":0,"max_hp_loss":0,"event_name":"Purifier","floor":10,"gold_loss":0}],"is_beta":false,"boss_relics":[],"items_purged_floors":[12],"is_endless":false,"potions_floor_spawned":[4,11],"killed_by":"Gremlin Nob","ascension_level":12}