{"path_per_floor":["M","M","M","M","M","E","R","?","T","R","T","$","?","M","R","B",null,"M","M","M","M","$","R","M","R","T","M","M","M"],"character_chosen":"THE_SILENT","items_purchased":["Outmaneuver","Quick Slash","Underhanded Strike","Eviscerate"],"gold_per_floor":[118,136,154,173,187,215,215,215,215,215,288,181,181,197,197,296,296,314,327,343,361,164,164,184,184,184,202,214,230],"floor_reached":30,"campfire_rested":5,"playtime":3026,"current_hp_per_floor":[68,67,67,50,38,13,34,34,34,55,55,55,55,55,70,38,70,70,61,42,35,35,56,35,56,56,56,34,20],"items_purged":["Defend_G"],"gold":230,"score":263,"play_id":"66b12fa6-fc04-4ff7-875d-aa3e7c6eb07d","local_time":"20180320154927","is_prod":false,"is_daily":false,"is_ascension_mode":false,"campfire_upgraded":0,"timestamp":1521575367,"path_taken":["M","M","M","M","M","E","R","?","T","R","?","$","?","M","R","BOSS","M","?","M","M","$","R","M","R","T","M","M","M","M"],"build_version":"2018-03-15v3","purchased_purges":1,"victory":false,"master_deck":["Defend_G","Defend_G","Defend_G","Strike_G","Strike_G","Strike_G","Strike_G","Survivor","Neutralize","Tools of the Trade","Prepared","Underhanded Strike","Backflip","Quick Slash","Dagger Throw","Prepared","Leg Sweep","Outmaneuver","Quick Slash","Predator","Reflex","Acrobatics","Bullet Time","Normality","Doubt","Writhe","Escape Plan","Deflect+1","Slice","Deadly Poison","Underhanded Strike","Eviscerate","Flying Knee","Well Laid Plans","Underhanded Strike+1","Poisoned Stab","Poisoned Stab+1"],"max_hp_per_floor":[70,70,70,70,70,70,70,70,70,70,70,70,70,70,70,70,70,70,70,70,70,70,70,70,70,70,70,70,70],"relics":["Ring of the Snake","Tingsha","Dream Catcher","Kunai","Calling Bell","Bag of Marbles","Orichalcum","Unceasing Top","Ice Cream"],"card_choices":[{"not_picked":["Malaise","Slice"],"picked":"Prepared"},{"not_picked":["Deadly Poison","Dagger Throw"],"picked":"Underhanded Strike"},{"not_picked":["PiercingWail","Crippling Poison"],"picked":"Backflip"},{"not_picked":["Sucker Punch","Bullet Time"],"picked":"Quick Slash"},{"not_picked":["Flying Knee","Infinite Blades"],"picked":"Dagger Throw"},{"not_picked":["Sucker Punch","Backstab"],"picked":"Prepared"},{"not_picked":["PiercingWail","Flying Knee"],"picked":"Leg Sweep"},{"not_picked":["Poisoned Stab","Flechettes"],"picked":"Reflex"},{"not_picked":["Deflect","Flying Knee"],"picked":"Acrobatics"},{"not_picked":["Envenom","Wraith Form"],"picked":"Bullet Time"},{"not_picked":["Acrobatics","Outmaneuver"],"picked":"Escape Plan"},{"not_picked":["Poisoned Stab","PiercingWail"],"picked":"Deflect"},{"not_picked":["Deflect","Flying Knee"],"picked":"Slice"},{"not_picked":["Catalyst","Malaise"],"picked":"Deadly Poison"},{"not_picked":["Dodge and Roll","Tools of the Trade"],"picked":"Flying Knee"},{"not_picked":["Backflip","Dagger Spray"],"picked":"Well Laid Plans"},{"not_picked":["Reflex","Dash"],"picked":"Underhanded Strike"},{"not_picked":["Leg Sweep","Well Laid Plans"],"picked":"Poisoned Stab"},{"not_picked":["Dash","Dagger Throw"],"picked":"Poisoned Stab"}],"player_experience":21735,"potions_floor_usage":[5,20,24,30,30],"damage_taken":[{"damage":2,"enemies":"Small Slimes","floor":1,"turns":4},{"damage":1,"enemies":"Jaw Worm","floor":2,"turns":6},{"damage":0,"enemies":"Cultist","floor":3,"turns":4},{"damage":17,"enemies":"Large Slime","floor":4,"turns":10},{"damage":27,"enemies":"Gremlin Gang","floor":5,"turns":6},{"damage":25,"enemies":"Gremlin Nob","floor":6,"turns":5},{"damage":0,"enemies":"2 Fungi Beasts","floor":14,"turns":2},{"damage":32,"enemies":"The Guardian","floor":16,"turns":14},{"damage":0,"enemies":"Chosen","floor":18,"turns":6},{"damage":9,"enemies":"Shell Parasite","floor":19,"turns":7},{"damage":19,"enemies":"Snake Plant","floor":20,"turns":6},{"damage":7,"enemies":"Snecko","floor":21,"turns":5},{"damage":21,"enemies":"Sentry and Sphere","floor":24,"turns":6},{"damage":0,"enemies":"Centurion and Healer","floor":27,"turns":4},{"damage":22,"enemies":"Snake Plant","floor":28,"turns":5},{"damage":14,"enemies":"Snecko","floor":29,"turns":5},{"damage":23,"enemies":"Cultist and Chosen","floor":30,"turns":4}],"event_choices":[{"event_name":"Living Wall","player_choice":"Forget","floor":8,"damage_taken":0},{"event_name":"Transmorgrifier","player_choice":"Transform","floor":13,"damage_taken":0}],"boss_relics":[{"not_picked":["Black Star","The Specimen"],"picked":"Calling Bell"}],"potions_floor_spawned":[1,3,6,16,18,24,27],"seed_played":"-6915990796811104018","killed_by":"Cultist and Chosen","ascension_level":0,"is_trial":false}