{"gold_per_floor":[117,117,134,25,35,35,35,35,35,35,67,81,97,109,109,210,210,221,221,234,333,351,104,104,104,104,104,132,132,132,160,160,160],"floor_reached":33,"playtime":1693,"items_purged":["Defend_G","Strike_G"],"score":450,"play_id":"4e314533-602f-457a-913a-89fd95e40163","local_time":"20181025014302","is_ascension_mode":true,"campfire_choices":[{"data":"Noxious Fumes","floor":6,"key":"SMITH"},{"data":"Backflip","floor":8,"key":"SMITH"},{"data":"Deadly Poison","floor":10,"key":"SMITH"},{"floor":15,"key":"REST"},{"floor":24,"key":"REST"},{"floor":29,"key":"REST"},{"floor":32,"key":"REST"}],"neow_cost":"TEN_PERCENT_HP_LOSS","seed_source_timestamp":969692185111413,"circlet_count":0,"master_deck":["Defend_G","Defend_G+1","Defend_G","Defend_G","Strike_G","Survivor","Neutralize+1","Noxious Fumes+1","Backflip+1","Crippling Poison+1","Deadly Poison+1","Adrenaline","Dodge and Roll","Deadly Poison","Calculated Gamble","Corpse Explosion","Crippling Poison","Distraction+1"],"relics":["Ring of the Snake","Gremlin Horn","Art of War","Black Star","PreservedInsect","Darkstone Periapt","Girya","Unceasing Top","Bag of Marbles","Snake Skull"],"potions_floor_usage":[16,22,25,27],"damage_taken":[{"damage":0,"enemies":"2 Louse","floor":1,"turns":4},{"damage":1,"enemies":"Jaw Worm","floor":3,"turns":5},{"damage":0,"enemies":"Small Slimes","floor":5,"turns":3},{"damage":2,"enemies":"Lagavulin","floor":11,"turns":5},{"damage":3,"enemies":"3 Louse","floor":12,"turns":2},{"damage":2,"enemies":"Red Slaver","floor":13,"turns":4},{"damage":5,"enemies":"Exordium Wildlife","floor":14,"turns":4},{"damage":8,"enemies":"Hexaghost","floor":16,"turns":7},{"damage":8,"enemies":"Spheric Guardian","floor":18,"turns":4},{"damage":3,"enemies":"Chosen","floor":20,"turns":5},{"damage":8,"enemies":"Snake Plant","floor":22,"turns":4},{"damage":1,"enemies":"Colosseum Slavers","floor":25,"turns":3},{"damage":0,"enemies":"Shelled Parasite and Fungi","floor":27,"turns":1},{"damage":33,"enemies":"Slavers","floor":28,"turns":3},{"damage":23,"enemies":"Book of Stabbing","floor":31,"turns":7},{"damage":43,"enemies":"Automaton","floor":33,"turns":8}],"seed_played":"9050318598423121781","potions_obtained":[{"floor":1,"key":"SteroidPotion"},{"floor":5,"key":"SmokeBomb"},{"floor":11,"key":"Swift Potion"},{"floor":16,"key":"Explosive Potion"},{"floor":20,"key":"SpeedPotion"},{"floor":22,"key":"Energy Potion"}],"is_trial":false,"path_per_floor":["M","?","M","$","M","R","?","R","T","R","E","M","M","M","R","B",null,"M","?","M","?","M","$","R","?","T","M","E","R","?","E","R"],"character_chosen":"THE_SILENT","items_purchased":["Crippling Poison","PreservedInsect"],"campfire_rested":4,"item_purchase_floors":[4,23],"current_hp_per_floor":[63,50,49,49,49,49,49,49,49,49,47,44,42,37,55,47,59,51,40,37,37,29,29,49,48,48,48,15,35,35,12,32,0],"gold":160,"neow_bonus":"REMOVE_TWO","is_prod":false,"is_daily":false,"chose_seed":false,"campfire_upgraded":3,"win_rate":0,"timestamp":1540446182,"path_taken":["M","?","?","$","M","R","?","R","T","R","E","M","M","M","R","BOSS","M","?","M","?","M","$","R","?","T","?","E","R","?","E","R","BOSS"],"build_version":"2018-10-18","purchased_purges":2,"victory":false,"max_hp_per_floor":[63,63,63,63,63,63,63,63,63,63,63,63,63,63,63,63,63,63,68,68,68,68,68,68,68,68,68,68,68,68,68,68,68],"card_choices":[{"not_picked":["Bane","Quick Slash"],"picked":"Noxious Fumes","floor":1},{"not_picked":["Prepared","Acrobatics"],"picked":"Backflip","floor":3},{"not_picked":["Tactician","Eviscerate"],"picked":"Deadly Poison","floor":5},{"not_picked":["Concentrate","Backstab"],"picked":"Adrenaline","floor":11},{"not_picked":["Backflip","Blade Dance"],"picked":"Dodge and Roll","floor":12},{"not_picked":["Slice","Riddle With Holes"],"picked":"Deadly Poison","floor":13},{"not_picked":["Finisher","Skewer"],"picked":"Calculated Gamble","floor":14},{"not_picked":["Venomology","After Image"],"picked":"Corpse Explosion","floor":16},{"not_picked":["Prepared","Concentrate","Dash+1"],"picked":"SKIP","floor":18},{"not_picked":["Dagger Spray","Cloak And Dagger","Bane"],"picked":"SKIP","floor":20},{"not_picked":["Quick Slash","Footwork"],"picked":"Crippling Poison","floor":22},{"not_picked":["Flechettes+1","Cloak And Dagger","Tactician"],"picked":"SKIP","floor":28},{"not_picked":["Setup","Predator+1"],"picked":"Distraction+1","floor":31}],"player_experience":550312,"relics_obtained":[{"floor":9,"key":"Gremlin Horn"},{"floor":11,"key":"Art of War"},{"floor":26,"key":"Darkstone Periapt"},{"floor":28,"key":"Girya"},{"floor":28,"key":"Unceasing Top"},{"floor":31,"key":"Bag of Marbles"},{"floor":31,"key":"Snake Skull"}],"event_choices":[{"damage_healed":0,"gold_gain":0,"player_choice":"Entered Light","damage_taken":13,"max_hp_gain":0,"max_hp_loss":0,"event_name":"Shining Light","floor":2,"gold_loss":0,"cards_upgraded":["Defend_G","Neutralize"]},{"damage_healed":0,"gold_gain":0,"player_choice":"Upgraded","damage_taken":0,"max_hp_gain":0,"max_hp_loss":0,"event_name":"Upgrade Shrine","floor":7,"gold_loss":0,"cards_upgraded":["Crippling Poison"]},{"damage_healed":0,"gold_gain":0,"player_choice":"Shed Blood","damage_taken":16,"max_hp_gain":5,"max_hp_loss":0,"event_name":"Forgotten Altar","floor":19,"gold_loss":0},{"damage_healed":0,"gold_gain":99,"player_choice":"Stole From Cult","damage_taken":0,"max_hp_gain":0,"max_hp_loss":0,"event_name":"Nest","floor":21,"gold_loss":0},{"damage_healed":0,"gold_gain":0,"player_choice":"Fight","damage_taken":0,"max_hp_gain":0,"max_hp_loss":0,"event_name":"Colosseum","floor":25,"gold_loss":0},{"damage_healed":0,"gold_gain":0,"player_choice":"Fled From Nobs","damage_taken":0,"max_hp_gain":0,"max_hp_loss":0,"event_name":"Colosseum","floor":25,"gold_loss":0},{"cards_removed":["Strike_G"],"damage_healed":0,"gold_gain":0,"player_choice":"Elegance","damage_taken":0,"max_hp_gain":0,"max_hp_loss":0,"event_name":"Back to Basics","floor":30,"gold_loss":0}],"is_beta":false,"boss_relics":[{"not_picked":["Snecko Eye","Cursed Key"],"picked":"Black Star"}],"items_purged_floors":[4,23],"is_endless":false,"potions_floor_spawned":[1,5,11,16,20,22,25],"killed_by":"Automaton","ascension_level":9}