{"gold_per_floor":[113,113,113,130,145,145,160,160,160,179,179,193,193,223,223,328,328,339,30,30,30,67,67,95,194,194,194,221,234,248,262,262,367,367,378,82,98,112,212,212,238,238,238,238,252,33,33,45,45,45],"floor_reached":51,"playtime":7240,"items_purged":["Heatsinks+1"],"score":938,"play_id":"439d6772-f5cc-492d-b440-3a2c1957b5f7","local_time":"20181103175614","is_ascension_mode":true,"campfire_choices":[{"data":"Zap","floor":6.0,"key":"SMITH"},{"data":"Coolheaded","floor":8.0,"key":"SMITH"},{"data":"FTL","floor":11.0,"key":"SMITH"},{"floor":15.0,"key":"REST"},{"data":"Chaos","floor":23.0,"key":"SMITH"},{"floor":27.0,"key":"REST"},{"floor":32,"key":"REST"},{"data":"Chill","floor":40,"key":"SMITH"},{"data":"Echo Form","floor":44,"key":"SMITH"},{"floor":47,"key":"REST"},{"floor":49,"key":"REST"}],"neow_cost":"NONE","seed_source_timestamp":586393813049890,"circlet_count":0,"master_deck":["Strike_B+1","Strike_B+1","Defend_B","Defend_B","Defend_B","Defend_B","Zap+1","Dualcast","Deep Breath","Ball Lightning","Cold Snap","Coolheaded+1","Undo","FTL+1","Ball Lightning","Chill+1","Leap","Echo Form+1","Go for the Eyes+1","Jack Of All Trades","Chaos+1","Core Surge","Defragment+1","Stack+1","Meteor Strike","Turbo","Double Energy+1","Dark Shackles","Dramatic Entrance","Sweeping Beam","Blizzard","Coolheaded"],"special_seed":0,"relics":["Cracked Core","Bottled Lightning","Letter Opener","Nuclear Battery","StoneCalendar","Blood Vial","Kunai","Red Mask","Busted Crown","Meat on the Bone","Girya","Bird Faced Urn","FossilizedHelix"],"potions_floor_usage":[33,41,45,50],"damage_taken":[{"damage":7.0,"enemies":"2 Louse","floor":1.0,"turns":3.0},{"damage":1.0,"enemies":"Cultist","floor":4.0,"turns":3.0},{"damage":0.0,"enemies":"Jaw Worm","floor":5.0,"turns":3.0},{"damage":2.0,"enemies":"Looter","floor":7.0,"turns":3.0},{"damage":13.0,"enemies":"Exordium Thugs","floor":10.0,"turns":3.0},{"damage":0.0,"enemies":"Large Slime","floor":12.0,"turns":4.0},{"damage":8.0,"enemies":"Lagavulin","floor":14.0,"turns":5.0},{"damage":17.0,"enemies":"Hexaghost","floor":16.0,"turns":9.0},{"damage":2.0,"enemies":"Shell Parasite","floor":18.0,"turns":4.0},{"damage":0.0,"enemies":"Spheric Guardian","floor":22.0,"turns":3.0},{"damage":30.0,"enemies":"Slavers","floor":24.0,"turns":6.0},{"damage":2,"enemies":"Masked Bandits","floor":28,"turns":4},{"damage":7,"enemies":"3 Cultists","floor":29,"turns":5},{"damage":0,"enemies":"Cultist and Chosen","floor":30,"turns":3},{"damage":1,"enemies":"Centurion and Healer","floor":31,"turns":7},{"damage":34,"enemies":"Collector","floor":33,"turns":8},{"damage":0,"enemies":"3 Shapes","floor":35,"turns":5},{"damage":3,"enemies":"3 Darklings","floor":37,"turns":7},{"damage":18,"enemies":"Sphere and 2 Shapes","floor":38,"turns":6},{"damage":2,"enemies":"Mind Bloom Boss Battle","floor":39,"turns":6},{"damage":40,"enemies":"Nemesis","floor":41,"turns":9},{"damage":11,"enemies":"Jaw Worm Horde","floor":45,"turns":4},{"damage":23,"enemies":"Writhing Mass","floor":48,"turns":6},{"damage":31,"enemies":"Awakened One","floor":50,"turns":17}],"seed_played":"-2559201529997971577","potions_obtained":[{"floor":1.0,"key":"SkillPotion"},{"floor":10.0,"key":"Ancient Potion"},{"floor":16.0,"key":"FairyPotion"},{"floor":22.0,"key":"Strength Potion"},{"floor":33,"key":"Regen Potion"},{"floor":39,"key":"FocusPotion"},{"floor":41,"key":"SpeedPotion"},{"floor":45,"key":"FairyPotion"}],"is_trial":false,"path_per_floor":["M","?","?","M","M","R","M","R","T","M","R","M","?","E","R","B",null,"M","$","?","?","M","R","E","?","T","R","?","M","M","M","R","B",null,"M","$","M","M","?","R","E","?","T","R","M","$","R","M","R","B",null],"character_chosen":"DEFECT","items_purchased":["StoneCalendar","Turbo","Meat on the Bone","Sweeping Beam","Blizzard","Coolheaded"],"campfire_rested":5,"item_purchase_floors":[19,36,36,46,46,46],"current_hp_per_floor":[61,46,46,45,45,45,43,43,43,30,30,30,30,22,44,27,63,61,61,61,47,47,47,17,17,17,39,39,34,36,37,59,27,63,65,65,64,48,48,48,37,32,32,32,39,39,61,46,68,43],"gold":45,"neow_bonus":"RANDOM_COLORLESS","is_prod":false,"is_daily":false,"chose_seed":false,"campfire_upgraded":6,"win_rate":0,"timestamp":1541282174,"path_taken":["M","?","?","M","M","R","M","R","T","?","R","M","?","E","R","BOSS","M","$","?","?","?","R","E","?","T","R","?","M","M","?","R","BOSS","M","$","M","M","?","R","E","?","T","R","M","$","R","M","R","BOSS"],"build_version":"2018-11-01","purchased_purges":1,"victory":true,"max_hp_per_floor":[75,75,75,75,75,75,75,75,75,75,75,75,75,75,75,75,75,75,75,75,75,75,75,75,75,75,75,75,75,75,75,75,75,75,75,75,75,75,75,75,75,75,75,75,75,75,75,75,75,75],"card_choices":[{"not_picked":["Heatsinks","Barrage"],"picked":"Ball Lightning","floor":1.0},{"not_picked":["Leap","Compile Driver"],"picked":"Cold Snap","floor":4.0},{"not_picked":["Ball Lightning","Stack"],"picked":"Coolheaded","floor":5.0},{"not_picked":["Rebound","Streamline"],"picked":"Undo","floor":7.0},{"not_picked":["Turbo","Reinforced Body"],"picked":"FTL","floor":10.0},{"not_picked":["Melter","Hyperbeam"],"picked":"Ball Lightning","floor":12.0},{"not_picked":["Rebound","Undo"],"picked":"Leap","floor":14.0},{"not_picked":["Reboot","Thunder Strike"],"picked":"Echo Form","floor":16.0},{"not_picked":["Lockon","Hologram"],"picked":"Go for the Eyes+1","floor":18.0},{"not_picked":["Compile Driver","Storm"],"picked":"Chaos","floor":22.0},{"not_picked":["Gash+1","Melter+1"],"picked":"Core Surge","floor":24.0},{"not_picked":["Chaos","Compile Driver"],"picked":"Defragment+1","floor":28},{"not_picked":["Leap","Genetic Algorithm"],"picked":"Stack+1","floor":29},{"not_picked":["Conserve Battery","Ball Lightning"],"picked":"Heatsinks+1","floor":30},{"not_picked":["Rainbow","Barrage","Genetic Algorithm"],"picked":"SKIP","floor":31},{"not_picked":["Fission","Hyperbeam"],"picked":"Meteor Strike","floor":33},{"not_picked":["Storm"],"picked":"SKIP","floor":35},{"not_picked":["Steam+1"],"picked":"SKIP","floor":37},{"not_picked":["Heatsinks+1"],"picked":"SKIP","floor":38},{"not_picked":[],"picked":"Double Energy+1","floor":39},{"not_picked":["Steam+1"],"picked":"SKIP","floor":41},{"not_picked":[],"picked":"Dark Shackles","floor":42},{"not_picked":[],"picked":"Dramatic Entrance","floor":42},{"not_picked":["Gash+1"],"picked":"SKIP","floor":45},{"not_picked":["Beam Cell"],"picked":"SKIP","floor":48}],"player_experience":582001,"relics_obtained":[{"floor":9.0,"key":"Bottled Lightning"},{"floor":14.0,"key":"Letter Opener"},{"floor":24.0,"key":"Blood Vial"},{"floor":26.0,"key":"Kunai"},{"floor":28,"key":"Red Mask"},{"floor":39,"key":"Girya"},{"floor":41,"key":"Bird Faced Urn"},{"floor":43,"key":"FossilizedHelix"}],"event_choices":[{"damage_healed":0.0,"max_hp_gain":0.0,"max_hp_loss":0.0,"gold_gain":0.0,"event_name":"Shining Light","player_choice":"Entered Light","floor":2.0,"gold_loss":0.0,"damage_taken":15.0,"cards_upgraded":["Strike_B","Strike_B"]},{"cards_removed":["Strike_B"],"damage_healed":0.0,"max_hp_gain":0.0,"max_hp_loss":0.0,"gold_gain":0.0,"event_name":"Purifier","player_choice":"Purged","floor":3.0,"gold_loss":0.0,"damage_taken":0.0},{"damage_healed":0.0,"max_hp_gain":0.0,"max_hp_loss":0.0,"gold_gain":0.0,"cards_transformed":["Strike_B"],"event_name":"Living Wall","player_choice":"Change","floor":13.0,"gold_loss":0.0,"damage_taken":0.0,"cards_obtained":["Chill"]},{"damage_healed":0.0,"max_hp_gain":0.0,"max_hp_loss":0.0,"gold_gain":0.0,"event_name":"Ghosts","player_choice":"Ignored","floor":20.0,"gold_loss":0.0,"damage_taken":0.0},{"damage_healed":0.0,"max_hp_gain":0.0,"max_hp_loss":0.0,"gold_gain":0.0,"event_name":"Knowing Skull","player_choice":"CARD ","floor":21.0,"potions_obtained":[],"gold_loss":0.0,"damage_taken":14.0,"cards_obtained":["Jack Of All Trades"]},{"damage_healed":0.0,"max_hp_gain":0.0,"max_hp_loss":0.0,"gold_gain":99.0,"event_name":"Nest","player_choice":"Stole From Cult","floor":25.0,"gold_loss":0.0,"damage_taken":0.0},{"damage_healed":0,"gold_gain":0,"player_choice":"Fought Bandits","damage_taken":0,"max_hp_gain":0,"max_hp_loss":0,"event_name":"Masked Bandits","floor":28,"gold_loss":0},{"damage_healed":0,"gold_gain":0,"player_choice":"Fight","damage_taken":0,"max_hp_gain":0,"max_hp_loss":0,"event_name":"MindBloom","floor":39,"gold_loss":0},{"damage_healed":0,"gold_gain":0,"player_choice":"Memory 2","damage_taken":5,"max_hp_gain":0,"max_hp_loss":0,"event_name":"SensoryStone","floor":42,"gold_loss":0}],"is_beta":false,"boss_relics":[{"not_picked":["Philosopher\u0027s Stone","Runic Dome"],"picked":"Nuclear Battery"},{"not_picked":["Orrery","Velvet Choker"],"picked":"Busted Crown"}],"items_purged_floors":[46],"is_endless":false,"potions_floor_spawned":[1,10,16,22,33,39,41,45],"ascension_level":9}