{"gold_per_floor":[112,112,25,42,42,75,96,108,133,133,152,165,165,180,180,252,252,268,268,282,282,296,296,296],"floor_reached":24,"playtime":1806,"items_purged":[],"score":356,"play_id":"7d2bbd69-8ad0-4f96-b0cf-f7f181488126","local_time":"20190804222545","is_ascension_mode":true,"campfire_choices":[{"floor":10,"key":"REST"},{"floor":13,"key":"REST"},{"data":"Neutralize","floor":15,"key":"SMITH"},{"floor":23,"key":"REST"}],"neow_cost":"CURSE","seed_source_timestamp":24399441179911,"circlet_count":0,"master_deck":["AscendersBane","Strike_G","Strike_G","Strike_G","Strike_G","Strike_G","Defend_G","Defend_G","Defend_G","Defend_G","Defend_G","Survivor","Neutralize+1","Dagger Throw","Heel Hook","Dash","Leg Sweep","Terror","Footwork","Poisoned Stab","Sucker Punch","Burst","Dagger Spray+1","Well Laid Plans","Backstab"],"relics":["Ring of the Snake","Omamori","Odd Mushroom","Anchor","Runic Pyramid","Necronomicon"],"potions_floor_usage":[11,16,16,16,16,22,24],"damage_taken":[{"damage":0,"enemies":"Small Slimes","floor":1,"turns":4},{"damage":1,"enemies":"2 Louse","floor":4,"turns":3},{"damage":33,"enemies":"Gremlin Nob","floor":6,"turns":6},{"damage":21,"enemies":"The Mushroom Lair","floor":7,"turns":6},{"damage":0,"enemies":"Cultist","floor":8,"turns":4},{"damage":6,"enemies":"Large Slime","floor":11,"turns":6},{"damage":2,"enemies":"2 Fungi Beasts","floor":12,"turns":5},{"damage":3,"enemies":"Looter","floor":14,"turns":3},{"damage":45,"enemies":"Slime Boss","floor":16,"turns":14},{"damage":1,"enemies":"Shell Parasite","floor":18,"turns":11},{"damage":3,"enemies":"3 Byrds","floor":20,"turns":8},{"damage":2,"enemies":"Centurion and Healer","floor":22,"turns":13},{"damage":61,"enemies":"Gremlin Leader","floor":24,"turns":11}],"seed_played":"4773660748969611584","potions_obtained":[{"floor":4,"key":"LiquidBronze"},{"floor":7,"key":"SpeedPotion"},{"floor":11,"key":"FearPotion"},{"floor":12,"key":"EntropicBrew"},{"floor":14,"key":"PowerPotion"},{"floor":18,"key":"Block Potion"},{"floor":20,"key":"Dexterity Potion"},{"floor":22,"key":"Ancient Potion"}],"is_trial":false,"path_per_floor":["M","?","$","M","$","E","?","M","T","R","M","M","R","M","R","B",null,"M","?","M","?","M","R","E"],"character_chosen":"THE_SILENT","items_purchased":["Heel Hook"],"campfire_rested":3,"item_purchase_floors":[3],"current_hp_per_floor":[71,71,71,70,70,37,16,16,16,39,33,31,54,51,51,6,60,59,52,49,28,26,49,0],"gold":296,"neow_bonus":"TWENTY_PERCENT_HP_BONUS","is_prod":false,"is_daily":false,"chose_seed":false,"campfire_upgraded":1,"win_rate":0,"timestamp":1564921545,"path_taken":["M","?","$","M","$","E","?","M","T","R","M","M","R","M","R","BOSS","M","?","?","?","M","R","E"],"build_version":"2019-07-17","purchased_purges":0,"victory":false,"max_hp_per_floor":[78,78,78,78,78,78,78,78,78,78,78,78,78,78,78,78,78,78,78,78,78,78,78,78],"card_choices":[{"not_picked":["Quick Slash","Endless Agony"],"picked":"Dagger Throw","floor":1},{"not_picked":["Cloak And Dagger","Backflip"],"picked":"Dash","floor":4},{"not_picked":["Concentrate","Unload"],"picked":"Leg Sweep","floor":6},{"not_picked":["Flechettes","Dash"],"picked":"Terror","floor":7},{"not_picked":["Accuracy","Flechettes","Outmaneuver"],"picked":"SKIP","floor":8},{"not_picked":["Setup","Underhanded Strike"],"picked":"Footwork","floor":11},{"not_picked":["Deflect","Dagger Throw"],"picked":"Poisoned Stab","floor":12},{"not_picked":["Endless Agony","Underhanded Strike"],"picked":"Sucker Punch","floor":14},{"not_picked":["Storm of Steel","Doppelganger"],"picked":"Burst","floor":16},{"not_picked":["Backstab","Blur"],"picked":"Dagger Spray+1","floor":18},{"not_picked":["Escape Plan","Heel Hook"],"picked":"Well Laid Plans","floor":20},{"not_picked":["Sucker Punch","Acrobatics"],"picked":"Backstab","floor":22}],"player_experience":1128429,"relics_obtained":[{"floor":6,"key":"Omamori"},{"floor":7,"key":"Odd Mushroom"},{"floor":9,"key":"Anchor"},{"floor":21,"key":"Necronomicon"}],"event_choices":[{"cards_removed":["Decay"],"damage_healed":0,"gold_gain":0,"player_choice":"Forget","damage_taken":0,"max_hp_gain":0,"max_hp_loss":0,"event_name":"Living Wall","floor":2,"gold_loss":0},{"damage_healed":0,"gold_gain":0,"player_choice":"Fought Mushrooms","damage_taken":0,"max_hp_gain":0,"max_hp_loss":0,"event_name":"Mushrooms","floor":7,"gold_loss":0},{"damage_healed":0,"gold_gain":0,"player_choice":"","damage_taken":7,"max_hp_gain":0,"max_hp_loss":0,"event_name":"Knowing Skull","floor":19,"potions_obtained":[],"gold_loss":0,"cards_obtained":[]},{"damage_healed":0,"gold_gain":0,"player_choice":"Obtained Book","damage_taken":21,"max_hp_gain":0,"max_hp_loss":0,"event_name":"Cursed Tome","floor":21,"gold_loss":0}],"is_beta":false,"boss_relics":[{"not_picked":["WristBlade","Tiny House"],"picked":"Runic Pyramid"}],"items_purged_floors":[],"is_endless":false,"potions_floor_spawned":[4,7,11,12,14,18,20,22],"killed_by":"Gremlin Leader","ascension_level":16}