{"gold_per_floor":[17,17,36,56,69,69,104,120,146,175,193,193,223,240,240,317,317,336,211,223,255,272,272,272,306,306,340,350,369,383,412,412,412],"floor_reached":33,"playtime":2118,"items_purged":["Strike_R"],"score":694,"play_id":"cffd5625-f53f-4db9-8a36-83c63ab6cb45","local_time":"20190912145036","is_ascension_mode":true,"campfire_choices":[{"data":"Bludgeon","floor":6,"key":"SMITH"},{"data":"Bash","floor":12,"key":"SMITH"},{"data":"Warcry","floor":15,"key":"SMITH"},{"data":"Shockwave","floor":23,"key":"SMITH"},{"floor":32,"key":"REST"}],"neow_cost":"NO_GOLD","seed_source_timestamp":235690772610300,"circlet_count":0,"master_deck":["AscendersBane","Strike_R","Strike_R","Strike_R","Strike_R","Defend_R","Defend_R+1","Defend_R","Defend_R+1","Bash+1","Bludgeon+1","Pommel Strike","Sword Boomerang","Shrug It Off","Corruption","Anger","Warcry+1","Offering","Headbutt","Shockwave+1","Dark Embrace","Headbutt+1","Spot Weakness"],"relics":["Burning Blood","Vajra","Lantern","War Paint","Happy Flower","Bag of Marbles","Philosopher\u0027s Stone","Red Mask","Calipers","Darkstone Periapt","Blood Vial","Orichalcum"],"potions_floor_usage":[11,18,33],"damage_taken":[{"damage":1,"enemies":"Cultist","floor":1,"turns":3},{"damage":0,"enemies":"2 Louse","floor":3,"turns":3},{"damage":0,"enemies":"Small Slimes","floor":4,"turns":3},{"damage":7,"enemies":"3 Louse","floor":5,"turns":5},{"damage":8,"enemies":"Gremlin Nob","floor":7,"turns":3},{"damage":0,"enemies":"Looter","floor":8,"turns":1},{"damage":14,"enemies":"3 Sentries","floor":10,"turns":10},{"damage":15,"enemies":"Lots of Slimes","floor":11,"turns":8},{"damage":0,"enemies":"Gremlin Nob","floor":13,"turns":3},{"damage":0,"enemies":"Large Slime","floor":14,"turns":2},{"damage":15,"enemies":"Slime Boss","floor":16,"turns":6},{"damage":6,"enemies":"Shell Parasite","floor":18,"turns":1},{"damage":45,"enemies":"3 Byrds","floor":20,"turns":5},{"damage":0,"enemies":"Masked Bandits","floor":21,"turns":2},{"damage":0,"enemies":"Snecko","floor":22,"turns":2},{"damage":15,"enemies":"Book of Stabbing","floor":25,"turns":3},{"damage":6,"enemies":"Slavers","floor":27,"turns":4},{"damage":11,"enemies":"Snake Plant","floor":28,"turns":2},{"damage":15,"enemies":"Sentry and Sphere","floor":29,"turns":4},{"damage":5,"enemies":"Cultist and Chosen","floor":30,"turns":3},{"damage":20,"enemies":"Gremlin Leader","floor":31,"turns":4},{"damage":88,"enemies":"Collector","floor":33,"turns":8}],"seed_played":"1296017471464935611","potions_obtained":[{"floor":5,"key":"Swift Potion"},{"floor":7,"key":"SkillPotion"},{"floor":8,"key":"Fire Potion"},{"floor":13,"key":"BloodPotion"},{"floor":21,"key":"FairyPotion"}],"is_trial":false,"path_per_floor":["M","?","M","M","M","R","E","M","T","E","M","R","E","M","R","B",null,"M","$","M","?","M","R","?","E","T","E","M","M","M","E","R","B"],"character_chosen":"IRONCLAD","items_purchased":["Headbutt"],"campfire_rested":1,"item_purchase_floors":[19],"current_hp_per_floor":[73,73,75,75,74,74,72,75,75,67,58,58,64,70,70,61,72,72,72,33,39,45,45,45,36,36,36,33,26,29,17,39,0],"gold":412,"neow_bonus":"THREE_RARE_CARDS","is_prod":false,"is_daily":false,"chose_seed":false,"campfire_upgraded":4,"win_rate":0,"timestamp":1568325036,"path_taken":["M","?","M","M","?","R","E","M","T","E","M","R","E","?","R","BOSS","M","$","M","?","M","R","?","E","T","E","M","M","?","E","R","BOSS"],"build_version":"2019-07-17","purchased_purges":1,"victory":false,"max_hp_per_floor":[75,75,75,75,75,75,75,75,75,75,75,75,75,75,75,75,75,75,75,75,75,75,75,75,75,75,75,75,75,75,75,75,75],"card_choices":[{"not_picked":["Double Tap","Barricade"],"picked":"Bludgeon","floor":0},{"not_picked":["Armaments","Clothesline"],"picked":"Disarm","floor":1},{"not_picked":["Infernal Blade","Dual Wield"],"picked":"Pommel Strike","floor":3},{"not_picked":["Cleave","Iron Wave"],"picked":"Sword Boomerang","floor":4},{"not_picked":["Heavy Blade","Wild Strike"],"picked":"Shrug It Off","floor":5},{"not_picked":["Twin Strike","Body Slam"],"picked":"Corruption","floor":7},{"not_picked":["Entrench","Heavy Blade","Flex"],"picked":"SKIP","floor":8},{"not_picked":["Clash","Bludgeon"],"picked":"Anger","floor":10},{"not_picked":["Clothesline","Sentinel"],"picked":"Warcry","floor":11},{"not_picked":["Burning Pact","Rampage","Wild Strike"],"picked":"SKIP","floor":13},{"not_picked":["Flex","Anger","Corruption"],"picked":"SKIP","floor":14},{"not_picked":["Fiend Fire","Brutality"],"picked":"Offering","floor":16},{"not_picked":["Thunderclap+1","Body Slam","Sentinel+1"],"picked":"SKIP","floor":18},{"not_picked":["Sentinel","Armaments","Warcry"],"picked":"SKIP","floor":20},{"not_picked":["Seeing Red","Twin Strike"],"picked":"Shockwave","floor":21},{"not_picked":["Infernal Blade","Pommel Strike","Iron Wave+1"],"picked":"SKIP","floor":22},{"not_picked":["Hemokinesis","Body Slam"],"picked":"Dark Embrace","floor":25},{"not_picked":["Anger","Twin Strike","Clothesline"],"picked":"SKIP","floor":27},{"not_picked":["Armaments","Corruption"],"picked":"Headbutt+1","floor":28},{"not_picked":["Cleave","Flex","Second Wind"],"picked":"SKIP","floor":29},{"not_picked":["Iron Wave","Armaments","Wild Strike"],"picked":"SKIP","floor":30},{"not_picked":["Searing Blow","Clash+1"],"picked":"Spot Weakness","floor":31}],"player_experience":497362,"relics_obtained":[{"floor":7,"key":"Lantern"},{"floor":9,"key":"War Paint"},{"floor":10,"key":"Happy Flower"},{"floor":13,"key":"Bag of Marbles"},{"floor":21,"key":"Red Mask"},{"floor":25,"key":"Calipers"},{"floor":26,"key":"Darkstone Periapt"},{"floor":27,"key":"Blood Vial"},{"floor":31,"key":"Orichalcum"}],"event_choices":[{"cards_removed":["Disarm"],"damage_healed":0,"gold_gain":0,"player_choice":"Gave Card","damage_taken":0,"relics_obtained":["Vajra"],"max_hp_gain":0,"max_hp_loss":0,"event_name":"WeMeetAgain","floor":2,"gold_loss":0},{"damage_healed":0,"gold_gain":0,"player_choice":"Fought Bandits","damage_taken":0,"max_hp_gain":0,"max_hp_loss":0,"event_name":"Masked Bandits","floor":21,"gold_loss":0},{"damage_healed":0,"gold_gain":0,"player_choice":"Ignored","damage_taken":0,"max_hp_gain":0,"max_hp_loss":0,"event_name":"N\u0027loth","floor":24,"gold_loss":0}],"is_beta":false,"boss_relics":[{"not_picked":["Runic Cube","Astrolabe"],"picked":"Philosopher\u0027s Stone"}],"items_purged_floors":[19],"is_endless":false,"potions_floor_spawned":[5,7,8,13,21,25,30,31],"killed_by":"Collector","ascension_level":19}