{"gold_per_floor":[110,110,126,71,71,97,97,125,125,125,185,205,221,1,1,77,77,93,122,122,142,32,32,32],"floor_reached":24,"playtime":1117,"items_purged":[],"score":424,"play_id":"294696d5-b793-4b00-86e1-e50af5eb808f","local_time":"20190807144400","is_ascension_mode":true,"campfire_choices":[{"data":"Barrage","floor":7,"key":"SMITH"},{"floor":10,"key":"REST"},{"floor":15,"key":"REST"},{"floor":23,"key":"REST"}],"neow_cost":"PERCENT_DAMAGE","seed_source_timestamp":947340066488871,"circlet_count":0,"master_deck":["AscendersBane","Strike_B","Defend_B","Defend_B","Defend_B","Defend_B","Zap","Dualcast","Electrodynamics","Beam Cell+1","Barrage+1","Sweeping Beam+1","Compile Driver","Leap","Fission","Cold Snap","Echo Form","Coolheaded","Loop","Undo","Steam Power"],"relics":["Cracked Core","Mummified Hand","Happy Flower","The Courier","Tiny Chest","Cables","Inserter","Red Mask"],"potions_floor_usage":[6,15,19,24],"damage_taken":[{"damage":0,"enemies":"2 Louse","floor":1,"turns":1},{"damage":0,"enemies":"Small Slimes","floor":3,"turns":3},{"damage":8,"enemies":"Gremlin Nob","floor":6,"turns":3},{"damage":10,"enemies":"3 Sentries","floor":8,"turns":3},{"damage":30,"enemies":"Lagavulin","floor":11,"turns":4},{"damage":0,"enemies":"Cultist","floor":12,"turns":2},{"damage":3,"enemies":"Blue Slaver","floor":13,"turns":2},{"damage":42,"enemies":"Hexaghost","floor":16,"turns":10},{"damage":12,"enemies":"3 Byrds","floor":18,"turns":4},{"damage":33,"enemies":"Masked Bandits","floor":19,"turns":3},{"damage":6,"enemies":"Spheric Guardian","floor":21,"turns":3},{"damage":37,"enemies":"Slavers","floor":24,"turns":4}],"seed_played":"-6266809841576652375","potions_obtained":[{"floor":12,"key":"Fruit Juice"},{"floor":13,"key":"PowerPotion"},{"floor":21,"key":"Block Potion"}],"is_trial":false,"path_per_floor":["M","?","M","$","?","E","R","E","T","R","E","M","M","$","R","B",null,"M","?","?","M","?","R","E"],"character_chosen":"DEFECT","items_purchased":["Strength Potion","Cables"],"campfire_rested":3,"item_purchase_floors":[4,14],"current_hp_per_floor":[46,46,46,46,46,38,38,28,28,49,19,19,16,16,43,1,57,45,12,12,6,6,28,0],"gold":32,"neow_bonus":"THREE_RARE_CARDS","is_prod":false,"is_daily":false,"chose_seed":false,"campfire_upgraded":1,"win_rate":0,"timestamp":1565203440,"path_taken":["M","?","M","$","?","E","R","E","T","R","E","M","M","$","R","BOSS","M","?","?","M","?","R","E"],"build_version":"2019-07-17","purchased_purges":0,"victory":false,"max_hp_per_floor":[71,71,71,71,71,71,71,71,71,71,71,71,71,71,76,76,76,76,76,76,76,76,76,76],"card_choices":[{"not_picked":["Creative AI","Seek"],"picked":"Electrodynamics","floor":0},{"not_picked":["Stack","Undo"],"picked":"Beam Cell","floor":1},{"not_picked":["Turbo","Redo"],"picked":"Barrage","floor":3},{"not_picked":["Steam","Beam Cell"],"picked":"Sweeping Beam","floor":6},{"not_picked":["Redo","Blizzard"],"picked":"Compile Driver","floor":8},{"not_picked":["Aggregate","Turbo"],"picked":"Leap","floor":11},{"not_picked":["Tempest","Turbo"],"picked":"Fission","floor":12},{"not_picked":["Stack","Steam"],"picked":"Cold Snap","floor":13},{"not_picked":["Thunder Strike","Hyperbeam"],"picked":"Echo Form","floor":16},{"not_picked":["Leap","Rebound"],"picked":"Coolheaded","floor":18},{"not_picked":["Sweeping Beam","Storm"],"picked":"Loop","floor":19},{"not_picked":["Static Discharge","Hologram","Scrape"],"picked":"SKIP","floor":21}],"player_experience":1733519,"relics_obtained":[{"floor":6,"key":"Mummified Hand"},{"floor":8,"key":"Happy Flower"},{"floor":9,"key":"The Courier"},{"floor":11,"key":"Tiny Chest"},{"floor":19,"key":"Red Mask"}],"event_choices":[{"damage_healed":0,"gold_gain":0,"player_choice":"Grow","damage_taken":0,"max_hp_gain":0,"max_hp_loss":0,"event_name":"Living Wall","floor":2,"gold_loss":0,"cards_upgraded":["Beam Cell"]},{"damage_healed":0,"gold_gain":0,"player_choice":"Ignored","damage_taken":0,"max_hp_gain":0,"max_hp_loss":0,"event_name":"Shining Light","floor":5,"gold_loss":0},{"damage_healed":0,"gold_gain":0,"player_choice":"Fought Bandits","damage_taken":0,"max_hp_gain":0,"max_hp_loss":0,"event_name":"Masked Bandits","floor":19,"gold_loss":0},{"damage_healed":0,"gold_gain":0,"cards_transformed":["Strike_B","Strike_B"],"player_choice":"Became Test Subject","damage_taken":0,"max_hp_gain":0,"max_hp_loss":0,"event_name":"Drug Dealer","floor":20,"gold_loss":0,"cards_obtained":["Undo","Steam Power"]},{"cards_removed":["Strike_B"],"damage_healed":0,"gold_gain":0,"player_choice":"Upgrade and Remove","damage_taken":0,"max_hp_gain":0,"max_hp_loss":0,"event_name":"Designer","floor":22,"gold_loss":110,"cards_upgraded":["Sweeping Beam"]}],"is_beta":false,"boss_relics":[{"not_picked":["Tiny House","Empty Cage"],"picked":"Inserter"}],"items_purged_floors":[],"is_endless":false,"potions_floor_spawned":[12,13,21],"killed_by":"Slavers","ascension_level":20}