{"gold_per_floor":[115,115,390,0,19,51,51,63,63,63,17,17,45,56,56,133,133,145,156,12,27,37,37,54,54,54,119,119],"floor_reached":28,"playtime":1936,"items_purged":["Regret"],"score":434,"play_id":"b45e0f61-8064-4418-9977-86dcb51746bd","local_time":"20190718222709","is_ascension_mode":true,"campfire_choices":[{"data":"Infinite Blades","floor":7.0,"key":"SMITH"},{"data":"Neutralize","floor":12.0,"key":"SMITH"},{"floor":15.0,"key":"REST"},{"floor":23.0,"key":"REST"},{"floor":25.0,"key":"REST"}],"neow_cost":"TEN_PERCENT_HP_LOSS","seed_source_timestamp":6222565435934,"circlet_count":0,"master_deck":["AscendersBane","Strike_G","Strike_G","Strike_G","Strike_G","Defend_G","Defend_G","Defend_G","Defend_G","Defend_G","Survivor","Neutralize+1","Dodge and Roll","Sucker Punch","Flechettes","Infinite Blades+1","Bouncing Flask+1","Catalyst","Venomology","All Out Attack","Noxious Fumes","Poisoned Stab","Flying Knee","Crippling Poison","Cloak And Dagger","Burst","Dagger Spray","Prepared","Dodge and Roll","Prepared","Blade Dance","Acrobatics"],"special_seed":0,"relics":["Ring of the Snake","Prayer Wheel","Kunai","Pocketwatch","Bottled Lightning","Anchor","Busted Crown","Vajra","Ornamental Fan","Tiny Chest"],"potions_floor_usage":[],"damage_taken":[{"damage":3.0,"enemies":"Small Slimes","floor":1.0,"turns":5.0},{"damage":3.0,"enemies":"2 Louse","floor":5.0,"turns":4.0},{"damage":12.0,"enemies":"3 Sentries","floor":6.0,"turns":9.0},{"damage":0.0,"enemies":"Cultist","floor":8.0,"turns":4.0},{"damage":14.0,"enemies":"Lagavulin","floor":13.0,"turns":5.0},{"damage":5.0,"enemies":"Exordium Wildlife","floor":14.0,"turns":4.0},{"damage":33.0,"enemies":"The Guardian","floor":16.0,"turns":10.0},{"damage":8.0,"enemies":"Spheric Guardian","floor":18.0,"turns":3.0},{"damage":0.0,"enemies":"Chosen","floor":19.0,"turns":4.0},{"damage":17.0,"enemies":"Sentry and Sphere","floor":21.0,"turns":5.0},{"damage":17.0,"enemies":"3 Cultists","floor":22.0,"turns":5.0},{"damage":13.0,"enemies":"Centurion and Healer","floor":24.0,"turns":6.0},{"damage":23.0,"enemies":"Book of Stabbing","floor":27.0,"turns":5.0},{"damage":13,"enemies":"Sentry and Sphere","floor":28,"turns":2}],"seed_played":"2453382472225484603","potions_obtained":[{"floor":1.0,"key":"AttackPotion"},{"floor":5.0,"key":"Weak Potion"},{"floor":6.0,"key":"FearPotion"},{"floor":19.0,"key":"FearPotion"},{"floor":22.0,"key":"FearPotion"},{"floor":24.0,"key":"SneckoOil"}],"is_trial":false,"path_per_floor":["M","?","?","$","M","E","R","M","T","?","$","R","E","M","R","B",null,"M","M","$","M","M","R","M","R","T","E","M"],"character_chosen":"THE_SILENT","items_purchased":["Kunai","Infinite Blades","Poisoned Stab","Vajra"],"campfire_rested":3,"item_purchase_floors":[4,4,11,20],"current_hp_per_floor":[56,56,56,56,53,41,41,41,41,41,41,41,27,22,40,7,47,39,39,39,22,5,23,10,28,28,5,0],"gold":119,"neow_bonus":"ONE_RARE_RELIC","is_prod":false,"is_daily":false,"chose_seed":false,"campfire_upgraded":2,"win_rate":0,"timestamp":1563452829,"path_taken":["M","?","?","$","?","E","R","M","T","?","?","R","E","M","R","BOSS","M","M","$","M","M","R","M","R","T","E","M"],"build_version":"2019-07-17","purchased_purges":1,"victory":false,"max_hp_per_floor":[60,60,60,60,60,60,60,60,60,60,60,60,60,60,60,60,60,60,60,60,60,60,60,60,60,60,60,60],"card_choices":[{"not_picked":["Endless Agony","Finisher"],"picked":"Dodge and Roll","floor":1.0},{"not_picked":["Bane","Slice"],"picked":"Sucker Punch","floor":1.0},{"not_picked":["Dodge and Roll","Caltrops"],"picked":"Bouncing Flask","floor":5.0},{"not_picked":["Masterful Stab","Riddle With Holes"],"picked":"Catalyst","floor":5.0},{"not_picked":["Dagger Spray","Escape Plan"],"picked":"Venomology","floor":6.0},{"not_picked":["Deadly Poison","Dagger Throw"],"picked":"All Out Attack","floor":8.0},{"not_picked":["Dagger Throw","Deadly Poison"],"picked":"Noxious Fumes","floor":8.0},{"not_picked":["Outmaneuver","Slice"],"picked":"Flying Knee","floor":13.0},{"not_picked":["Unload","Slice"],"picked":"Crippling Poison","floor":14.0},{"not_picked":["Masterful Stab","Backflip"],"picked":"Cloak And Dagger","floor":14.0},{"not_picked":["Phantasmal Killer","Adrenaline"],"picked":"Burst","floor":16.0},{"not_picked":[],"picked":"Dagger Spray","floor":18.0},{"not_picked":["Concentrate+1"],"picked":"SKIP","floor":18.0},{"not_picked":[],"picked":"Prepared","floor":19.0},{"not_picked":[],"picked":"Dodge and Roll","floor":19.0},{"not_picked":["Deflect"],"picked":"SKIP","floor":21.0},{"not_picked":["All Out Attack"],"picked":"SKIP","floor":21.0},{"not_picked":[],"picked":"Prepared","floor":22.0},{"not_picked":[],"picked":"Blade Dance","floor":22.0},{"not_picked":[],"picked":"Acrobatics","floor":24.0},{"not_picked":["Bane"],"picked":"SKIP","floor":24.0},{"not_picked":["Prepared"],"picked":"SKIP","floor":27}],"player_experience":1033679,"relics_obtained":[{"floor":6.0,"key":"Pocketwatch"},{"floor":9.0,"key":"Bottled Lightning"},{"floor":13.0,"key":"Anchor"},{"floor":26.0,"key":"Ornamental Fan"},{"floor":27,"key":"Tiny Chest"}],"event_choices":[{"damage_healed":0.0,"max_hp_gain":0.0,"max_hp_loss":0.0,"gold_gain":0.0,"cards_transformed":["Strike_G"],"event_name":"Living Wall","player_choice":"Change","floor":2.0,"gold_loss":0.0,"damage_taken":0.0,"cards_obtained":["Flechettes"]},{"damage_healed":0.0,"max_hp_gain":0.0,"max_hp_loss":0.0,"gold_gain":275.0,"event_name":"Golden Shrine","player_choice":"Desecrate","floor":3.0,"gold_loss":0.0,"damage_taken":0.0,"cards_obtained":["Regret"]},{"damage_healed":0.0,"max_hp_gain":0.0,"max_hp_loss":0.0,"gold_gain":0.0,"event_name":"Upgrade Shrine","player_choice":"Upgraded","floor":10.0,"gold_loss":0.0,"damage_taken":0.0,"cards_upgraded":["Bouncing Flask"]}],"is_beta":false,"boss_relics":[{"not_picked":["Astrolabe","Fusion Hammer"],"picked":"Busted Crown"}],"items_purged_floors":[4],"is_endless":false,"potions_floor_spawned":[1,5,6,14,19,22,24],"killed_by":"Sentry and Sphere","ascension_level":15}