{"gold_per_floor":[110,122,122,139,139,139,178,255,255,279,300,18,18,18,18,18],"floor_reached":16,"playtime":439,"items_purged":["Regret"],"score":175,"play_id":"495fad8d-6b44-4b77-baad-7aa23b74321f","local_time":"20190722061658","is_ascension_mode":true,"campfire_choices":[{"floor":13,"key":"REST"},{"data":"Defragment","floor":15,"key":"SMITH"}],"neow_cost":"NONE","seed_source_timestamp":62203409345952,"circlet_count":0,"master_deck":["AscendersBane","Strike_B","Strike_B","Strike_B","Strike_B","Defend_B","Defend_B","Defend_B","Defend_B","Zap","Dualcast","Defragment+1","Stack","Undo","Injury","Hyperbeam","BootSequence","Reprogram"],"relics":["Cracked Core","Centennial Puzzle","Happy Flower","Golden Idol","Unceasing Top","Question Card","Nunchaku","MealTicket"],"potions_floor_usage":[2,11,16],"damage_taken":[{"damage":8,"enemies":"Small Slimes","floor":1,"turns":3},{"damage":2,"enemies":"Jaw Worm","floor":2,"turns":4},{"damage":1,"enemies":"2 Louse","floor":4,"turns":2},{"damage":30,"enemies":"3 Sentries","floor":7,"turns":10},{"damage":7,"enemies":"Looter","floor":10,"turns":3},{"damage":0,"enemies":"Exordium Thugs","floor":11,"turns":2},{"damage":47,"enemies":"The Guardian","floor":16,"turns":6}],"seed_played":"-2047274850708505223","potions_obtained":[{"floor":1,"key":"Block Potion"},{"floor":7,"key":"Explosive Potion"},{"floor":10,"key":"GamblersBrew"}],"is_trial":false,"path_per_floor":["M","M","?","M","?","?","E","T","T","M","M","$","R","$","R","B"],"character_chosen":"DEFECT","items_purchased":["MealTicket"],"campfire_rested":1,"item_purchase_floors":[12],"current_hp_per_floor":[63,61,61,60,42,42,12,12,12,5,5,5,28,43,43,0],"gold":18,"neow_bonus":"TEN_PERCENT_HP_BONUS","is_prod":false,"is_daily":false,"chose_seed":false,"campfire_upgraded":1,"win_rate":0,"timestamp":1563740218,"path_taken":["M","M","?","M","?","?","E","?","T","M","M","$","R","?","R","BOSS"],"build_version":"2019-07-17","purchased_purges":1,"victory":false,"max_hp_per_floor":[78,78,78,78,78,78,78,78,78,78,78,78,78,78,78,78],"card_choices":[{"not_picked":["Tempest","Beam Cell"],"picked":"Defragment","floor":1},{"not_picked":["Blizzard","Heatsinks"],"picked":"Stack","floor":2},{"not_picked":["Hologram","Turbo"],"picked":"Undo","floor":4},{"not_picked":["Conserve Battery","Go for the Eyes"],"picked":"Hyperbeam","floor":7},{"not_picked":["Beam Cell","Hello World","Barrage"],"picked":"BootSequence","floor":10},{"not_picked":["Compile Driver","Leap","Undo"],"picked":"Reprogram","floor":11}],"player_experience":1056830,"relics_obtained":[{"floor":7,"key":"Unceasing Top"},{"floor":8,"key":"Question Card"},{"floor":9,"key":"Nunchaku"}],"event_choices":[{"damage_healed":0,"gold_gain":0,"player_choice":"Box","damage_taken":0,"relics_obtained":["Centennial Puzzle"],"max_hp_gain":0,"max_hp_loss":0,"event_name":"Big Fish","floor":3,"gold_loss":0,"cards_obtained":["Regret"]},{"damage_healed":0,"gold_gain":0,"player_choice":"Success","damage_taken":18,"relics_obtained":["Happy Flower"],"max_hp_gain":0,"max_hp_loss":0,"event_name":"Scrap Ooze","floor":5,"gold_loss":0},{"damage_healed":0,"gold_gain":0,"player_choice":"Take Wound","damage_taken":0,"relics_obtained":["Golden Idol"],"max_hp_gain":0,"max_hp_loss":0,"event_name":"Golden Idol","floor":6,"gold_loss":0,"cards_obtained":["Injury"]}],"is_beta":false,"boss_relics":[],"items_purged_floors":[12],"is_endless":false,"potions_floor_spawned":[1,7,10],"killed_by":"The Guardian","ascension_level":15}