{"gold_per_floor":[112,130,144,94,19,19,52,68,68,80,92,48,48,223,223,324,324,340,356,356,62,74,74,74,88,114,39,39,68,82,101,101,200,200,217,229,248,261,261,261,8,27,27,27,47,72,72,89,89,89],"floor_reached":50,"playtime":3748,"items_purged":["Strike_B","Strike_B"],"score":772,"play_id":"4011677d-73cc-412c-b113-46b7edf668ce","local_time":"20181104182900","is_ascension_mode":true,"campfire_choices":[{"data":"Defragment","floor":6,"key":"SMITH"},{"floor":15,"key":"REST"},{"floor":24,"key":"REST"},{"floor":32,"key":"REST"},{"floor":40,"key":"REST"},{"floor":44,"key":"REST"},{"floor":47,"key":"REST"},{"floor":49,"key":"REST"}],"neow_cost":"NONE","seed_source_timestamp":683999440494479,"circlet_count":0,"master_deck":["AscendersBane","Strike_B","Defend_B","Defend_B","Defend_B","Defend_B","Zap","Dualcast","Gash","Defragment+1","Rebound","Gash","Cold Snap","Streamline","Scrape","Core Surge","Gash","Steam","Gash","Apotheosis","Conserve Battery+1","Echo Form","Multi-Cast"],"relics":["FrozenCore","NeowsBlessing","Dead Branch","Gambling Chip","DataDisk","NlothsMask","Pocketwatch","Busted Crown","Shuriken","Bird Faced Urn"],"potions_floor_usage":[16,16,16,18,29,31,37,37,38,46,48,50,50,50,50],"damage_taken":[{"damage":0,"enemies":"Cultist","floor":1,"turns":1},{"damage":0,"enemies":"Jaw Worm","floor":2,"turns":1},{"damage":0,"enemies":"Small Slimes","floor":3,"turns":1},{"damage":25,"enemies":"Lagavulin","floor":7,"turns":7},{"damage":6,"enemies":"Blue Slaver","floor":8,"turns":3},{"damage":0,"enemies":"2 Fungi Beasts","floor":10,"turns":3},{"damage":7,"enemies":"Looter","floor":11,"turns":3},{"damage":19,"enemies":"Hexaghost","floor":16,"turns":8},{"damage":15,"enemies":"Shell Parasite","floor":18,"turns":7},{"damage":0,"enemies":"Spheric Guardian","floor":19,"turns":5},{"damage":16,"enemies":"Centurion and Healer","floor":22,"turns":7},{"damage":4,"enemies":"3 Cultists","floor":25,"turns":5},{"damage":47,"enemies":"Gremlin Leader","floor":29,"turns":6},{"damage":2,"enemies":"Cultist and Chosen","floor":30,"turns":6},{"damage":0,"enemies":"Shelled Parasite and Fungi","floor":31,"turns":5},{"damage":23,"enemies":"Automaton","floor":33,"turns":9},{"damage":41,"enemies":"3 Shapes","floor":35,"turns":5},{"damage":7,"enemies":"Orb Walker","floor":36,"turns":4},{"damage":0,"enemies":"Writhing Mass","floor":37,"turns":7},{"damage":11,"enemies":"Spire Growth","floor":38,"turns":5},{"damage":16,"enemies":"Jaw Worm Horde","floor":42,"turns":7},{"damage":5,"enemies":"Sphere and 2 Shapes","floor":45,"turns":8},{"damage":23,"enemies":"Nemesis","floor":46,"turns":9},{"damage":19,"enemies":"Spire Growth","floor":48,"turns":5},{"damage":62,"enemies":"Awakened One","floor":50,"turns":6}],"seed_played":"2083600658048907281","potions_obtained":[{"floor":2,"key":"SteroidPotion"},{"floor":7,"key":"LiquidBronze"},{"floor":8,"key":"Dexterity Potion"},{"floor":16,"key":"Regen Potion"},{"floor":22,"key":"GamblersBrew"},{"floor":30,"key":"Poison Potion"},{"floor":33,"key":"Dexterity Potion"},{"floor":35,"key":"Block Potion"},{"floor":36,"key":"FocusPotion"},{"floor":45,"key":"Block Potion"},{"floor":46,"key":"Swift Potion"},{"floor":48,"key":"EntropicBrew"}],"is_trial":false,"path_per_floor":["M","M","M","?","$","R","E","M","T","M","M","?","$","?","R","B",null,"M","M","?","$","M","?","R","M","T","?","?","E","M","M","R","B",null,"M","M","M","M","?","R","$","M","T","R","M","E","R","M","R","B"],"character_chosen":"DEFECT","items_purchased":["Gash","Apotheosis","Shuriken"],"campfire_rested":7,"item_purchase_floors":[21,21,41],"current_hp_per_floor":[68,68,68,68,68,68,43,37,37,37,30,30,30,30,52,33,65,64,64,64,64,48,34,58,54,54,54,54,7,5,5,29,6,62,21,14,14,3,3,26,26,10,10,33,28,5,28,15,38,0],"gold":89,"neow_bonus":"THREE_ENEMY_KILL","is_prod":false,"is_daily":false,"chose_seed":false,"campfire_upgraded":1,"win_rate":0,"timestamp":1541374140,"path_taken":["M","M","M","?","$","R","E","M","T","M","M","?","?","?","R","BOSS","M","M","?","$","M","?","R","M","T","?","?","E","M","M","R","BOSS","M","M","M","?","?","R","$","M","T","R","M","E","R","M","R","BOSS"],"build_version":"2018-11-01","purchased_purges":2,"victory":false,"max_hp_per_floor":[75,75,75,75,75,75,75,75,75,75,75,75,75,75,75,75,75,75,75,75,75,75,80,80,80,80,80,80,80,80,80,80,80,80,80,80,80,80,77,77,77,77,77,77,77,77,77,77,77,77],"card_choices":[{"not_picked":["Recycle","Compile Driver"],"picked":"Gash","floor":1},{"not_picked":["Turbo","Steam Power"],"picked":"Defragment","floor":2},{"not_picked":["Hologram","Redo"],"picked":"Rebound","floor":3},{"not_picked":["Creative AI","Turbo"],"picked":"Gash","floor":7},{"not_picked":["Turbo","Aggregate"],"picked":"Cold Snap","floor":8},{"not_picked":["Go for the Eyes","Steam"],"picked":"Streamline","floor":10},{"not_picked":["Leap","Steam"],"picked":"Scrape","floor":11},{"not_picked":["Multi-Cast","Hyperbeam"],"picked":"Core Surge","floor":16},{"not_picked":["Genetic Algorithm","Cold Snap"],"picked":"Gash","floor":18},{"not_picked":["Turbo","Conserve Battery","Hello World+1"],"picked":"SKIP","floor":19},{"not_picked":["Lockon","Go for the Eyes"],"picked":"Conserve Battery+1","floor":22},{"not_picked":["Sweeping Beam","Reinforced Body"],"picked":"Echo Form","floor":25},{"not_picked":["Rebound","Hologram","Steam+1"],"picked":"SKIP","floor":29},{"not_picked":["Turbo","Compile Driver","Force Field"],"picked":"SKIP","floor":30},{"not_picked":["White Noise","Fusion","Go for the Eyes"],"picked":"SKIP","floor":31},{"not_picked":["Machine Learning","Creative AI"],"picked":"Multi-Cast","floor":33},{"not_picked":["Streamline+1"],"picked":"SKIP","floor":35},{"not_picked":["Ball Lightning"],"picked":"SKIP","floor":36},{"not_picked":["Compile Driver"],"picked":"SKIP","floor":37},{"not_picked":["Go for the Eyes"],"picked":"SKIP","floor":38},{"not_picked":["Sweeping Beam+1"],"picked":"SKIP","floor":42},{"not_picked":["Coolheaded+1"],"picked":"SKIP","floor":45},{"not_picked":["Storm"],"picked":"SKIP","floor":46},{"not_picked":["Steam Power"],"picked":"SKIP","floor":48}],"player_experience":604405,"relics_obtained":[{"floor":7,"key":"Dead Branch"},{"floor":9,"key":"Gambling Chip"},{"floor":26,"key":"DataDisk"},{"floor":29,"key":"Pocketwatch"},{"floor":46,"key":"Bird Faced Urn"}],"event_choices":[{"cards_removed":["Strike_B"],"damage_healed":0,"gold_gain":0,"player_choice":"Card Removal","damage_taken":0,"max_hp_gain":0,"max_hp_loss":0,"event_name":"The Cleric","floor":4,"gold_loss":50},{"damage_healed":0,"gold_gain":0,"player_choice":"Left Gold","damage_taken":0,"max_hp_gain":0,"max_hp_loss":0,"event_name":"World of Goop","floor":12,"gold_loss":44},{"damage_healed":0,"gold_gain":175,"player_choice":"AGREE","damage_taken":0,"max_hp_gain":0,"max_hp_loss":0,"event_name":"Liars Game","floor":14,"gold_loss":0,"cards_obtained":["Doubt"]},{"damage_healed":0,"gold_gain":0,"player_choice":"Read","damage_taken":0,"max_hp_gain":0,"max_hp_loss":0,"event_name":"The Library","floor":20,"gold_loss":0,"cards_obtained":["Steam"]},{"damage_healed":0,"gold_gain":0,"player_choice":"Shed Blood","damage_taken":19,"max_hp_gain":5,"max_hp_loss":0,"event_name":"Forgotten Altar","floor":23,"gold_loss":0},{"cards_removed":["Doubt"],"damage_healed":0,"gold_gain":0,"player_choice":"Gave Gold","damage_taken":0,"max_hp_gain":0,"max_hp_loss":0,"event_name":"Beggar","floor":27,"gold_loss":75},{"damage_healed":0,"gold_gain":0,"player_choice":"Trade","damage_taken":0,"relics_obtained":["NlothsMask"],"max_hp_gain":0,"max_hp_loss":0,"event_name":"FaceTrader","floor":28,"gold_loss":0},{"cards_removed":["Parasite"],"damage_healed":0,"gold_gain":0,"player_choice":"Removed Curses","damage_taken":0,"max_hp_gain":0,"max_hp_loss":0,"event_name":"Fountain of Cleansing","floor":39,"gold_loss":0}],"is_beta":false,"boss_relics":[{"not_picked":["Cursed Key","Sozu"],"picked":"FrozenCore"},{"not_picked":["Calling Bell","Eternal Feather"],"picked":"Busted Crown"}],"items_purged_floors":[5,21],"is_endless":false,"potions_floor_spawned":[2,7,8,16,22,30,33,35,36,45,46,48],"killed_by":"Awakened One","ascension_level":10}