{"gold_per_floor":[118,68,82,99,99,99,131,151,199,199,219,219,219,239,239,239],"floor_reached":16,"playtime":975,"items_purged":[],"score":102,"play_id":"9c071f4a-a6c1-4a09-bd82-64adeb8bd2c8","local_time":"20190417202624","is_ascension_mode":false,"campfire_choices":[{"data":"Neutralize","floor":6,"key":"SMITH"},{"data":"Deflect","floor":10,"key":"SMITH"},{"data":"Setup","floor":13,"key":"SMITH"},{"data":"Backflip","floor":15,"key":"SMITH"}],"neow_cost":"NONE","seed_source_timestamp":3764137665495,"circlet_count":0,"master_deck":["Defend_G","Defend_G","Defend_G","Defend_G","Defend_G","Strike_G","Strike_G","Survivor","Neutralize+1","Flying Knee","Deflect+1","Backflip+1","Skewer","Quick Slash","Backflip","Setup+1","Catalyst"],"relics":["Ring of the Snake","Bottled Flame","Snake Skull"],"potions_floor_usage":[7,14,16],"damage_taken":[{"damage":0,"enemies":"2 Louse","floor":1,"turns":3},{"damage":0,"enemies":"Jaw Worm","floor":3,"turns":5},{"damage":0,"enemies":"Cultist","floor":4,"turns":4},{"damage":20,"enemies":"3 Sentries","floor":7,"turns":19},{"damage":0,"enemies":"Exordium Wildlife","floor":8,"turns":3},{"damage":1,"enemies":"Red Slaver","floor":11,"turns":2},{"damage":11,"enemies":"Lots of Slimes","floor":14,"turns":6},{"damage":64,"enemies":"Slime Boss","floor":16,"turns":13}],"seed_played":"2632014679599296308","potions_obtained":[{"floor":3,"key":"Energy Potion"},{"floor":4,"key":"Strength Potion"},{"floor":7,"key":"Regen Potion"}],"is_trial":false,"path_per_floor":["M","?","M","M","?","R","E","M","T","R","M","?","R","M","R","B"],"character_chosen":"THE_SILENT","items_purchased":[],"campfire_rested":0,"item_purchase_floors":[],"current_hp_per_floor":[77,77,77,77,77,77,57,57,57,57,56,56,56,60,60,0],"gold":239,"neow_bonus":"TEN_PERCENT_HP_BONUS","is_prod":false,"is_daily":false,"chose_seed":false,"campfire_upgraded":4,"win_rate":0,"timestamp":1555496784,"path_taken":["M","?","M","M","?","R","E","M","T","R","?","?","R","M","R","BOSS"],"build_version":"2019-01-23","purchased_purges":0,"victory":false,"max_hp_per_floor":[77,77,77,77,77,77,77,77,77,77,77,77,77,77,77,77],"card_choices":[{"not_picked":["Quick Slash","Choke"],"picked":"Flying Knee","floor":1},{"not_picked":["Bane","Skewer"],"picked":"Deflect","floor":3},{"not_picked":["Blade Dance","Backstab"],"picked":"Backflip","floor":4},{"not_picked":["Crippling Poison","All Out Attack"],"picked":"Skewer","floor":7},{"not_picked":["Masterful Stab","Expertise"],"picked":"Quick Slash","floor":8},{"not_picked":["Reflex","Bane"],"picked":"Backflip","floor":11},{"not_picked":["Terror","Acrobatics"],"picked":"Catalyst","floor":14}],"player_experience":300181,"relics_obtained":[{"floor":7,"key":"Bottled Flame"},{"floor":9,"key":"Snake Skull"}],"event_choices":[{"cards_removed":["Strike_G"],"damage_healed":0,"gold_gain":0,"player_choice":"Card Removal","damage_taken":0,"max_hp_gain":0,"max_hp_loss":0,"event_name":"The Cleric","floor":2,"gold_loss":50},{"cards_removed":["Strike_G"],"damage_healed":0,"gold_gain":0,"player_choice":"Purged","damage_taken":0,"max_hp_gain":0,"max_hp_loss":0,"event_name":"Purifier","floor":5,"gold_loss":0},{"damage_healed":0,"gold_gain":0,"cards_transformed":["Strike_G"],"player_choice":"Transformed","damage_taken":0,"max_hp_gain":0,"max_hp_loss":0,"event_name":"Transmorgrifier","floor":12,"gold_loss":0,"cards_obtained":["Setup"]}],"is_beta":false,"boss_relics":[],"items_purged_floors":[],"is_endless":false,"potions_floor_spawned":[3,4,7],"killed_by":"Slime Boss","ascension_level":0}