{"gold_per_floor":[212,227,227,227,47,88,88,32,32,32,76,76,99,114,114,213,213,227,240,292,27,27,27,65,65,65,65,65,109,124,157,157,250,250,269,282,306,44,67,110,110,110],"floor_reached":42,"playtime":3031,"items_purged":["Injury"],"score":1049,"play_id":"ded41553-0d62-467a-9a79-f412ac04ac04","local_time":"20190805023221","is_ascension_mode":true,"campfire_choices":[{"floor":7,"key":"REST"},{"data":"Power Through","floor":10,"key":"SMITH"},{"data":"Seeing Red","floor":15,"key":"SMITH"},{"data":"Limit Break","floor":23,"key":"SMITH"},{"data":"Intimidate","floor":25,"key":"SMITH"},{"data":"Heavy Blade","floor":27,"key":"SMITH"},{"data":"Double Tap","floor":32,"key":"SMITH"},{"data":"Offering","floor":41,"key":"SMITH"}],"neow_cost":"NONE","seed_source_timestamp":0,"circlet_count":0,"master_deck":["AscendersBane","Bash","Pommel Strike+1","Power Through+1","Bandage Up","Clothesline","Inflame+1","Seeing Red+1","Headbutt","Limit Break+1","Reaper","Headbutt","Offering+1","Exhume","Clothesline","Power Through","Heavy Blade+1","Flex","Pummel","Intimidate+1","Evolve","Metallicize","Shrug It Off","Rupture+1","Double Tap+1","Havoc+1","Fiend Fire","Infernal Blade","Reaper","Armaments+1","Feel No Pain","Shrug It Off+1"],"special_seed":0,"relics":["Burning Blood","Golden Idol","Ornamental Fan","Gremlin Horn","Letter Opener","Pandora\u0027s Box","Dream Catcher","Nilry\u0027s Codex","Regal Pillow","Meat on the Bone","Nloth\u0027s Gift","Mercury Hourglass","Pen Nib","Snecko Eye","Bag of Preparation","Darkstone Periapt"],"potions_floor_usage":[11,16,24,31,33,39],"damage_taken":[{"damage":11.0,"enemies":"2 Louse","floor":1.0,"turns":4.0},{"damage":7.0,"enemies":"Jaw Worm","floor":2.0,"turns":3.0},{"damage":46,"enemies":"Gremlin Nob","floor":6,"turns":6},{"damage":11,"enemies":"Lagavulin","floor":11,"turns":8},{"damage":0,"enemies":"Small Slimes","floor":13,"turns":3},{"damage":13,"enemies":"Red Slaver","floor":14,"turns":3},{"damage":57,"enemies":"The Guardian","floor":16,"turns":14},{"damage":6,"enemies":"Spheric Guardian","floor":18,"turns":3},{"damage":0,"enemies":"Chosen","floor":19,"turns":3},{"damage":6,"enemies":"Gremlin Leader","floor":24,"turns":5},{"damage":27,"enemies":"Book of Stabbing","floor":29,"turns":4},{"damage":30,"enemies":"Snecko","floor":30,"turns":3},{"damage":9,"enemies":"Slavers","floor":31,"turns":3},{"damage":49,"enemies":"Automaton","floor":33,"turns":10},{"damage":26,"enemies":"3 Shapes","floor":35,"turns":4},{"damage":4,"enemies":"Orb Walker","floor":36,"turns":2},{"damage":35,"enemies":"Transient","floor":37,"turns":6},{"damage":17,"enemies":"Sphere and 2 Shapes","floor":39,"turns":5},{"damage":6,"enemies":"Giant Head","floor":40,"turns":5},{"damage":94,"enemies":"Reptomancer","floor":42,"turns":3}],"seed_played":"2910890279369235080","potions_obtained":[{"floor":6,"key":"Ancient Potion"},{"floor":13,"key":"EssenceOfSteel"},{"floor":16,"key":"EssenceOfSteel"},{"floor":18,"key":"Strength Potion"},{"floor":29,"key":"Energy Potion"},{"floor":31,"key":"Dexterity Potion"},{"floor":33,"key":"Fire Potion"},{"floor":39,"key":"Ancient Potion"}],"is_trial":false,"path_per_floor":["M","M","?","?","$","E","R","$","T","R","E","?","M","M","R","B",null,"M","M","T","$","?","R","E","R","T","R","?","E","M","E","R","B",null,"M","M","M","$","M","E","R","E"],"character_chosen":"IRONCLAD","items_purchased":["Bandage Up","Fire Potion","Bronze Scales","Metallicize","Shrug It Off","Bag of Preparation","Feel No Pain","PowerPotion"],"campfire_rested":1,"item_purchase_floors":[5,8,21,21,21,38,38,38],"current_hp_per_floor":[63,62,62,62,62,26,48,48,48,48,47,47,57,54,54,7,58,62,72,72,72,51,51,75,75,75,75,75,54,57,75,75,65,73,58,70,71,71,60,75,75,0],"gold":110,"neow_bonus":"HUNDRED_GOLD","is_prod":false,"is_daily":false,"chose_seed":false,"campfire_upgraded":7,"win_rate":0,"timestamp":1564936341,"path_taken":["M","M","?","?","$","E","R","?","T","R","E","?","M","M","R","BOSS","M","M","?","$","?","R","E","R","T","R","?","E","M","E","R","BOSS","M","M","M","$","M","E","R","E"],"build_version":"2019-07-17","purchased_purges":1,"victory":false,"max_hp_per_floor":[75,75,75,75,75,75,75,75,75,75,75,75,75,75,75,75,75,75,75,75,75,75,75,75,75,75,75,75,75,75,75,75,75,75,75,75,75,75,75,75,75,75],"card_choices":[{"not_picked":["Iron Wave","Clothesline"],"picked":"Pommel Strike","floor":1.0},{"not_picked":["Uppercut","Havoc"],"picked":"Power Through","floor":2.0},{"not_picked":["Flex","Hemokinesis"],"picked":"Clothesline","floor":6},{"not_picked":["Dark Embrace","True Grit"],"picked":"Inflame","floor":11},{"not_picked":["Disarm","Flex"],"picked":"Seeing Red","floor":13},{"not_picked":["Clash","Shrug It Off"],"picked":"Headbutt","floor":14},{"not_picked":["Double Tap","Juggernaut"],"picked":"Limit Break","floor":16},{"not_picked":["Perfected Strike","Combust"],"picked":"Intimidate","floor":18},{"not_picked":["Clothesline","Iron Wave"],"picked":"Evolve","floor":19},{"not_picked":["Headbutt","Blood for Blood"],"picked":"Rupture+1","floor":24},{"not_picked":["Pommel Strike","Immolate"],"picked":"Double Tap","floor":29},{"not_picked":["True Grit","Body Slam"],"picked":"Havoc+1","floor":30},{"not_picked":["Entrench","Rage","Double Tap"],"picked":"SKIP","floor":31},{"not_picked":["Berserk","Juggernaut"],"picked":"Fiend Fire","floor":33},{"not_picked":["Warcry","Seeing Red"],"picked":"Infernal Blade","floor":35},{"not_picked":["Sever Soul","Uppercut+1"],"picked":"Reaper","floor":36},{"not_picked":["Disarm","Havoc"],"picked":"Armaments+1","floor":37},{"not_picked":["Fire Breathing","Feel No Pain"],"picked":"Shrug It Off+1","floor":39},{"not_picked":["Fiend Fire","Anger","Iron Wave"],"picked":"SKIP","floor":40}],"player_experience":1135581,"relics_obtained":[{"floor":6,"key":"Ornamental Fan"},{"floor":9,"key":"Gremlin Horn"},{"floor":11,"key":"Letter Opener"},{"floor":20,"key":"Dream Catcher"},{"floor":22,"key":"Nilry\u0027s Codex"},{"floor":24,"key":"Regal Pillow"},{"floor":26,"key":"Meat on the Bone"},{"floor":29,"key":"Mercury Hourglass"},{"floor":31,"key":"Pen Nib"},{"floor":40,"key":"Darkstone Periapt"}],"event_choices":[{"damage_healed":0.0,"max_hp_gain":0.0,"max_hp_loss":0.0,"gold_gain":0.0,"event_name":"Living Wall","player_choice":"Grow","floor":3.0,"gold_loss":0.0,"damage_taken":0.0,"cards_upgraded":["Pommel Strike"]},{"damage_healed":0.0,"max_hp_gain":0.0,"max_hp_loss":0.0,"gold_gain":0.0,"event_name":"Golden Idol","player_choice":"Take Wound","floor":4.0,"gold_loss":0.0,"damage_taken":0.0,"relics_obtained":["Golden Idol"],"cards_obtained":["Injury"]},{"damage_healed":0,"gold_gain":0,"player_choice":"Upgraded","damage_taken":0,"max_hp_gain":0,"max_hp_loss":0,"event_name":"Upgrade Shrine","floor":12,"gold_loss":0,"cards_upgraded":["Inflame"]},{"damage_healed":0,"gold_gain":0,"player_choice":"Obtained Book","damage_taken":21,"max_hp_gain":0,"max_hp_loss":0,"event_name":"Cursed Tome","floor":22,"gold_loss":0},{"damage_healed":0,"gold_gain":0,"player_choice":"Traded Relic","damage_taken":0,"relics_obtained":["Nloth\u0027s Gift"],"max_hp_gain":0,"max_hp_loss":0,"event_name":"N\u0027loth","floor":28,"relics_lost":["Bronze Scales"],"gold_loss":0}],"is_beta":false,"boss_relics":[{"not_picked":["Coffee Dripper","Busted Crown"],"picked":"Pandora\u0027s Box"},{"not_picked":["Mark of Pain","Lizard Tail"],"picked":"Snecko Eye"}],"items_purged_floors":[5],"is_endless":false,"potions_floor_spawned":[6,13,16,18,29,31,33,35,39],"killed_by":"Reptomancer","ascension_level":17}