{"gold_per_floor":[361,286,361,54,67,96,108,155,191,230,260,272,297,324,336,425,437,465,402,414,426],"floor_reached":21,"playtime":970,"items_purged":[],"score":364,"play_id":"b6eebc1e-fb42-48d1-93a5-0572e2993c24","local_time":"20190809194853","is_ascension_mode":true,"campfire_choices":[{"floor":7,"key":"REST"},{"floor":12,"key":"REST"},{"floor":15,"key":"REST"}],"neow_cost":"CURSE","seed_source_timestamp":93049139008375,"circlet_count":0,"master_deck":["AscendersBane","Strike_R","Strike_R","Strike_R","Strike_R","Defend_R","Defend_R","Defend_R","Defend_R","Bash","Inflame","Cleave","Shrug It Off","Anger","Spot Weakness","Rampage","Corruption","Pommel Strike","Offering","Wild Strike","Power Through","Barricade","Shrug It Off","Offering"],"relics":["Burning Blood","Happy Flower","MawBank","Vajra","Dodecahedron","Eternal Feather"],"potions_floor_usage":[8,16],"damage_taken":[{"damage":11,"enemies":"2 Louse","floor":1,"turns":3},{"damage":0,"enemies":"Small Slimes","floor":5,"turns":3},{"damage":40,"enemies":"3 Sentries","floor":6,"turns":6},{"damage":32,"enemies":"Lagavulin","floor":8,"turns":7},{"damage":18,"enemies":"Gremlin Nob","floor":10,"turns":3},{"damage":2,"enemies":"Jaw Worm","floor":11,"turns":3},{"damage":9,"enemies":"Large Slime","floor":13,"turns":4},{"damage":8,"enemies":"Blue Slaver","floor":14,"turns":2},{"damage":32,"enemies":"The Guardian","floor":16,"turns":8},{"damage":45,"enemies":"Shell Parasite","floor":18,"turns":6},{"damage":32,"enemies":"Spheric Guardian","floor":21,"turns":3}],"seed_played":"1160406232622272313","potions_obtained":[{"floor":1,"key":"SpeedPotion"},{"floor":8,"key":"Ancient Potion"},{"floor":11,"key":"Strength Potion"},{"floor":18,"key":"LiquidBronze"}],"is_trial":false,"path_per_floor":["M","?","?","$","M","E","R","E","T","E","M","R","M","M","R","B",null,"M","?","?","M"],"character_chosen":"IRONCLAD","items_purchased":["Cleave","Shrug It Off","Happy Flower","Anger"],"campfire_rested":3,"item_purchase_floors":[4,4,4,4],"current_hp_per_floor":[63,63,52,52,58,24,46,20,20,8,12,34,31,29,51,25,63,24,24,24,0],"gold":426,"neow_bonus":"TWO_FIFTY_GOLD","is_prod":false,"is_daily":false,"chose_seed":false,"campfire_upgraded":0,"win_rate":0,"timestamp":1565344133,"path_taken":["M","?","?","$","?","E","R","E","T","E","M","R","M","M","R","BOSS","M","?","?","?"],"build_version":"2019-07-17","purchased_purges":0,"victory":false,"max_hp_per_floor":[75,75,75,75,75,75,75,75,75,75,75,75,75,75,75,75,75,75,75,75,75],"card_choices":[{"not_picked":["Pummel","Heavy Blade"],"picked":"Inflame","floor":1},{"not_picked":["Heavy Blade","Warcry"],"picked":"Spot Weakness","floor":5},{"not_picked":["Iron Wave","Wild Strike"],"picked":"Rampage","floor":6},{"not_picked":["Evolve","Demon Form"],"picked":"Corruption","floor":8},{"not_picked":["Blood for Blood","Havoc"],"picked":"Pommel Strike","floor":10},{"not_picked":["Shrug It Off","Thunderclap"],"picked":"Offering","floor":11},{"not_picked":["Body Slam","Carnage"],"picked":"Wild Strike","floor":13},{"not_picked":["True Grit","Twin Strike"],"picked":"Power Through","floor":14},{"not_picked":["Bludgeon","Brutality"],"picked":"Barricade","floor":16},{"not_picked":["Fire Breathing","Warcry"],"picked":"Shrug It Off","floor":18}],"player_experience":1175879,"relics_obtained":[{"floor":6,"key":"MawBank"},{"floor":9,"key":"Vajra"},{"floor":10,"key":"Dodecahedron"}],"event_choices":[{"cards_removed":["Decay"],"damage_healed":0,"gold_gain":0,"player_choice":"Card Removal","damage_taken":0,"max_hp_gain":0,"max_hp_loss":0,"event_name":"The Cleric","floor":2,"gold_loss":75},{"damage_healed":0,"gold_gain":75,"player_choice":"Gather Gold","damage_taken":11,"max_hp_gain":0,"max_hp_loss":0,"event_name":"World of Goop","floor":3,"gold_loss":0},{"cards_removed":["Strike_R"],"damage_healed":0,"gold_gain":0,"player_choice":"Gave Gold","damage_taken":0,"max_hp_gain":0,"max_hp_loss":0,"event_name":"Beggar","floor":19,"gold_loss":75},{"damage_healed":0,"gold_gain":0,"player_choice":"Copied","damage_taken":0,"max_hp_gain":0,"max_hp_loss":0,"event_name":"Duplicator","floor":20,"gold_loss":0,"cards_obtained":["Offering"]}],"is_beta":false,"boss_relics":[{"not_picked":["Sozu","Fusion Hammer"],"picked":"Eternal Feather"}],"items_purged_floors":[],"is_endless":false,"potions_floor_spawned":[1,8,11,13,18],"killed_by":"Spheric Guardian","ascension_level":17}