{"gold_per_floor":[109,123,139,154,172,172,198,198,224,242,392,418,418,435,435,509,509,529,135,167,167,29,29,59,71,71,71],"floor_reached":27,"playtime":1570,"items_purged":["Doubt"],"score":437,"play_id":"fdf2a7a1-ecf3-479c-bdcf-469ebeccb604","local_time":"20190805003324","is_ascension_mode":true,"campfire_choices":[{"floor":6.0,"key":"REST"},{"data":"Coolheaded","floor":8.0,"key":"SMITH"},{"data":"White Noise","floor":13.0,"key":"SMITH"},{"data":"Zap","floor":15.0,"key":"SMITH"},{"floor":23,"key":"REST"}],"neow_cost":"NONE","seed_source_timestamp":0,"circlet_count":0,"master_deck":["AscendersBane","Strike_B","Strike_B","Strike_B","Strike_B","Defend_B","Defend_B","Defend_B","Defend_B","Zap+1","Dualcast","Ball Lightning","Coolheaded+1","Cold Snap","Compile Driver","Auto Shields","White Noise+1","Melter","Capacitor","Seek","Barrage","Hyperbeam","Streamline","Self Repair","Loop","Go for the Eyes+1"],"special_seed":0,"relics":["Cracked Core","Boot","Anchor","Lantern","Inserter","Juzu Bracelet","Red Mask","Oddly Smooth Stone","Cables"],"potions_floor_usage":[20,24,25,27],"damage_taken":[{"damage":1.0,"enemies":"Cultist","floor":1.0,"turns":3.0},{"damage":7.0,"enemies":"Jaw Worm","floor":2.0,"turns":3.0},{"damage":2.0,"enemies":"2 Louse","floor":3.0,"turns":2.0},{"damage":8.0,"enemies":"Looter","floor":4.0,"turns":4.0},{"damage":18.0,"enemies":"3 Louse","floor":5.0,"turns":4.0},{"damage":10.0,"enemies":"Lagavulin","floor":7.0,"turns":7.0},{"damage":0.0,"enemies":"2 Fungi Beasts","floor":10.0,"turns":3.0},{"damage":3.0,"enemies":"3 Sentries","floor":12.0,"turns":8.0},{"damage":0.0,"enemies":"Blue Slaver","floor":14.0,"turns":3.0},{"damage":26.0,"enemies":"Slime Boss","floor":16.0,"turns":9.0},{"damage":9.0,"enemies":"Spheric Guardian","floor":18.0,"turns":3.0},{"damage":37,"enemies":"Masked Bandits","floor":20,"turns":4},{"damage":47,"enemies":"Book of Stabbing","floor":24,"turns":5},{"damage":13,"enemies":"2 Thieves","floor":25,"turns":3},{"damage":8,"enemies":"Snake Plant","floor":27,"turns":1}],"seed_played":"1647010485773304774","potions_obtained":[{"floor":4.0,"key":"Strength Potion"},{"floor":5.0,"key":"SpeedPotion"},{"floor":7.0,"key":"Fire Potion"},{"floor":10.0,"key":"AttackPotion"},{"floor":14.0,"key":"Poison Potion"},{"floor":20,"key":"Dexterity Potion"},{"floor":24,"key":"Dexterity Potion"}],"is_trial":false,"path_per_floor":["M","M","M","M","M","R","E","R","T","M","?","E","R","M","R","B",null,"M","$","?","?","$","R","E","M","T","M"],"character_chosen":"DEFECT","items_purchased":["Juzu Bracelet","Hyperbeam","Self Repair","Fire Potion"],"campfire_rested":2,"item_purchase_floors":[19,19,22,22],"current_hp_per_floor":[70,63,61,53,35,58,48,48,48,48,48,45,45,45,45,19,63,54,54,17,33,33,56,16,3,3,0],"gold":71,"neow_bonus":"TEN_PERCENT_HP_BONUS","is_prod":false,"is_daily":false,"chose_seed":false,"campfire_upgraded":3,"win_rate":0,"timestamp":1564929204,"path_taken":["M","M","M","M","M","R","E","R","T","M","?","E","R","M","R","BOSS","M","$","?","?","$","R","E","M","T","M"],"build_version":"2019-07-17","purchased_purges":1,"victory":false,"max_hp_per_floor":[78,78,78,78,78,78,78,78,78,78,78,78,78,78,78,78,78,78,78,78,78,78,78,78,78,78,78],"card_choices":[{"not_picked":["Conserve Battery","Gash"],"picked":"Ball Lightning","floor":1.0},{"not_picked":["Recycle","Leap"],"picked":"Coolheaded","floor":2.0},{"not_picked":["Conserve Battery","Ball Lightning"],"picked":"Cold Snap","floor":3.0},{"not_picked":["Stack","Double Energy"],"picked":"Compile Driver","floor":4.0},{"not_picked":["Coolheaded","Scrape"],"picked":"Auto Shields","floor":5.0},{"not_picked":["Rip and Tear","Double Energy","Compile Driver"],"picked":"SKIP","floor":7.0},{"not_picked":["Rebound","Sweeping Beam"],"picked":"White Noise","floor":10.0},{"not_picked":["Chaos","Double Energy"],"picked":"Melter","floor":12.0},{"not_picked":["Rainbow","Heatsinks"],"picked":"Capacitor","floor":14.0},{"not_picked":["Amplify","Meteor Strike"],"picked":"Seek","floor":16.0},{"not_picked":["Compile Driver","Leap"],"picked":"Barrage","floor":18.0},{"not_picked":["Capacitor","Rebound"],"picked":"Streamline","floor":20},{"not_picked":["Leap","Reboot"],"picked":"Loop","floor":24},{"not_picked":["Streamline","Turbo"],"picked":"Go for the Eyes+1","floor":25}],"player_experience":1130235,"relics_obtained":[{"floor":7.0,"key":"Boot"},{"floor":9.0,"key":"Anchor"},{"floor":12.0,"key":"Lantern"},{"floor":20,"key":"Red Mask"},{"floor":24,"key":"Oddly Smooth Stone"},{"floor":26,"key":"Cables"}],"event_choices":[{"damage_healed":0.0,"max_hp_gain":0.0,"max_hp_loss":0.0,"gold_gain":150.0,"event_name":"Liars Game","player_choice":"AGREE","floor":11.0,"gold_loss":0.0,"damage_taken":0.0,"cards_obtained":["Doubt"]},{"damage_healed":0,"gold_gain":0,"player_choice":"Fought Bandits","damage_taken":0,"max_hp_gain":0,"max_hp_loss":0,"event_name":"Masked Bandits","floor":20,"gold_loss":0},{"damage_healed":16,"gold_gain":0,"player_choice":"Heal","damage_taken":0,"max_hp_gain":0,"max_hp_loss":0,"event_name":"The Library","floor":21,"gold_loss":0}],"is_beta":false,"boss_relics":[{"not_picked":["Empty Cage","Busted Crown"],"picked":"Inserter"}],"items_purged_floors":[19],"is_endless":false,"potions_floor_spawned":[4,5,7,10,14,20,24],"killed_by":"Snake Plant","ascension_level":16}