{"gold_per_floor":[210,224,299,299,312,347,347,272,327,327,337,72,72,131,131,204,204,221,240,130,148,148,158,190,190,217,217],"floor_reached":27,"playtime":1549,"items_purged":[],"score":458,"play_id":"50e34588-95a9-45f6-ae24-fa1708a75929","local_time":"20181228230749","is_ascension_mode":true,"campfire_choices":[{"floor":7.0,"key":"REST"},{"floor":10.0,"key":"REST"},{"data":"Deadly Poison","floor":15.0,"key":"SMITH"},{"floor":25,"key":"REST"}],"neow_cost":"NONE","seed_source_timestamp":682411507473544,"circlet_count":0,"master_deck":["AscendersBane","Defend_G","Defend_G","Defend_G+1","Defend_G","Defend_G","Strike_G","Strike_G","Survivor","Neutralize+1","Sucker Punch","Quick Slash","Deadly Poison+1","Well Laid Plans","Die Die Die","Doppelganger","Backstab","Infinite Blades","Footwork","Blur","Skewer"],"special_seed":0,"relics":["Ring of the Snake","Centennial Puzzle","PreservedInsect","Kunai","Tiny Chest","Philosopher\u0027s Stone","Ice Cream","Pen Nib"],"potions_floor_usage":[16,24],"damage_taken":[{"damage":1.0,"enemies":"Cultist","floor":1.0,"turns":5.0},{"damage":0.0,"enemies":"2 Louse","floor":2.0,"turns":3.0},{"damage":0.0,"enemies":"Jaw Worm","floor":5.0,"turns":5.0},{"damage":40.0,"enemies":"Lagavulin","floor":6.0,"turns":7.0},{"damage":0.0,"enemies":"Gremlin Gang","floor":11.0,"turns":4.0},{"damage":20.0,"enemies":"3 Sentries","floor":14.0,"turns":8.0},{"damage":5,"enemies":"The Guardian","floor":16,"turns":11},{"damage":14,"enemies":"Spheric Guardian","floor":18,"turns":6},{"damage":8,"enemies":"Chosen","floor":19,"turns":5},{"damage":17,"enemies":"Snake Plant","floor":21,"turns":7},{"damage":2,"enemies":"Chosen and Byrds","floor":23,"turns":8},{"damage":12,"enemies":"Slavers","floor":24,"turns":8},{"damage":60,"enemies":"Gremlin Leader","floor":27,"turns":8}],"seed_played":"7921246740295182636","potions_obtained":[{"floor":2.0,"key":"Explosive Potion"},{"floor":6.0,"key":"Strength Potion"},{"floor":21,"key":"Weak Potion"},{"floor":24,"key":"FairyPotion"}],"is_trial":false,"path_per_floor":["M","M","?","?","M","E","R","?","T","R","M","$","?","E","R","B",null,"M","M","?","M","?","M","E","R","T","E"],"character_chosen":"THE_SILENT","items_purchased":["Kunai"],"campfire_rested":3,"item_purchase_floors":[12],"current_hp_per_floor":[58,58,47,47,47,7,26,26,26,45,45,45,45,25,25,20,55,41,33,33,16,16,14,2,21,21,0],"gold":217,"neow_bonus":"HUNDRED_GOLD","is_prod":false,"is_daily":false,"chose_seed":false,"campfire_upgraded":1,"win_rate":0,"timestamp":1546056469,"path_taken":["M","?","?","?","?","E","R","?","T","R","M","$","?","E","R","BOSS","M","M","?","?","?","M","E","R","T","E"],"build_version":"2018-12-20","purchased_purges":0,"victory":false,"max_hp_per_floor":[66,66,66,66,66,66,66,66,66,66,66,66,66,66,66,66,66,66,66,66,66,66,66,66,66,66,66],"card_choices":[{"not_picked":["Acrobatics","Underhanded Strike"],"picked":"Sucker Punch","floor":1.0},{"not_picked":["Underhanded Strike","Slice"],"picked":"Quick Slash","floor":2.0},{"not_picked":["Blade Dance","Prepared"],"picked":"Deadly Poison","floor":5.0},{"not_picked":["Heel Hook","Leg Sweep"],"picked":"Well Laid Plans","floor":6.0},{"not_picked":["Poisoned Stab","Acrobatics","Masterful Stab"],"picked":"SKIP","floor":11.0},{"not_picked":["Underhanded Strike","Caltrops"],"picked":"Die Die Die","floor":14.0},{"not_picked":["A Thousand Cuts","Tools of the Trade"],"picked":"Doppelganger","floor":16},{"not_picked":["Endless Agony","Underhanded Strike"],"picked":"Backstab","floor":18},{"not_picked":["Deadly Poison","Well Laid Plans"],"picked":"Infinite Blades","floor":19},{"not_picked":["Choke","Escape Plan+1"],"picked":"Footwork","floor":21},{"not_picked":["Prepared","Sucker Punch"],"picked":"Blur","floor":23},{"not_picked":["Bane","Prepared"],"picked":"Skewer","floor":24}],"player_experience":1078008,"relics_obtained":[{"floor":6.0,"key":"Centennial Puzzle"},{"floor":9.0,"key":"PreservedInsect"},{"floor":14.0,"key":"Tiny Chest"},{"floor":24,"key":"Ice Cream"},{"floor":26,"key":"Pen Nib"}],"event_choices":[{"damage_healed":0.0,"max_hp_gain":0.0,"max_hp_loss":0.0,"gold_gain":75.0,"event_name":"World of Goop","player_choice":"Gather Gold","floor":3.0,"gold_loss":0.0,"damage_taken":11.0},{"cards_removed":["Strike_G"],"damage_healed":0.0,"max_hp_gain":0.0,"max_hp_loss":0.0,"gold_gain":0.0,"event_name":"Purifier","player_choice":"Purged","floor":4.0,"gold_loss":0.0,"damage_taken":0.0},{"cards_removed":["Strike_G"],"damage_healed":0.0,"max_hp_gain":0.0,"max_hp_loss":0.0,"gold_gain":0.0,"event_name":"The Cleric","player_choice":"Card Removal","floor":8.0,"gold_loss":75.0,"damage_taken":0.0},{"damage_healed":0.0,"max_hp_gain":0.0,"max_hp_loss":0.0,"gold_gain":0.0,"event_name":"Living Wall","player_choice":"Grow","floor":13.0,"gold_loss":0.0,"damage_taken":0.0,"cards_upgraded":["Neutralize"]},{"cards_removed":["Strike_G"],"damage_healed":0,"gold_gain":0,"player_choice":"Upgrade and Remove","damage_taken":0,"max_hp_gain":0,"max_hp_loss":0,"event_name":"Designer","floor":20,"gold_loss":110,"cards_upgraded":["Defend_G"]},{"damage_healed":0,"gold_gain":0,"player_choice":"Ignored","damage_taken":0,"max_hp_gain":0,"max_hp_loss":0,"event_name":"Cursed Tome","floor":22,"gold_loss":0}],"is_beta":false,"boss_relics":[{"not_picked":["Ring of the Serpent","Lizard Tail"],"picked":"Philosopher\u0027s Stone"}],"items_purged_floors":[],"is_endless":false,"potions_floor_spawned":[2,6,21,24],"killed_by":"Gremlin Leader","ascension_level":18}