{"gold_per_floor":[118,118,129,129,143,156,188,188,188,14,40,40,51,62,62,166,166,177,192,192,23,36,36],"floor_reached":23,"playtime":1062,"items_purged":["Strike_B"],"score":290,"play_id":"98f2d042-465d-4698-816f-859b62e685a9","local_time":"20190609035157","is_ascension_mode":true,"campfire_choices":[{"floor":8,"key":"REST"},{"floor":12,"key":"REST"},{"floor":15,"key":"REST"}],"neow_cost":"NONE","seed_source_timestamp":7632019733271,"circlet_count":0,"master_deck":["AscendersBane","Strike_B","Strike_B","Strike_B","Defend_B","Defend_B","Defend_B","Defend_B","Zap","Dualcast","White Noise","Fusion","Doom and Gloom","Go for the Eyes","Creative AI","Ball Lightning","Streamline","Coolheaded","Conserve Battery","Sweeping Beam","Echo Form+1","Redo","Stack+1","Bandage Up","Loop+1","Heatsinks+1"],"relics":["Cracked Core","Dead Branch","Frozen Egg 2","Pantograph","Odd Mushroom","Nuclear Battery"],"potions_floor_usage":[7,16,19,20,22,22,23],"damage_taken":[{"damage":1,"enemies":"Small Slimes","floor":1,"turns":2},{"damage":15,"enemies":"2 Louse","floor":3,"turns":2},{"damage":7,"enemies":"Jaw Worm","floor":5,"turns":3},{"damage":19,"enemies":"Red Slaver","floor":6,"turns":4},{"damage":30,"enemies":"3 Sentries","floor":7,"turns":4},{"damage":6,"enemies":"The Mushroom Lair","floor":11,"turns":2},{"damage":21,"enemies":"Blue Slaver","floor":13,"turns":3},{"damage":17,"enemies":"Exordium Thugs","floor":14,"turns":5},{"damage":23,"enemies":"Hexaghost","floor":16,"turns":7},{"damage":38,"enemies":"Shell Parasite","floor":18,"turns":4},{"damage":26,"enemies":"2 Thieves","floor":19,"turns":4},{"damage":15,"enemies":"Snake Plant","floor":22,"turns":3},{"damage":7,"enemies":"Gremlin Leader","floor":23,"turns":1}],"seed_played":"3651655048670357140","potions_obtained":[{"floor":1,"key":"Weak Potion"},{"floor":3,"key":"SteroidPotion"},{"floor":5,"key":"Explosive Potion"},{"floor":7,"key":"SteroidPotion"},{"floor":19,"key":"GamblersBrew"},{"floor":20,"key":"Fruit Juice"},{"floor":20,"key":"Regen Potion"}],"is_trial":false,"path_per_floor":["M","?","M","?","M","M","E","R","T","$","?","R","M","M","R","B",null,"M","M","?","$","M","E"],"character_chosen":"DEFECT","items_purchased":["PowerPotion","Streamline","Bandage Up","Loop+1"],"campfire_rested":3,"item_purchase_floors":[10,10,21,21],"current_hp_per_floor":[67,60,45,70,63,44,14,36,36,36,30,52,31,14,36,38,66,28,2,7,7,5,0],"gold":36,"neow_bonus":"THREE_CARDS","is_prod":false,"is_daily":false,"chose_seed":false,"campfire_upgraded":0,"win_rate":0,"timestamp":1560016317,"path_taken":["M","?","M","?","M","M","E","R","T","$","?","R","M","M","R","BOSS","M","M","?","$","?","E"],"build_version":"2019-01-23","purchased_purges":1,"victory":false,"max_hp_per_floor":[75,75,75,75,75,75,75,75,75,75,75,75,75,75,75,75,75,75,75,80,80,80,80],"card_choices":[{"not_picked":["Beam Cell","Double Energy"],"picked":"White Noise","floor":0},{"not_picked":["Gash","Static Discharge"],"picked":"Fusion","floor":1},{"not_picked":["Beam Cell","Barrage"],"picked":"Doom and Gloom","floor":3},{"not_picked":["Fusion","White Noise"],"picked":"Go for the Eyes","floor":5},{"not_picked":["Cold Snap","Scrape"],"picked":"Creative AI","floor":6},{"not_picked":["Stack","Rip and Tear"],"picked":"Ball Lightning","floor":7},{"not_picked":["Hologram","Gash"],"picked":"Coolheaded","floor":11},{"not_picked":["Turbo","Rebound"],"picked":"Conserve Battery","floor":13},{"not_picked":["Compile Driver","Coolheaded"],"picked":"Sweeping Beam","floor":14},{"not_picked":["All For One","Biased Cognition+1"],"picked":"Echo Form+1","floor":16},{"not_picked":["Cold Snap","Beam Cell+1"],"picked":"Redo","floor":18},{"not_picked":["Streamline","Leap"],"picked":"Stack+1","floor":19},{"not_picked":["Coolheaded","Stack"],"picked":"Heatsinks+1","floor":22}],"player_experience":840970,"relics_obtained":[{"floor":7,"key":"Frozen Egg 2"},{"floor":9,"key":"Pantograph"},{"floor":11,"key":"Odd Mushroom"}],"event_choices":[{"damage_healed":0,"gold_gain":0,"player_choice":"Success","damage_taken":7,"relics_obtained":["Dead Branch"],"max_hp_gain":0,"max_hp_loss":0,"event_name":"Scrap Ooze","floor":2,"gold_loss":0},{"damage_healed":25,"gold_gain":0,"player_choice":"Banana","damage_taken":0,"max_hp_gain":0,"max_hp_loss":0,"event_name":"Big Fish","floor":4,"gold_loss":0},{"damage_healed":0,"gold_gain":0,"player_choice":"Fought Mushrooms","damage_taken":0,"max_hp_gain":0,"max_hp_loss":0,"event_name":"Mushrooms","floor":11,"gold_loss":0},{"damage_healed":0,"gold_gain":0,"player_choice":"Got Potions","damage_taken":0,"max_hp_gain":0,"max_hp_loss":0,"event_name":"Lab","floor":20,"gold_loss":0}],"is_beta":false,"boss_relics":[{"not_picked":["Coffee Dripper","Calling Bell"],"picked":"Nuclear Battery"}],"items_purged_floors":[10],"is_endless":false,"potions_floor_spawned":[1,3,5,7,19],"killed_by":"Gremlin Leader","ascension_level":10}