{"gold_per_floor":[115,132,23,23,23,56,67,101,101,136,136,152,152,191,191,191],"floor_reached":16,"playtime":748,"items_purged":[],"score":306,"play_id":"2b74f549-a100-4273-91d9-065321248b38","local_time":"20190806214710","is_ascension_mode":true,"campfire_choices":[{"floor":11,"key":"REST"},{"floor":15,"key":"REST"}],"neow_cost":"NONE","seed_source_timestamp":886697295632803,"circlet_count":0,"master_deck":["AscendersBane","Strike_B+1","Strike_B","Strike_B+1","Strike_B","Defend_B","Defend_B","Defend_B","Defend_B","Zap","Dualcast","Tempest","Darkness","Doom and Gloom","Sweeping Beam","Electrodynamics","Compile Driver","Glacier","Go for the Eyes","Rip and Tear","Fusion","Defragment","BootSequence"],"relics":["Cracked Core","NeowsBlessing","Blood Vial","Nunchaku","Dream Catcher","Golden Idol","Art of War"],"potions_floor_usage":[8,12,14,16],"damage_taken":[{"damage":0,"enemies":"Cultist","floor":1,"turns":1},{"damage":0,"enemies":"2 Louse","floor":2,"turns":1},{"damage":0,"enemies":"Lagavulin","floor":6,"turns":1},{"damage":8,"enemies":"Small Slimes","floor":7,"turns":3},{"damage":25,"enemies":"3 Sentries","floor":8,"turns":3},{"damage":8,"enemies":"Gremlin Nob","floor":10,"turns":3},{"damage":1,"enemies":"Blue Slaver","floor":12,"turns":2},{"damage":24,"enemies":"Lagavulin","floor":14,"turns":6},{"damage":29,"enemies":"Hexaghost","floor":16,"turns":9}],"seed_played":"8135770414319182359","potions_obtained":[{"floor":6,"key":"LiquidBronze"},{"floor":8,"key":"Block Potion"},{"floor":10,"key":"Swift Potion"},{"floor":14,"key":"Energy Potion"}],"is_trial":false,"path_per_floor":["M","M","$","?","$","E","M","E","T","E","R","M","?","E","R","B"],"character_chosen":"DEFECT","items_purchased":["Doom and Gloom","Sweeping Beam"],"campfire_rested":2,"item_purchase_floors":[3,3],"current_hp_per_floor":[64,64,64,43,43,43,37,14,14,8,29,30,30,8,27,0],"gold":191,"neow_bonus":"THREE_ENEMY_KILL","is_prod":false,"is_daily":false,"chose_seed":false,"campfire_upgraded":0,"win_rate":0,"timestamp":1565142430,"path_taken":["M","?","$","?","$","E","M","E","T","E","R","M","?","E","R","BOSS"],"build_version":"2019-07-17","purchased_purges":0,"victory":false,"max_hp_per_floor":[71,71,71,71,71,71,71,71,71,71,71,71,64,64,64,64],"card_choices":[{"not_picked":["Stack","Hologram"],"picked":"Tempest","floor":1},{"not_picked":["Rebound","Conserve Battery"],"picked":"Darkness","floor":2},{"not_picked":["Cold Snap","Consume"],"picked":"Electrodynamics","floor":6},{"not_picked":["Fusion","Streamline"],"picked":"Compile Driver","floor":7},{"not_picked":["Hologram","Rebound"],"picked":"Glacier","floor":8},{"not_picked":["Reprogram","Conserve Battery"],"picked":"Go for the Eyes","floor":10},{"not_picked":["Streamline","Rainbow"],"picked":"Rip and Tear","floor":11},{"not_picked":["Melter","Glacier"],"picked":"Fusion","floor":12},{"not_picked":["Glacier","Stack"],"picked":"Defragment","floor":14},{"not_picked":["Beam Cell","Redo"],"picked":"BootSequence","floor":15}],"player_experience":1723513,"relics_obtained":[{"floor":6,"key":"Blood Vial"},{"floor":8,"key":"Nunchaku"},{"floor":10,"key":"Dream Catcher"},{"floor":14,"key":"Art of War"}],"event_choices":[{"damage_healed":0,"gold_gain":0,"player_choice":"Entered Light","damage_taken":21,"max_hp_gain":0,"max_hp_loss":0,"event_name":"Shining Light","floor":4,"gold_loss":0,"cards_upgraded":["Strike_B","Strike_B"]},{"damage_healed":0,"gold_gain":0,"player_choice":"Lose Max HP","damage_taken":0,"relics_obtained":["Golden Idol"],"max_hp_gain":0,"max_hp_loss":7,"event_name":"Golden Idol","floor":13,"gold_loss":0}],"is_beta":false,"boss_relics":[],"items_purged_floors":[],"is_endless":false,"potions_floor_spawned":[6,8,10,14],"killed_by":"Hexaghost","ascension_level":20}