{"gold_per_floor":[110,125,145,33,50,50,50,0,0,32,43,70,70,70,70,173,173,189,189,207,27,40,73,23,38,38,58,58],"floor_reached":28,"playtime":1934,"items_purged":["Strike_B","Blizzard"],"score":300,"play_id":"40e1c97a-d779-46e2-ab70-be38a038252c","local_time":"20190911022743","is_ascension_mode":false,"campfire_choices":[{"data":"Fission","floor":6,"key":"SMITH"},{"floor":13,"key":"REST"},{"data":"Defragment","floor":15,"key":"SMITH"}],"neow_cost":"NONE","seed_source_timestamp":2027419095914000,"circlet_count":0,"master_deck":["Strike_B","Strike_B+1","Strike_B","Defend_B","Defend_B","Defend_B","Zap","Dualcast","Fission+1","Self Repair+1","Defragment+1","Capacitor","Chill","Consume","Hologram","Reprogram","Parasite","Electrodynamics","Loop","Tempest+1","Capacitor","Redo","Compile Driver+1","Heatsinks"],"relics":["Cracked Core","Bottled Lightning","Ice Cream","Bottled Tornado","Coffee Dripper","Gambling Chip","Question Card"],"potions_floor_usage":[11,16,23],"damage_taken":[{"damage":0,"enemies":"Small Slimes","floor":1,"turns":3},{"damage":7,"enemies":"2 Louse","floor":2,"turns":4},{"damage":1,"enemies":"Jaw Worm","floor":3,"turns":3},{"damage":13,"enemies":"Red Slaver","floor":5,"turns":4},{"damage":15,"enemies":"Gremlin Nob","floor":10,"turns":4},{"damage":6,"enemies":"3 Louse","floor":11,"turns":3},{"damage":51,"enemies":"Lagavulin","floor":12,"turns":7},{"damage":0,"enemies":"Slime Boss","floor":16,"turns":9},{"damage":11,"enemies":"Spheric Guardian","floor":18,"turns":4},{"damage":10,"enemies":"Chosen","floor":20,"turns":4},{"damage":4,"enemies":"Snecko","floor":22,"turns":4},{"damage":21,"enemies":"Gremlin Leader","floor":23,"turns":5},{"damage":10,"enemies":"Cultist and Chosen","floor":25,"turns":4},{"damage":19,"enemies":"Snake Plant","floor":27,"turns":2},{"damage":29,"enemies":"Shelled Parasite and Fungi","floor":28,"turns":2}],"seed_played":"6964476232750194740","potions_obtained":[{"floor":5,"key":"Explosive Potion"},{"floor":10,"key":"Block Potion"},{"floor":12,"key":"Fire Potion"},{"floor":22,"key":"GamblersBrew"}],"is_trial":false,"path_per_floor":["M","M","M","$","M","R","?","?","T","E","M","E","R","?","R","B",null,"M","?","M","$","M","E","?","M","T","M","M"],"character_chosen":"DEFECT","items_purchased":["Capacitor","Capacitor"],"campfire_rested":1,"item_purchase_floors":[4,21],"current_hp_per_floor":[75,75,75,75,69,69,54,54,54,49,53,12,34,52,52,62,75,74,60,50,50,56,45,45,45,45,26,0],"gold":58,"neow_bonus":"ONE_RANDOM_RARE_CARD","is_prod":false,"is_daily":false,"chose_seed":false,"campfire_upgraded":2,"win_rate":0.0,"timestamp":1568136463,"path_taken":["M","M","M","$","M","R","?","?","T","E","M","E","R","?","R","BOSS","M","?","M","$","M","E","?","?","T","M","M"],"build_version":"2019-07-17","purchased_purges":2,"victory":false,"max_hp_per_floor":[75,75,75,75,75,75,75,75,75,75,75,75,75,75,75,75,75,75,80,80,80,80,80,80,80,80,80,80],"card_choices":[{"not_picked":["Barrage","Sweeping Beam"],"picked":"Self Repair","floor":1},{"not_picked":["Beam Cell","Hologram"],"picked":"Blizzard","floor":2},{"not_picked":["All For One","Gash"],"picked":"Defragment","floor":3},{"not_picked":["Ball Lightning","Beam Cell"],"picked":"Chill","floor":5},{"not_picked":["Sweeping Beam","Gash"],"picked":"Consume","floor":10},{"not_picked":["Go for the Eyes","Reinforced Body"],"picked":"Hologram","floor":11},{"not_picked":["Steam","Gash"],"picked":"Reprogram","floor":12},{"not_picked":["All For One","Seek"],"picked":"Electrodynamics","floor":16},{"not_picked":["Ball Lightning","Conserve Battery"],"picked":"Loop","floor":18},{"not_picked":["Auto Shields","Steam"],"picked":"Tempest+1","floor":20},{"not_picked":["Ball Lightning+1","Leap"],"picked":"Redo","floor":22},{"not_picked":["Go for the Eyes","Chill"],"picked":"Compile Driver+1","floor":23},{"not_picked":["Reprogram","Conserve Battery","All For One"],"picked":"SKIP","floor":25},{"not_picked":["Gash+1","Streamline","Coolheaded"],"picked":"Heatsinks","floor":27}],"player_experience":19738,"relics_obtained":[{"floor":9,"key":"Bottled Lightning"},{"floor":10,"key":"Ice Cream"},{"floor":12,"key":"Bottled Tornado"},{"floor":23,"key":"Gambling Chip"},{"floor":26,"key":"Question Card"}],"event_choices":[{"damage_healed":0,"gold_gain":0,"player_choice":"Entered Light","damage_taken":15,"max_hp_gain":0,"max_hp_loss":0,"event_name":"Shining Light","floor":7,"gold_loss":0,"cards_upgraded":["Self Repair","Strike_B"]},{"cards_removed":["Defend_B"],"damage_healed":0,"gold_gain":0,"player_choice":"Card Removal","damage_taken":0,"max_hp_gain":0,"max_hp_loss":0,"event_name":"The Cleric","floor":8,"gold_loss":50},{"damage_healed":18,"gold_gain":0,"player_choice":"Healed and dodged fight","damage_taken":0,"max_hp_gain":0,"max_hp_loss":0,"event_name":"Mushrooms","floor":14,"gold_loss":0,"cards_obtained":["Parasite"]},{"damage_healed":0,"gold_gain":0,"player_choice":"Shed Blood","damage_taken":19,"max_hp_gain":5,"max_hp_loss":0,"event_name":"Forgotten Altar","floor":19,"gold_loss":0},{"damage_healed":0,"gold_gain":0,"player_choice":"Bet on Owner","damage_taken":0,"max_hp_gain":0,"max_hp_loss":0,"event_name":"The Joust","floor":24,"gold_loss":50}],"is_beta":false,"boss_relics":[{"not_picked":["White Beast Statue","Calling Bell"],"picked":"Coffee Dripper"}],"items_purged_floors":[4,21],"is_endless":false,"potions_floor_spawned":[5,10,12,22],"killed_by":"Shelled Parasite and Fungi","ascension_level":0}