{"gold_per_floor":[118,118,68,68,83,113,113,113,166,22,38,57,57,91,91,214,277,295,314,314,84,99,137,137,37,37,37,37],"floor_reached":28,"playtime":1882,"items_purged":["Strike_R","Strike_R+1"],"score":244,"play_id":"d9866cc8-0e3e-4d18-8763-329166bccb15","local_time":"20190910145841","is_ascension_mode":false,"campfire_choices":[{"data":"Rampage","floor":8,"key":"SMITH"},{"data":"Juggernaut","floor":13,"key":"SMITH"},{"data":"Reaper","floor":15,"key":"SMITH"},{"data":"True Grit","floor":27,"key":"SMITH"}],"neow_cost":"NONE","seed_source_timestamp":159977978592600,"circlet_count":0,"master_deck":["Strike_R+1","Defend_R+1","Defend_R+1","Defend_R+1","Defend_R+1","Bash+1","Pommel Strike+1","Iron Wave+1","Rampage+1","Reaper+1","Juggernaut+1","Juggernaut+1","Shrug It Off","Flame Barrier+1","True Grit+1","Ghostly Armor"],"relics":["Burning Blood","Oddly Smooth Stone","Paper Frog","Golden Idol","Tiny Chest","Whetstone","Tiny House","Pen Nib","Omamori"],"potions_floor_usage":[],"damage_taken":[{"damage":4,"enemies":"Small Slimes","floor":1,"turns":4},{"damage":0,"enemies":"Jaw Worm","floor":5,"turns":5},{"damage":15,"enemies":"Gremlin Nob","floor":6,"turns":4},{"damage":0,"enemies":"Cultist","floor":11,"turns":3},{"damage":16,"enemies":"Large Slime","floor":12,"turns":6},{"damage":10,"enemies":"Lagavulin","floor":14,"turns":7},{"damage":18,"enemies":"Slime Boss","floor":16,"turns":9},{"damage":8,"enemies":"Spheric Guardian","floor":18,"turns":4},{"damage":3,"enemies":"Chosen","floor":19,"turns":5},{"damage":18,"enemies":"Centurion and Healer","floor":22,"turns":9},{"damage":45,"enemies":"Book of Stabbing","floor":23,"turns":6},{"damage":62,"enemies":"Gremlin Leader","floor":28,"turns":10}],"seed_played":"-2773475625235818381","potions_obtained":[{"floor":1,"key":"SneckoOil"},{"floor":5,"key":"Strength Potion"},{"floor":11,"key":"SteroidPotion"},{"floor":17,"key":"Poison Potion"}],"is_trial":false,"path_per_floor":["M","?","?","?","M","E","?","R","T","$","M","M","R","E","R","B",null,"M","M","?","$","M","E","?","$","T","R","E"],"character_chosen":"IRONCLAD","items_purchased":["Reaper","Pen Nib"],"campfire_rested":0,"item_purchase_floors":[10,21],"current_hp_per_floor":[80,64,64,57,63,54,34,34,34,34,44,38,38,34,34,31,85,85,85,85,85,73,34,34,34,34,34,0],"gold":37,"neow_bonus":"RANDOM_COMMON_RELIC","is_prod":false,"is_daily":false,"chose_seed":false,"campfire_upgraded":4,"win_rate":0,"timestamp":1568123921,"path_taken":["M","?","?","?","M","E","?","R","T","$","M","M","R","E","R","BOSS","M","M","?","$","?","E","?","?","T","R","E"],"build_version":"2019-07-17","purchased_purges":2,"victory":false,"max_hp_per_floor":[80,80,80,80,80,80,80,80,80,80,80,80,80,80,80,80,85,85,85,85,85,85,85,85,85,85,85,85],"card_choices":[{"not_picked":["Metallicize","Flame Barrier"],"picked":"Pommel Strike","floor":1},{"not_picked":["Cleave","Twin Strike"],"picked":"Iron Wave","floor":5},{"not_picked":["Sword Boomerang","Flex"],"picked":"Rampage","floor":6},{"not_picked":["Flex","Perfected Strike"],"picked":"Juggernaut","floor":11},{"not_picked":["Warcry","Perfected Strike","Twin Strike"],"picked":"SKIP","floor":12},{"not_picked":["Perfected Strike","Corruption","Headbutt"],"picked":"SKIP","floor":14},{"not_picked":["Reaper","Limit Break"],"picked":"Juggernaut","floor":16},{"not_picked":["Sentinel","Uppercut"],"picked":"Shrug It Off","floor":17},{"not_picked":["Thunderclap+1","Anger","Warcry"],"picked":"SKIP","floor":18},{"not_picked":["Pommel Strike","Juggernaut"],"picked":"Flame Barrier+1","floor":19},{"not_picked":["Combust","Wild Strike+1"],"picked":"True Grit","floor":22},{"not_picked":["Dropkick+1","Pommel Strike"],"picked":"Ghostly Armor","floor":23}],"player_experience":157148,"relics_obtained":[{"floor":6,"key":"Paper Frog"},{"floor":9,"key":"Tiny Chest"},{"floor":14,"key":"Whetstone"},{"floor":23,"key":"Omamori"}],"event_choices":[{"damage_healed":0,"gold_gain":0,"player_choice":"Entered Light","damage_taken":16,"max_hp_gain":0,"max_hp_loss":0,"event_name":"Shining Light","floor":2,"gold_loss":0,"cards_upgraded":["Bash","Pommel Strike"]},{"cards_removed":["Strike_R"],"damage_healed":0,"gold_gain":0,"player_choice":"Card Removal","damage_taken":0,"max_hp_gain":0,"max_hp_loss":0,"event_name":"The Cleric","floor":3,"gold_loss":50},{"cards_removed":["Strike_R"],"damage_healed":0,"gold_gain":0,"player_choice":"Card Removal","damage_taken":7,"max_hp_gain":0,"max_hp_loss":0,"event_name":"Golden Wing","floor":4,"gold_loss":0},{"damage_healed":0,"gold_gain":0,"player_choice":"Take Damage","damage_taken":20,"relics_obtained":["Golden Idol"],"max_hp_gain":0,"max_hp_loss":0,"event_name":"Golden Idol","floor":7,"gold_loss":0},{"damage_healed":0,"gold_gain":0,"player_choice":"Got Potions","damage_taken":0,"max_hp_gain":0,"max_hp_loss":0,"event_name":"Lab","floor":20,"gold_loss":0},{"damage_healed":0,"gold_gain":0,"player_choice":"Simplicity","damage_taken":0,"max_hp_gain":0,"max_hp_loss":0,"event_name":"Back to Basics","floor":24,"gold_loss":0,"cards_upgraded":["Strike_R","Defend_R","Defend_R","Defend_R","Defend_R"]}],"is_beta":false,"boss_relics":[{"not_picked":["Astrolabe","Orrery"],"picked":"Tiny House"}],"items_purged_floors":[21,25],"is_endless":false,"potions_floor_spawned":[1,5,11,14,22,23],"killed_by":"Gremlin Leader","ascension_level":0}