{"gold_per_floor":[365,378,10,24,24,24,37,66,66,66,79,103,121,136,136,264,264,283,297,297,297,297],"floor_reached":22,"playtime":1096,"items_purged":["Shame"],"score":228,"play_id":"6a914438-91c7-49c2-9b46-73720baea2cf","local_time":"20190424172735","is_ascension_mode":true,"campfire_choices":[{"data":"Envenom","floor":6,"key":"SMITH"},{"floor":15,"key":"REST"}],"neow_cost":"CURSE","seed_source_timestamp":4852374587877,"circlet_count":0,"master_deck":["Defend_G","Defend_G","Defend_G","Defend_G","Defend_G","Strike_G","Strike_G","Strike_G","Strike_G","Strike_G","Survivor","Neutralize","Cloak And Dagger","Dagger Spray","Envenom+1","Well Laid Plans","Deflect","Caltrops","Injury","Leg Sweep","Cloak And Dagger","Deflect","Bane","Burst","Poisoned Stab","Tactician"],"relics":["Ring of the Snake","Regal Pillow","Happy Flower","Mercury Hourglass","Golden Idol","Eternal Feather","Nilry\u0027s Codex"],"potions_floor_usage":[8,8,11,14,19,22],"damage_taken":[{"damage":1,"enemies":"Cultist","floor":1,"turns":5},{"damage":7,"enemies":"2 Louse","floor":2,"turns":2},{"damage":8,"enemies":"Small Slimes","floor":4,"turns":3},{"damage":9,"enemies":"Looter","floor":7,"turns":4},{"damage":34,"enemies":"Lagavulin","floor":8,"turns":10},{"damage":1,"enemies":"Exordium Thugs","floor":11,"turns":4},{"damage":2,"enemies":"2 Fungi Beasts","floor":12,"turns":4},{"damage":0,"enemies":"3 Louse","floor":13,"turns":3},{"damage":0,"enemies":"Gremlin Gang","floor":14,"turns":3},{"damage":14,"enemies":"Hexaghost","floor":16,"turns":10},{"damage":13,"enemies":"Chosen","floor":18,"turns":5},{"damage":29,"enemies":"Spheric Guardian","floor":19,"turns":7},{"damage":14,"enemies":"Centurion and Healer","floor":22,"turns":6}],"seed_played":"-591049331880269282","potions_obtained":[{"floor":2,"key":"GamblersBrew"},{"floor":7,"key":"SkillPotion"},{"floor":8,"key":"Block Potion"},{"floor":11,"key":"SkillPotion"},{"floor":16,"key":"Poison Potion"},{"floor":18,"key":"SpeedPotion"}],"is_trial":false,"path_per_floor":["M","M","$","M","$","R","M","E","T","?","M","M","M","M","R","B",null,"M","M","?","?","M"],"character_chosen":"THE_SILENT","items_purchased":["Regal Pillow","Envenom"],"campfire_rested":1,"item_purchase_floors":[3,3],"current_hp_per_floor":[69,62,62,54,54,54,45,11,11,11,10,8,8,8,44,30,70,57,28,12,12,0],"gold":297,"neow_bonus":"TWO_FIFTY_GOLD","is_prod":false,"is_daily":false,"chose_seed":false,"campfire_upgraded":1,"win_rate":0,"timestamp":1556090855,"path_taken":["M","M","$","M","?","R","M","E","T","?","M","M","M","M","R","BOSS","M","M","?","?","M"],"build_version":"2019-01-23","purchased_purges":1,"victory":false,"max_hp_per_floor":[70,70,70,70,70,70,70,70,70,70,70,70,70,70,70,70,70,70,70,70,70,70],"card_choices":[{"not_picked":["Expertise","Calculated Gamble"],"picked":"Cloak And Dagger","floor":1},{"not_picked":["Quick Slash","Cloak And Dagger"],"picked":"Dagger Spray","floor":2},{"not_picked":["Riddle With Holes","Bouncing Flask"],"picked":"Well Laid Plans","floor":4},{"not_picked":["Expertise","Bane"],"picked":"Deflect","floor":7},{"not_picked":["Endless Agony","Backflip"],"picked":"Caltrops","floor":8},{"not_picked":["Dagger Spray","Dash"],"picked":"Leg Sweep","floor":11},{"not_picked":["Dodge and Roll","Deadly Poison"],"picked":"Cloak And Dagger","floor":12},{"not_picked":["Accuracy","Dagger Spray"],"picked":"Deflect","floor":13},{"not_picked":["All Out Attack","Masterful Stab"],"picked":"Bane","floor":14},{"not_picked":["Glass Knife","Unload"],"picked":"Burst","floor":16},{"not_picked":["Quick Slash","Well Laid Plans"],"picked":"Poisoned Stab","floor":18},{"not_picked":["All Out Attack","Endless Agony+1"],"picked":"Tactician","floor":19}],"player_experience":457755,"relics_obtained":[{"floor":8,"key":"Happy Flower"},{"floor":9,"key":"Mercury Hourglass"},{"floor":20,"key":"Nilry\u0027s Codex"}],"event_choices":[{"damage_healed":0,"gold_gain":0,"player_choice":"Take Wound","damage_taken":0,"relics_obtained":["Golden Idol"],"max_hp_gain":0,"max_hp_loss":0,"event_name":"Golden Idol","floor":10,"gold_loss":0,"cards_obtained":["Injury"]},{"damage_healed":0,"gold_gain":0,"player_choice":"Obtained Book","damage_taken":16,"max_hp_gain":0,"max_hp_loss":0,"event_name":"Cursed Tome","floor":20,"gold_loss":0},{"damage_healed":0,"gold_gain":0,"player_choice":"Ignored","damage_taken":0,"max_hp_gain":0,"max_hp_loss":0,"event_name":"Ghosts","floor":21,"gold_loss":0}],"is_beta":false,"boss_relics":[{"not_picked":["Cursed Key","Velvet Choker"],"picked":"Eternal Feather"}],"items_purged_floors":[3],"is_endless":false,"potions_floor_spawned":[2,7,8,11,16,18],"killed_by":"Centurion and Healer","ascension_level":4}