{"gold_per_floor":[112,132,152,4,4,29,29,42,42,42,7,18,45,62,62,163,163,179,159,99,117,132,132],"floor_reached":23,"playtime":1201,"items_purged":[],"score":233,"play_id":"627f8d56-bbe9-437e-922a-e40a388dd8f5","local_time":"20190218163333","is_ascension_mode":true,"campfire_choices":[{"data":"Zap","floor":7,"key":"SMITH"},{"floor":10,"key":"REST"},{"data":"Multi-Cast","floor":15,"key":"SMITH"}],"neow_cost":"NONE","seed_source_timestamp":503929971645400,"circlet_count":0,"master_deck":["Strike_B","Strike_B","Strike_B","Strike_B","Defend_B","Defend_B","Defend_B","Defend_B","Zap+1","Dualcast","Finesse","Leap","Tempest","Chill","Steam","Cold Snap","Multi-Cast+1","Glacier","Multi-Cast","BootSequence","Sweeping Beam","Stack","Blizzard"],"relics":["Cracked Core","PreservedInsect","Bronze Scales","Pen Nib","Bottled Flame","Runic Dome"],"potions_floor_usage":[16],"damage_taken":[{"damage":11,"enemies":"Small Slimes","floor":1,"turns":4},{"damage":0,"enemies":"2 Louse","floor":2,"turns":2},{"damage":0,"enemies":"Cultist","floor":3,"turns":3},{"damage":18,"enemies":"Gremlin Nob","floor":6,"turns":3},{"damage":9,"enemies":"Looter","floor":8,"turns":3},{"damage":0,"enemies":"2 Fungi Beasts","floor":12,"turns":3},{"damage":17,"enemies":"3 Sentries","floor":13,"turns":6},{"damage":10,"enemies":"Lots of Slimes","floor":14,"turns":4},{"damage":25,"enemies":"Hexaghost","floor":16,"turns":11},{"damage":14,"enemies":"Spheric Guardian","floor":18,"turns":4},{"damage":6,"enemies":"2 Thieves","floor":20,"turns":4},{"damage":12,"enemies":"Snake Plant","floor":21,"turns":3},{"damage":27,"enemies":"Sentry and Sphere","floor":22,"turns":8},{"damage":19,"enemies":"Slavers","floor":23,"turns":1}],"seed_played":"6868975393776932444","potions_obtained":[{"floor":6,"key":"Block Potion"},{"floor":12,"key":"Weak Potion"},{"floor":13,"key":"Weak Potion"},{"floor":19,"key":"FearPotion"}],"is_trial":false,"path_per_floor":["M","M","M","$","?","E","R","M","T","R","?","M","E","M","R","B",null,"M","?","M","M","M","E"],"character_chosen":"DEFECT","items_purchased":["PreservedInsect"],"campfire_rested":1,"item_purchase_floors":[4],"current_hp_per_floor":[64,64,64,64,64,46,46,37,37,59,75,75,58,48,48,23,75,61,61,55,43,16,0],"gold":132,"neow_bonus":"RANDOM_COLORLESS","is_prod":false,"is_daily":false,"chose_seed":false,"campfire_upgraded":2,"win_rate":0,"timestamp":1550536413,"path_taken":["M","M","M","$","?","E","R","M","T","R","?","M","E","M","R","BOSS","M","?","M","M","?","E"],"build_version":"2019-01-23","purchased_purges":0,"victory":false,"max_hp_per_floor":[75,75,75,75,75,75,75,75,75,75,75,75,75,75,75,75,75,75,75,75,75,75,75],"card_choices":[{"not_picked":["Barrage","Hello World","Static Discharge"],"picked":"SKIP","floor":1},{"not_picked":["Stack","Ball Lightning"],"picked":"Leap","floor":2},{"not_picked":["Barrage","Chaos"],"picked":"Tempest","floor":3},{"not_picked":["Undo","Aggregate"],"picked":"Chill","floor":6},{"not_picked":["Gash","Force Field"],"picked":"Steam","floor":8},{"not_picked":["Conserve Battery","Sweeping Beam"],"picked":"Cold Snap","floor":12},{"not_picked":["Compile Driver","Cold Snap"],"picked":"Multi-Cast","floor":13},{"not_picked":["Storm","Turbo"],"picked":"Glacier","floor":14},{"not_picked":["Reboot","All For One"],"picked":"Multi-Cast","floor":16},{"not_picked":["Genetic Algorithm","Barrage+1"],"picked":"BootSequence","floor":18},{"not_picked":["Go for the Eyes","Barrage+1"],"picked":"Sweeping Beam","floor":20},{"not_picked":["Sweeping Beam+1","Barrage+1"],"picked":"Stack","floor":21},{"not_picked":["Sweeping Beam","Go for the Eyes"],"picked":"Blizzard","floor":22}],"player_experience":119006,"relics_obtained":[{"floor":6,"key":"Bronze Scales"},{"floor":9,"key":"Pen Nib"},{"floor":13,"key":"Bottled Flame"}],"event_choices":[{"damage_healed":0,"gold_gain":0,"player_choice":"Ignored","damage_taken":0,"max_hp_gain":0,"max_hp_loss":0,"event_name":"Liars Game","floor":5,"gold_loss":0},{"damage_healed":18,"gold_gain":0,"player_choice":"Healed","damage_taken":0,"max_hp_gain":0,"max_hp_loss":0,"event_name":"The Cleric","floor":11,"gold_loss":35},{"damage_healed":0,"gold_gain":0,"player_choice":"Bought 1 Potion","damage_taken":0,"max_hp_gain":0,"max_hp_loss":0,"event_name":"The Woman in Blue","floor":19,"gold_loss":0}],"is_beta":false,"boss_relics":[{"not_picked":["Tiny House","Runic Pyramid"],"picked":"Runic Dome"}],"items_purged_floors":[],"is_endless":false,"potions_floor_spawned":[6,12,13,14,22],"killed_by":"Slavers","ascension_level":3}