{"gold_per_floor":[118,129,147,158,176,176,209,228,228,228,261,261,261,289,289,289],"floor_reached":16,"playtime":768,"items_purged":[],"score":238,"play_id":"0df1dca7-7f27-43bc-a4c2-31ed749ed8a1","local_time":"20190802024736","is_ascension_mode":true,"campfire_choices":[{"data":"Perfected Strike","floor":6,"key":"SMITH"},{"floor":10,"key":"REST"},{"data":"True Grit","floor":12,"key":"SMITH"},{"floor":15,"key":"REST"}],"neow_cost":"NONE","seed_source_timestamp":472696044487219,"circlet_count":0,"master_deck":["AscendersBane","Strike_R","Strike_R","Strike_R","Strike_R","Defend_R","Defend_R","Defend_R","Defend_R","Bash","Offering","Pommel Strike","True Grit+1","Feel No Pain","Intimidate","Perfected Strike+1","Iron Wave","Offering","Sentinel"],"relics":["Burning Blood","Juzu Bracelet","Strawberry","Meat on the Bone"],"potions_floor_usage":[3,13],"damage_taken":[{"damage":8,"enemies":"2 Louse","floor":1,"turns":4},{"damage":8,"enemies":"Small Slimes","floor":2,"turns":3},{"damage":13,"enemies":"Jaw Worm","floor":3,"turns":3},{"damage":26,"enemies":"3 Louse","floor":4,"turns":3},{"damage":5,"enemies":"2 Fungi Beasts","floor":5,"turns":5},{"damage":28,"enemies":"Lagavulin","floor":7,"turns":6},{"damage":6,"enemies":"Large Slime","floor":8,"turns":3},{"damage":19,"enemies":"3 Sentries","floor":11,"turns":8},{"damage":0,"enemies":"The Mushroom Lair","floor":13,"turns":1},{"damage":24,"enemies":"Lagavulin","floor":14,"turns":4},{"damage":76,"enemies":"The Guardian","floor":16,"turns":11}],"seed_played":"-4402368775668073269","potions_obtained":[{"floor":1,"key":"GamblersBrew"},{"floor":5,"key":"SmokeBomb"}],"is_trial":false,"path_per_floor":["M","M","M","M","M","R","E","M","T","R","E","R","?","E","R","B"],"character_chosen":"IRONCLAD","items_purchased":[],"campfire_rested":2,"item_purchase_floors":[],"current_hp_per_floor":[66,64,57,37,38,38,16,16,16,38,32,32,38,20,44,0],"gold":289,"neow_bonus":"TRANSFORM_CARD","is_prod":false,"is_daily":false,"chose_seed":false,"campfire_upgraded":2,"win_rate":0,"timestamp":1564728456,"path_taken":["M","M","M","M","M","R","E","M","T","R","E","R","?","E","R","BOSS"],"build_version":"2019-07-17","purchased_purges":0,"victory":false,"max_hp_per_floor":[75,75,75,75,75,75,75,75,75,75,82,82,82,82,82,82],"card_choices":[{"not_picked":["Sentinel","Dual Wield"],"picked":"Pommel Strike","floor":1},{"not_picked":["Heavy Blade","Iron Wave"],"picked":"True Grit","floor":2},{"not_picked":["True Grit","Heavy Blade"],"picked":"Feel No Pain","floor":3},{"not_picked":["Cleave","Armaments"],"picked":"Intimidate","floor":4},{"not_picked":["Warcry","Heavy Blade"],"picked":"Perfected Strike","floor":5},{"not_picked":["Anger","Body Slam"],"picked":"Iron Wave","floor":7},{"not_picked":["Clash","Twin Strike"],"picked":"Offering","floor":8},{"not_picked":["Limit Break","True Grit","Intimidate"],"picked":"SKIP","floor":11},{"not_picked":["Rage","Hemokinesis"],"picked":"Sentinel","floor":14}],"player_experience":1668259,"relics_obtained":[{"floor":7,"key":"Juzu Bracelet"},{"floor":11,"key":"Strawberry"},{"floor":14,"key":"Meat on the Bone"}],"event_choices":[{"damage_healed":0,"gold_gain":0,"player_choice":"Fought Mushrooms","damage_taken":0,"max_hp_gain":0,"max_hp_loss":0,"event_name":"Mushrooms","floor":13,"gold_loss":0}],"is_beta":false,"boss_relics":[],"items_purged_floors":[],"is_endless":false,"potions_floor_spawned":[1,5,13],"killed_by":"The Guardian","ascension_level":19}