{"gold_per_floor":[113,163,174,190,11,11,36,36,113,113,113,123,123,133,133,208,208,226,241,260,260,260],"floor_reached":22,"playtime":1716,"items_purged":[],"score":372,"play_id":"d45f9ac2-56de-4dc8-b00d-b738395c164c","local_time":"20190427123411","is_ascension_mode":true,"campfire_choices":[{"data":"Skewer","floor":6,"key":"SMITH"},{"data":"Neutralize","floor":11,"key":"SMITH"},{"data":"Dagger Spray","floor":13,"key":"SMITH"},{"data":"Corpse Explosion","floor":15,"key":"SMITH"}],"neow_cost":"NONE","seed_source_timestamp":266155289732819,"circlet_count":0,"master_deck":["AscendersBane","Defend_G","Defend_G","Defend_G","Defend_G","Defend_G","Strike_G+1","Strike_G","Strike_G+1","Strike_G","Strike_G","Survivor","Neutralize+1","Cloak And Dagger","Dagger Spray+1","Sucker Punch","Footwork","Skewer+1","Corpse Explosion+1","Caltrops+1","Wraith Form v2+1","Adrenaline","Dodge and Roll","Leg Sweep"],"relics":["Ring of the Snake","NeowsBlessing","Whetstone","Strawberry","Frozen Egg 2","Velvet Choker","Nilry\u0027s Codex"],"potions_floor_usage":[7,7,16,16],"damage_taken":[{"damage":0,"enemies":"Jaw Worm","floor":1,"turns":1},{"damage":0,"enemies":"Cultist","floor":3,"turns":1},{"damage":0,"enemies":"2 Louse","floor":4,"turns":1},{"damage":22,"enemies":"3 Sentries","floor":7,"turns":7},{"damage":7,"enemies":"Large Slime","floor":12,"turns":5},{"damage":0,"enemies":"3 Louse","floor":14,"turns":2},{"damage":2,"enemies":"Slime Boss","floor":16,"turns":8},{"damage":1,"enemies":"Chosen","floor":18,"turns":5},{"damage":6,"enemies":"Shell Parasite","floor":19,"turns":5},{"damage":3,"enemies":"Centurion and Healer","floor":20,"turns":4},{"damage":33,"enemies":"Colosseum Slavers","floor":22,"turns":3}],"seed_played":"-5254173957772695591","potions_obtained":[{"floor":3,"key":"FearPotion"},{"floor":12,"key":"Energy Potion"},{"floor":14,"key":"Energy Potion"}],"is_trial":false,"path_per_floor":["M","?","M","M","$","R","E","?","T","?","R","M","R","M","R","B",null,"M","M","M","?","?"],"character_chosen":"THE_SILENT","items_purchased":["Footwork","Skewer","PowerPotion"],"campfire_rested":0,"item_purchase_floors":[5,5,5],"current_hp_per_floor":[59,53,53,53,53,53,31,38,38,38,38,31,31,31,31,29,62,61,55,52,31,0],"gold":260,"neow_bonus":"THREE_ENEMY_KILL","is_prod":false,"is_daily":false,"chose_seed":false,"campfire_upgraded":4,"win_rate":0,"timestamp":1556382851,"path_taken":["M","?","M","?","$","R","E","?","T","?","R","M","R","M","R","BOSS","M","M","M","?","?"],"build_version":"2019-01-23","purchased_purges":0,"victory":false,"max_hp_per_floor":[66,66,66,66,66,66,66,73,73,73,73,73,73,73,73,73,73,73,73,73,73,73],"card_choices":[{"not_picked":["Bane","Backflip"],"picked":"Cloak And Dagger","floor":1},{"not_picked":["Slice","Quick Slash"],"picked":"Dagger Spray","floor":3},{"not_picked":["Escape Plan","Bane"],"picked":"Sucker Punch","floor":4},{"not_picked":["Backflip","Endless Agony"],"picked":"Corpse Explosion","floor":7},{"not_picked":["Dodge and Roll","Blade Dance"],"picked":"Caltrops+1","floor":12},{"not_picked":["PiercingWail","Backflip"],"picked":"Wraith Form v2+1","floor":14},{"not_picked":["Die Die Die","Malaise"],"picked":"Adrenaline","floor":16},{"not_picked":["Dagger Spray","Heel Hook"],"picked":"Dodge and Roll","floor":18},{"not_picked":["Acrobatics","Deflect"],"picked":"Leg Sweep","floor":19},{"not_picked":["Outmaneuver+1","Terror","Acrobatics"],"picked":"SKIP","floor":20}],"player_experience":1288124,"relics_obtained":[{"floor":7,"key":"Whetstone"},{"floor":9,"key":"Frozen Egg 2"},{"floor":21,"key":"Nilry\u0027s Codex"}],"event_choices":[{"damage_healed":0,"gold_gain":50,"player_choice":"Touch","damage_taken":6,"max_hp_gain":0,"max_hp_loss":0,"event_name":"FaceTrader","floor":2,"gold_loss":0},{"damage_healed":0,"gold_gain":0,"player_choice":"Searched \u00271\u0027 times","damage_taken":0,"relics_obtained":["Strawberry"],"max_hp_gain":0,"max_hp_loss":0,"event_name":"Dead Adventurer","floor":8,"gold_loss":0},{"damage_healed":0,"gold_gain":0,"player_choice":"Ignored","damage_taken":0,"max_hp_gain":0,"max_hp_loss":0,"event_name":"Liars Game","floor":10,"gold_loss":0},{"damage_healed":0,"gold_gain":0,"player_choice":"Obtained Book","damage_taken":21,"max_hp_gain":0,"max_hp_loss":0,"event_name":"Cursed Tome","floor":21,"gold_loss":0},{"damage_healed":0,"gold_gain":0,"player_choice":"Fight","damage_taken":0,"max_hp_gain":0,"max_hp_loss":0,"event_name":"Colosseum","floor":22,"gold_loss":0}],"is_beta":false,"boss_relics":[{"not_picked":["WristBlade","Ectoplasm"],"picked":"Velvet Choker"}],"items_purged_floors":[],"is_endless":false,"potions_floor_spawned":[3,12,14],"killed_by":"Colosseum Slavers","ascension_level":20}