{"gold_per_floor":[119,131,141,141,156,156,183,183,183,215,25,35,55,68,68,164,164,179,195,205,205],"floor_reached":21,"playtime":743,"items_purged":["Strike_B"],"score":254,"play_id":"9bd4a17d-7950-47c3-b824-1edac2dae9bb","local_time":"20190523171027","is_ascension_mode":true,"campfire_choices":[{"data":"Zap","floor":6,"key":"SMITH"},{"floor":8,"key":"REST"},{"data":"Double Energy","floor":15,"key":"SMITH"}],"neow_cost":"NONE","seed_source_timestamp":15178534237257,"circlet_count":0,"master_deck":["Strike_B","Strike_B","Strike_B","Defend_B","Defend_B","Defend_B","Defend_B","Zap+1","Dualcast","Chill","Cold Snap","Streamline","Conserve Battery","Loop","Rip and Tear","Static Discharge+1","Conserve Battery","BootSequence","Ball Lightning","Double Energy+1","Echo Form+1","Coolheaded","Genetic Algorithm+1","Glacier+1"],"relics":["Cracked Core","Bag of Marbles","Cables","Frozen Egg 2","Shuriken","Eternal Feather"],"potions_floor_usage":[18,20],"damage_taken":[{"damage":8,"enemies":"2 Louse","floor":1,"turns":2},{"damage":0,"enemies":"Cultist","floor":2,"turns":3},{"damage":5,"enemies":"Jaw Worm","floor":3,"turns":3},{"damage":6,"enemies":"2 Fungi Beasts","floor":5,"turns":3},{"damage":10,"enemies":"3 Sentries","floor":7,"turns":9},{"damage":26,"enemies":"Lagavulin","floor":10,"turns":6},{"damage":5,"enemies":"Looter","floor":12,"turns":2},{"damage":0,"enemies":"Exordium Wildlife","floor":13,"turns":3},{"damage":0,"enemies":"3 Louse","floor":14,"turns":3},{"damage":11,"enemies":"Slime Boss","floor":16,"turns":8},{"damage":4,"enemies":"3 Byrds","floor":18,"turns":3},{"damage":20,"enemies":"Spheric Guardian","floor":19,"turns":4},{"damage":25,"enemies":"Cultist and Chosen","floor":20,"turns":4},{"damage":15,"enemies":"Snecko","floor":21,"turns":3}],"seed_played":"-1654532939761123543","potions_obtained":[{"floor":1,"key":"SkillPotion"},{"floor":2,"key":"Poison Potion"},{"floor":7,"key":"SteroidPotion"},{"floor":20,"key":"Ancient Potion"}],"is_trial":false,"path_per_floor":["M","M","M","?","M","R","E","R","T","E","$","M","M","M","R","B",null,"M","M","M","M"],"character_chosen":"DEFECT","items_purchased":["Static Discharge+1","Conserve Battery"],"campfire_rested":1,"item_purchase_floors":[11,11],"current_hp_per_floor":[60,60,55,55,49,49,39,61,61,35,35,30,30,30,30,19,61,57,37,12,0],"gold":205,"neow_bonus":"RANDOM_COMMON_RELIC","is_prod":false,"is_daily":false,"chose_seed":false,"campfire_upgraded":2,"win_rate":0,"timestamp":1558595427,"path_taken":["M","M","M","?","M","R","E","R","T","E","$","?","M","M","R","BOSS","M","M","M","M"],"build_version":"2019-01-23","purchased_purges":1,"victory":false,"max_hp_per_floor":[75,75,75,75,75,75,75,75,75,75,75,75,75,75,75,75,75,75,75,75,75],"card_choices":[{"not_picked":["Leap","Gash"],"picked":"Chill","floor":1},{"not_picked":["Turbo","Conserve Battery"],"picked":"Cold Snap","floor":2},{"not_picked":["Double Energy","Creative AI"],"picked":"Streamline","floor":3},{"not_picked":["Streamline","Leap"],"picked":"Conserve Battery","floor":5},{"not_picked":["Creative AI","Cold Snap"],"picked":"Loop","floor":7},{"not_picked":["Conserve Battery","Stack"],"picked":"Rip and Tear","floor":10},{"not_picked":["Hologram","Turbo"],"picked":"BootSequence","floor":12},{"not_picked":["Hologram","Coolheaded"],"picked":"Ball Lightning","floor":13},{"not_picked":["Redo","Leap"],"picked":"Double Energy","floor":14},{"not_picked":["Multi-Cast","Rainbow"],"picked":"Echo Form+1","floor":16},{"not_picked":["Scrape+1","Rebound+1"],"picked":"Coolheaded","floor":18},{"not_picked":["BootSequence+1","Cold Snap"],"picked":"Genetic Algorithm+1","floor":19},{"not_picked":["Steam+1","Conserve Battery"],"picked":"Glacier+1","floor":20}],"player_experience":714965,"relics_obtained":[{"floor":7,"key":"Cables"},{"floor":9,"key":"Frozen Egg 2"},{"floor":10,"key":"Shuriken"}],"event_choices":[{"damage_healed":0,"gold_gain":0,"player_choice":"Bought 0 Potions","damage_taken":0,"max_hp_gain":0,"max_hp_loss":0,"event_name":"The Woman in Blue","floor":4,"gold_loss":0}],"is_beta":false,"boss_relics":[{"not_picked":["Runic Pyramid","Ectoplasm"],"picked":"Eternal Feather"}],"items_purged_floors":[11],"is_endless":false,"potions_floor_spawned":[1,2,7,20],"killed_by":"Snecko","ascension_level":6}