{"gold_per_floor":[112,126,4,4,4,42,42,80,80,120,120,134,150,7,7,100,100,118,137,160,80,95,95,126,145,227,227,251,291,390,390,390,488,488,513,513],"floor_reached":36,"playtime":2105,"items_purged":["Strike_G"],"score":717,"play_id":"9b3e3b47-f493-4b64-8093-89e66e0591c8","local_time":"20181219232754","is_ascension_mode":true,"campfire_choices":[{"floor":7.0,"key":"REST"},{"data":"Glass Knife","floor":11.0,"key":"SMITH"},{"floor":15.0,"key":"REST"},{"data":"A Thousand Cuts","floor":23.0,"key":"SMITH"},{"floor":27.0,"key":"REST"},{"floor":32.0,"key":"REST"}],"neow_cost":"NONE","seed_source_timestamp":530913616471367,"circlet_count":0,"master_deck":["AscendersBane","Defend_G","Defend_G","Defend_G","Defend_G","Defend_G","Strike_G","Strike_G","Strike_G","Survivor","Neutralize+1","Terror","Flying Knee","Underhanded Strike","Dagger Throw+1","Glass Knife+1","Prepared","A Thousand Cuts+1","PiercingWail","Cloak And Dagger","Expertise+1","Crippling Poison","Injury","Blade Dance+1","Predator+1","Sucker Punch","Injury","PanicButton"],"special_seed":0,"relics":["Ring of the Snake","Golden Idol","Potion Belt","Pear","Paper Crane","Singing Bowl","Whetstone","Cursed Key","Oddly Smooth Stone","Matryoshka","Kunai","Black Star"],"potions_floor_usage":[36],"damage_taken":[{"damage":6.0,"enemies":"Jaw Worm","floor":1.0,"turns":7.0},{"damage":0.0,"enemies":"Cultist","floor":2.0,"turns":4.0},{"damage":29.0,"enemies":"Lagavulin","floor":6.0,"turns":6.0},{"damage":23.0,"enemies":"Gremlin Nob","floor":8.0,"turns":5.0},{"damage":14.0,"enemies":"Lagavulin","floor":10.0,"turns":7.0},{"damage":5.0,"enemies":"2 Louse","floor":12.0,"turns":3.0},{"damage":18.0,"enemies":"Exordium Thugs","floor":13.0,"turns":4.0},{"damage":16.0,"enemies":"The Guardian","floor":16.0,"turns":14.0},{"damage":0.0,"enemies":"3 Byrds","floor":18.0,"turns":5.0},{"damage":0.0,"enemies":"Chosen","floor":19.0,"turns":4.0},{"damage":7.0,"enemies":"Centurion and Healer","floor":20.0,"turns":6.0},{"damage":0.0,"enemies":"Cultist and Chosen","floor":22.0,"turns":5.0},{"damage":28.0,"enemies":"Slavers","floor":24.0,"turns":7.0},{"damage":10.0,"enemies":"Chosen and Byrds","floor":25.0,"turns":6.0},{"damage":8.0,"enemies":"Snake Plant","floor":28.0,"turns":3.0},{"damage":13.0,"enemies":"Book of Stabbing","floor":29.0,"turns":6.0},{"damage":32.0,"enemies":"Automaton","floor":33.0,"turns":10.0},{"damage":0.0,"enemies":"3 Shapes","floor":35.0,"turns":8.0},{"damage":68,"enemies":"2 Orb Walkers","floor":36,"turns":4}],"seed_played":"8823672142551977330","potions_obtained":[{"floor":2.0,"key":"SkillPotion"},{"floor":8.0,"key":"Regen Potion"},{"floor":12.0,"key":"GamblersBrew"},{"floor":16.0,"key":"GamblersBrew"},{"floor":20.0,"key":"Fire Potion"},{"floor":22.0,"key":"FearPotion"},{"floor":25.0,"key":"GhostInAJar"},{"floor":33.0,"key":"GamblersBrew"}],"is_trial":false,"path_per_floor":["M","M","$","?","T","E","R","E","T","E","R","M","M","$","R","B",null,"M","M","M","$","M","R","E","M","T","R","M","E","?","?","R","B",null,"M","?"],"character_chosen":"THE_SILENT","items_purchased":["Underhanded Strike","Whetstone","Crippling Poison"],"campfire_rested":4,"item_purchase_floors":[3,14,21],"current_hp_per_floor":[53,53,53,53,53,24,42,29,29,30,30,25,9,9,30,14,58,58,58,51,51,53,53,27,19,19,42,34,21,21,21,44,14,64,66,0],"gold":513,"neow_bonus":"REMOVE_CARD","is_prod":false,"is_daily":false,"chose_seed":false,"campfire_upgraded":2,"win_rate":0,"timestamp":1545280074,"path_taken":["M","M","$","?","?","E","R","E","T","E","R","?","M","?","R","BOSS","M","M","M","$","M","R","E","M","T","R","M","E","?","?","R","BOSS","M","?"],"build_version":"2018-12-13","purchased_purges":1,"victory":false,"max_hp_per_floor":[66,66,66,61,61,61,61,71,71,71,71,71,73,73,73,73,73,73,73,73,73,75,75,77,79,79,79,79,79,79,79,79,81,81,83,83],"card_choices":[{"not_picked":["Dodge and Roll","Deadly Poison"],"picked":"Terror","floor":1.0},{"not_picked":["Deadly Poison","Bane"],"picked":"Flying Knee","floor":2.0},{"not_picked":["Reflex","Setup"],"picked":"Dagger Throw","floor":6.0},{"not_picked":["Flying Knee","Poisoned Stab","Dagger Spray"],"picked":"SKIP","floor":8.0},{"not_picked":["Catalyst","Deflect"],"picked":"Glass Knife","floor":10.0},{"not_picked":["Eviscerate","Noxious Fumes"],"picked":"Prepared","floor":12.0},{"not_picked":["Prepared","Slice","Deflect"],"picked":"Singing Bowl","floor":13.0},{"not_picked":["Bullet Time","Glass Knife"],"picked":"A Thousand Cuts","floor":16.0},{"not_picked":["Flying Knee","Tactician"],"picked":"PiercingWail","floor":18.0},{"not_picked":["Quick Slash","Accuracy"],"picked":"Cloak And Dagger","floor":19.0},{"not_picked":["Outmaneuver","Acrobatics"],"picked":"Expertise+1","floor":20.0},{"not_picked":["Expertise","Outmaneuver","Choke"],"picked":"Singing Bowl","floor":22.0},{"not_picked":["Quick Slash","Corpse Explosion","Cloak And Dagger"],"picked":"Singing Bowl","floor":24.0},{"not_picked":["Choke","Infinite Blades","Outmaneuver"],"picked":"Singing Bowl","floor":25.0},{"not_picked":["Acrobatics","Sucker Punch"],"picked":"Blade Dance+1","floor":28.0},{"not_picked":["Cloak And Dagger","Blur"],"picked":"Predator+1","floor":29.0},{"not_picked":["Bullet Time","Grand Finale","Wraith Form v2"],"picked":"Singing Bowl","floor":33.0},{"not_picked":["Distraction","Well Laid Plans","Dagger Spray+1"],"picked":"Singing Bowl","floor":35.0}],"player_experience":914485,"relics_obtained":[{"floor":6.0,"key":"Potion Belt"},{"floor":8.0,"key":"Pear"},{"floor":9.0,"key":"Paper Crane"},{"floor":10.0,"key":"Singing Bowl"},{"floor":24.0,"key":"Oddly Smooth Stone"},{"floor":26.0,"key":"Matryoshka"},{"floor":29.0,"key":"Kunai"}],"event_choices":[{"damage_healed":0.0,"max_hp_gain":0.0,"max_hp_loss":5.0,"gold_gain":0.0,"event_name":"Golden Idol","player_choice":"Lose Max HP","floor":4.0,"gold_loss":0.0,"damage_taken":0.0,"relics_obtained":["Golden Idol"]},{"damage_healed":0.0,"max_hp_gain":0.0,"max_hp_loss":0.0,"gold_gain":99.0,"event_name":"Nest","player_choice":"Stole From Cult","floor":30.0,"gold_loss":0.0,"damage_taken":0.0},{"damage_healed":0.0,"max_hp_gain":0.0,"max_hp_loss":0.0,"gold_gain":0.0,"event_name":"Match and Keep!","player_choice":"3 cards matched","floor":31.0,"gold_loss":0.0,"damage_taken":0.0,"cards_obtained":["Sucker Punch","Injury","PanicButton"]},{"damage_healed":0,"gold_gain":0,"player_choice":"Fight","damage_taken":0,"max_hp_gain":0,"max_hp_loss":0,"event_name":"Mysterious Sphere","floor":36,"gold_loss":0}],"is_beta":false,"boss_relics":[{"not_picked":["Astrolabe","Lizard Tail"],"picked":"Cursed Key"},{"not_picked":["Orrery","Runic Dome"],"picked":"Black Star"}],"items_purged_floors":[3],"is_endless":false,"potions_floor_spawned":[2,8,12,16,20,22,25,33],"killed_by":"2 Orb Walkers","ascension_level":14}