{"gold_per_floor":[117,133,33,33,44,44,78,78,104,53,85,96,110,130,130,130],"floor_reached":16,"playtime":697,"items_purged":["Strike_B"],"score":218,"play_id":"9393ef53-2f42-4a3f-8c1e-74a4c9137c8e","local_time":"20190730142851","is_ascension_mode":true,"campfire_choices":[{"data":"Go for the Eyes","floor":6,"key":"SMITH"},{"data":"Conserve Battery","floor":15,"key":"SMITH"}],"neow_cost":"NONE","seed_source_timestamp":255637189499102,"circlet_count":0,"master_deck":["AscendersBane","Strike_B","Strike_B","Defend_B","Defend_B","Defend_B","Defend_B","Zap","Dualcast","Static Discharge+1","Leap","Go for the Eyes+1","Cold Snap","Conserve Battery+1","Machine Learning","Cold Snap","Compile Driver","Coolheaded","FTL","Steam"],"relics":["Cracked Core","Blood Vial","Juzu Bracelet","Oddly Smooth Stone","Turnip"],"potions_floor_usage":[16,16],"damage_taken":[{"damage":1,"enemies":"Cultist","floor":1,"turns":3},{"damage":1,"enemies":"Small Slimes","floor":2,"turns":3},{"damage":0,"enemies":"2 Louse","floor":5,"turns":3},{"damage":17,"enemies":"Lagavulin","floor":7,"turns":8},{"damage":17,"enemies":"Gremlin Nob","floor":11,"turns":4},{"damage":1,"enemies":"Looter","floor":12,"turns":4},{"damage":0,"enemies":"Large Slime","floor":13,"turns":6},{"damage":1,"enemies":"Exordium Wildlife","floor":14,"turns":3},{"damage":19,"enemies":"The Guardian","floor":16,"turns":2}],"seed_played":"-1892534807675866076","potions_obtained":[{"floor":2,"key":"LiquidBronze"},{"floor":7,"key":"Dexterity Potion"}],"is_trial":false,"path_per_floor":["M","M","$","?","M","R","E","?","T","$","E","M","M","M","R","B"],"character_chosen":"DEFECT","items_purchased":["Cold Snap","Cold Snap"],"campfire_rested":0,"item_purchase_floors":[3,10],"current_hp_per_floor":[63,62,62,62,62,62,45,27,27,27,12,13,15,16,16,0],"gold":130,"neow_bonus":"TRANSFORM_CARD","is_prod":false,"is_daily":false,"chose_seed":false,"campfire_upgraded":2,"win_rate":0,"timestamp":1564511331,"path_taken":["M","M","?","?","M","R","E","?","T","$","E","M","M","M","R","BOSS"],"build_version":"2019-07-17","purchased_purges":1,"victory":false,"max_hp_per_floor":[71,71,71,71,71,71,71,71,71,71,71,71,71,71,71,71],"card_choices":[{"not_picked":["Redo","Hologram"],"picked":"Leap","floor":1},{"not_picked":["Gash","Darkness"],"picked":"Go for the Eyes","floor":2},{"not_picked":["Go for the Eyes","Steam Power"],"picked":"Conserve Battery","floor":5},{"not_picked":["Rebound","Fusion"],"picked":"Machine Learning","floor":7},{"not_picked":["Stack","Consume"],"picked":"Compile Driver","floor":11},{"not_picked":["Capacitor","Compile Driver"],"picked":"Coolheaded","floor":12},{"not_picked":["Stack","Gash"],"picked":"FTL","floor":13},{"not_picked":["Gash","Sweeping Beam"],"picked":"Steam","floor":14}],"player_experience":1655758,"relics_obtained":[{"floor":7,"key":"Blood Vial"},{"floor":9,"key":"Oddly Smooth Stone"},{"floor":11,"key":"Turnip"}],"event_choices":[{"damage_healed":0,"gold_gain":0,"player_choice":"Grow","damage_taken":0,"max_hp_gain":0,"max_hp_loss":0,"event_name":"Living Wall","floor":4,"gold_loss":0,"cards_upgraded":["Static Discharge"]},{"damage_healed":0,"gold_gain":0,"player_choice":"Success","damage_taken":18,"relics_obtained":["Juzu Bracelet"],"max_hp_gain":0,"max_hp_loss":0,"event_name":"Scrap Ooze","floor":8,"gold_loss":0}],"is_beta":false,"boss_relics":[],"items_purged_floors":[3],"is_endless":false,"potions_floor_spawned":[2,7,14],"killed_by":"The Guardian","ascension_level":19}