{"gold_per_floor":[119,139,153,165,165,165,193,210,210,210],"floor_reached":10,"playtime":521,"items_purged":[],"score":140,"play_id":"620f3fb5-dbf4-4b95-b47f-ebcdb55e7cdf","local_time":"20190429090205","is_ascension_mode":true,"campfire_choices":[{"data":"Noxious Fumes","floor":6,"key":"SMITH"}],"neow_cost":"NONE","seed_source_timestamp":427441127863137,"circlet_count":0,"master_deck":["AscendersBane","Defend_G","Defend_G","Defend_G","Defend_G","Defend_G","Strike_G","Strike_G","Strike_G","Strike_G","Survivor","Neutralize","Quick Slash","Poisoned Stab","Noxious Fumes+1","Dagger Spray","Footwork","Catalyst"],"relics":["Ring of the Snake","Matryoshka","Dodecahedron","Vajra"],"potions_floor_usage":[4,7,8,10],"damage_taken":[{"damage":1,"enemies":"Cultist","floor":1,"turns":5},{"damage":2,"enemies":"2 Louse","floor":2,"turns":4},{"damage":1,"enemies":"Jaw Worm","floor":3,"turns":3},{"damage":1,"enemies":"Blue Slaver","floor":4,"turns":3},{"damage":20,"enemies":"Lagavulin","floor":7,"turns":8},{"damage":8,"enemies":"Gremlin Gang","floor":8,"turns":5},{"damage":56,"enemies":"Gremlin Nob","floor":10,"turns":4}],"seed_played":"3829676983114122728","potions_obtained":[{"floor":0,"key":"GhostInAJar"},{"floor":0,"key":"GhostInAJar"},{"floor":4,"key":"Dexterity Potion"},{"floor":7,"key":"FearPotion"}],"is_trial":false,"path_per_floor":["M","M","M","M","?","R","E","M","T","E"],"character_chosen":"THE_SILENT","items_purchased":[],"campfire_rested":0,"item_purchase_floors":[],"current_hp_per_floor":[58,56,55,54,54,54,34,26,26,0],"gold":210,"neow_bonus":"THREE_SMALL_POTIONS","is_prod":false,"is_daily":false,"chose_seed":false,"campfire_upgraded":1,"win_rate":0,"timestamp":1556542925,"path_taken":["M","?","M","M","?","R","E","M","T","E"],"build_version":"2019-01-23","purchased_purges":0,"victory":false,"max_hp_per_floor":[66,66,66,66,66,66,66,66,66,66],"card_choices":[{"not_picked":["Riddle With Holes","Reflex"],"picked":"Quick Slash","floor":1},{"not_picked":["Cloak And Dagger","Dodge and Roll"],"picked":"Poisoned Stab","floor":2},{"not_picked":["Sucker Punch","Blade Dance"],"picked":"Noxious Fumes","floor":3},{"not_picked":["Burst","Outmaneuver"],"picked":"Dagger Spray","floor":4},{"not_picked":["Infinite Blades","Masterful Stab"],"picked":"Footwork","floor":7},{"not_picked":["Flechettes","Leg Sweep"],"picked":"Catalyst","floor":8}],"player_experience":1304790,"relics_obtained":[{"floor":7,"key":"Matryoshka"},{"floor":9,"key":"Dodecahedron"},{"floor":9,"key":"Vajra"}],"event_choices":[{"cards_removed":["Strike_G"],"damage_healed":0,"gold_gain":0,"player_choice":"Purged","damage_taken":0,"max_hp_gain":0,"max_hp_loss":0,"event_name":"Purifier","floor":5,"gold_loss":0}],"is_beta":false,"boss_relics":[],"items_purged_floors":[],"is_endless":false,"potions_floor_spawned":[1,4,7],"killed_by":"Gremlin Nob","ascension_level":20}