{"gold_per_floor":[111,127,52,52,52,52,52,84,161,171,183,183,197,217,217,217],"floor_reached":16,"playtime":685,"items_purged":["Strike_G"],"score":204,"play_id":"93ace404-e6ae-426c-b91d-362b5b673d1b","local_time":"20190103152737","is_ascension_mode":true,"campfire_choices":[{"data":"Corpse Explosion","floor":6.0,"key":"SMITH"},{"floor":15.0,"key":"REST"}],"neow_cost":"NONE","seed_source_timestamp":0,"circlet_count":0,"master_deck":["AscendersBane","Defend_G","Defend_G","Defend_G","Defend_G","Defend_G","Strike_G","Strike_G","Strike_G","Survivor","Neutralize","Corpse Explosion+1","Slice","Slice","Backflip","Flechettes","Dash","Phantasmal Killer","Crippling Poison"],"special_seed":0,"relics":["Ring of the Snake","FossilizedHelix","Calipers","Shuriken","CultistMask"],"potions_floor_usage":[],"damage_taken":[{"damage":0.0,"enemies":"Jaw Worm","floor":1.0,"turns":5.0},{"damage":7.0,"enemies":"Cultist","floor":2.0,"turns":4.0},{"damage":48.0,"enemies":"Gremlin Nob","floor":8.0,"turns":5.0},{"damage":0.0,"enemies":"Small Slimes","floor":10.0,"turns":4.0},{"damage":0.0,"enemies":"Gremlin Gang","floor":11.0,"turns":3.0},{"damage":1.0,"enemies":"Exordium Thugs","floor":13.0,"turns":6.0},{"damage":0.0,"enemies":"Large Slime","floor":14.0,"turns":4.0},{"damage":0,"enemies":"Slime Boss","floor":16,"turns":1}],"seed_played":"3289186831259065964","potions_obtained":[{"floor":10.0,"key":"Dexterity Potion"},{"floor":14.0,"key":"Block Potion"}],"is_trial":false,"path_per_floor":["M","M","$","?","$","R","T","E","T","M","M","?","M","M","R","B"],"character_chosen":"THE_SILENT","items_purchased":[],"campfire_rested":1,"item_purchase_floors":[],"current_hp_per_floor":[59,52,52,52,52,52,52,4,4,4,4,4,3,3,22,22],"gold":217,"neow_bonus":"ONE_RANDOM_RARE_CARD","is_prod":false,"is_daily":false,"chose_seed":false,"campfire_upgraded":1,"win_rate":0,"timestamp":1546547257,"path_taken":["M","M","$","?","?","R","?","E","T","M","M","?","M","M","R","BOSS"],"build_version":"2018-12-20","purchased_purges":1,"victory":false,"max_hp_per_floor":[66,66,66,66,66,66,66,66,66,66,66,66,66,66,66,66],"card_choices":[{"not_picked":["Blade Dance","Noxious Fumes"],"picked":"Slice","floor":1.0},{"not_picked":["Slice","Distraction","Sucker Punch"],"picked":"SKIP","floor":2.0},{"not_picked":["Slice","Distraction","Sucker Punch"],"picked":"SKIP","floor":2.0},{"not_picked":["Flying Knee","Dagger Spray"],"picked":"Backflip","floor":8.0},{"not_picked":["Dagger Throw","Dagger Spray"],"picked":"Flechettes","floor":10.0},{"not_picked":["Sucker Punch","Acrobatics"],"picked":"Dash","floor":11.0},{"not_picked":["PiercingWail","Predator"],"picked":"Phantasmal Killer","floor":13.0},{"not_picked":["Terror","Quick Slash"],"picked":"Crippling Poison","floor":14.0}],"player_experience":1143194,"relics_obtained":[{"floor":7.0,"key":"FossilizedHelix"},{"floor":8.0,"key":"Calipers"},{"floor":9.0,"key":"Shuriken"}],"event_choices":[{"damage_healed":0.0,"max_hp_gain":0.0,"max_hp_loss":0.0,"gold_gain":0.0,"cards_transformed":["Strike_G"],"event_name":"Transmorgrifier","player_choice":"Transformed","floor":4.0,"gold_loss":0.0,"damage_taken":0.0,"cards_obtained":["Slice"]},{"damage_healed":0.0,"max_hp_gain":0.0,"max_hp_loss":0.0,"gold_gain":0.0,"event_name":"FaceTrader","player_choice":"Trade","floor":12.0,"gold_loss":0.0,"damage_taken":0.0,"relics_obtained":["CultistMask"]}],"is_beta":false,"boss_relics":[],"items_purged_floors":[3],"is_endless":false,"potions_floor_spawned":[10,14],"killed_by":"Slime Boss","ascension_level":20}