{"gold_per_floor":[115,132,142,142,12,12,39,50,98,125,139,139,164,164,164,241,241,258,258,258,258,258],"floor_reached":22,"playtime":1282,"items_purged":["Pain"],"score":384,"play_id":"3ebd041f-19ca-49b8-a23a-00b6ef655251","local_time":"20181228224132","is_ascension_mode":true,"campfire_choices":[{"data":"Neutralize","floor":6,"key":"SMITH"},{"floor":12,"key":"REST"},{"floor":15,"key":"REST"}],"neow_cost":"NONE","seed_source_timestamp":681116228594521,"circlet_count":0,"master_deck":["AscendersBane","Defend_G+1","Defend_G+1","Defend_G+1","Defend_G+1","Defend_G+1","Strike_G+1","Strike_G+1","Strike_G+1","Strike_G+1","Survivor","Neutralize+1","Dagger Throw","Flying Knee","Cloak And Dagger","Deflect","Leg Sweep","Envenom","Terror","Bane","Decay"],"relics":["Ring of the Snake","WarpedTongs","Blue Candle","PreservedInsect","Strawberry","Dream Catcher","Snecko Eye"],"potions_floor_usage":[7,10,10,13,21],"damage_taken":[{"damage":1,"enemies":"Small Slimes","floor":1,"turns":4},{"damage":4,"enemies":"Cultist","floor":2,"turns":4},{"damage":6,"enemies":"Jaw Worm","floor":3,"turns":5},{"damage":26,"enemies":"Gremlin Nob","floor":7,"turns":4},{"damage":0,"enemies":"Looter","floor":8,"turns":3},{"damage":20,"enemies":"3 Sentries","floor":10,"turns":6},{"damage":6,"enemies":"2 Fungi Beasts","floor":11,"turns":4},{"damage":12,"enemies":"Lagavulin","floor":13,"turns":7},{"damage":7,"enemies":"The Guardian","floor":16,"turns":12},{"damage":40,"enemies":"Spheric Guardian","floor":18,"turns":12},{"damage":12,"enemies":"Colosseum Slavers","floor":21,"turns":5},{"damage":8,"enemies":"Shell Parasite","floor":22,"turns":3}],"seed_played":"2098558182597661786","potions_obtained":[{"floor":2,"key":"LiquidBronze"},{"floor":7,"key":"Block Potion"},{"floor":8,"key":"Poison Potion"},{"floor":11,"key":"Dexterity Potion"},{"floor":18,"key":"Energy Potion"}],"is_trial":false,"path_per_floor":["M","M","M","?","$","R","E","M","T","E","M","R","E","?","R","B",null,"M","?","?","?","M"],"character_chosen":"THE_SILENT","items_purchased":["Strength Potion"],"campfire_rested":2,"item_purchase_floors":[5],"current_hp_per_floor":[58,54,48,48,48,48,22,22,22,9,3,24,12,1,22,15,59,19,19,19,7,0],"gold":258,"neow_bonus":"REMOVE_CARD","is_prod":false,"is_daily":false,"chose_seed":false,"campfire_upgraded":1,"win_rate":0,"timestamp":1546054892,"path_taken":["M","M","M","?","?","R","E","?","T","E","M","R","E","?","R","BOSS","M","?","?","?","?"],"build_version":"2018-12-20","purchased_purges":1,"victory":false,"max_hp_per_floor":[66,66,66,66,66,66,66,66,66,73,73,73,73,73,73,73,73,73,73,73,73,73],"card_choices":[{"not_picked":["Sucker Punch","Underhanded Strike"],"picked":"Dagger Throw","floor":1},{"not_picked":["Poisoned Stab","Blade Dance"],"picked":"Flying Knee","floor":2},{"not_picked":["Eviscerate","Poisoned Stab"],"picked":"Cloak And Dagger","floor":3},{"not_picked":["Catalyst","Escape Plan"],"picked":"Deflect","floor":7},{"not_picked":["Slice","Cloak And Dagger"],"picked":"Leg Sweep","floor":8},{"not_picked":["Setup","Flechettes"],"picked":"Envenom","floor":10},{"not_picked":["Acrobatics","Flying Knee"],"picked":"Terror","floor":11},{"not_picked":["Cloak And Dagger","Outmaneuver","Flying Knee"],"picked":"SKIP","floor":13},{"not_picked":["Deadly Poison","Bouncing Flask"],"picked":"Bane","floor":15},{"not_picked":["Deflect","Masterful Stab+1","Prepared"],"picked":"SKIP","floor":18}],"player_experience":1076726,"relics_obtained":[{"floor":7,"key":"Blue Candle"},{"floor":9,"key":"PreservedInsect"},{"floor":10,"key":"Strawberry"},{"floor":13,"key":"Dream Catcher"}],"event_choices":[{"damage_healed":0,"gold_gain":0,"player_choice":"Rummage","damage_taken":0,"relics_obtained":["WarpedTongs"],"max_hp_gain":0,"max_hp_loss":0,"event_name":"Accursed Blacksmith","floor":4,"gold_loss":0,"cards_obtained":["Pain"]},{"damage_healed":0,"gold_gain":0,"player_choice":"Fled","damage_taken":11,"max_hp_gain":0,"max_hp_loss":0,"event_name":"Scrap Ooze","floor":14,"gold_loss":0},{"damage_healed":0,"gold_gain":0,"player_choice":"Smashed Altar","damage_taken":0,"max_hp_gain":0,"max_hp_loss":0,"event_name":"Forgotten Altar","floor":19,"gold_loss":0,"cards_obtained":["Decay"]},{"damage_healed":0,"gold_gain":0,"player_choice":"Simplicity","damage_taken":0,"max_hp_gain":0,"max_hp_loss":0,"event_name":"Back to Basics","floor":20,"gold_loss":0,"cards_upgraded":["Defend_G","Defend_G","Defend_G","Defend_G","Defend_G","Strike_G","Strike_G","Strike_G","Strike_G"]},{"damage_healed":0,"gold_gain":0,"player_choice":"Fight","damage_taken":0,"max_hp_gain":0,"max_hp_loss":0,"event_name":"Colosseum","floor":21,"gold_loss":0},{"damage_healed":0,"gold_gain":0,"player_choice":"Fled From Nobs","damage_taken":0,"max_hp_gain":0,"max_hp_loss":0,"event_name":"Colosseum","floor":21,"gold_loss":0}],"is_beta":false,"boss_relics":[{"not_picked":["Velvet Choker","White Beast Statue"],"picked":"Snecko Eye"}],"items_purged_floors":[5],"is_endless":false,"potions_floor_spawned":[2,7,8,11,18,21],"killed_by":"Shell Parasite","ascension_level":18}