{"gold_per_floor":[115,130,130,11,22,22,57,57,136,147,174,194,194,213,213,213],"floor_reached":16,"playtime":1403,"items_purged":["Defend_G"],"score":204,"play_id":"874fccb6-3ad4-4a2e-a4ff-55ffc67e45c7","local_time":"20181229174917","is_ascension_mode":true,"campfire_choices":[{"data":"Crippling Poison","floor":6,"key":"SMITH"},{"data":"Bane","floor":13,"key":"SMITH"},{"floor":15,"key":"REST"}],"neow_cost":"NONE","seed_source_timestamp":749863804783738,"circlet_count":0,"master_deck":["AscendersBane","Defend_G","Defend_G","Defend_G","Defend_G","Strike_G","Strike_G","Strike_G","Strike_G","Strike_G","Survivor","Neutralize+1","Dagger Spray","Dodge and Roll","Crippling Poison+1","Bane+1","Footwork","Well Laid Plans","Poisoned Stab","Quick Slash"],"relics":["Ring of the Snake","NeowsBlessing","Juzu Bracelet","Meat on the Bone","Art of War"],"potions_floor_usage":[7,10,16],"damage_taken":[{"damage":0,"enemies":"Cultist","floor":1,"turns":1},{"damage":0,"enemies":"Small Slimes","floor":2,"turns":1},{"damage":0,"enemies":"Jaw Worm","floor":5,"turns":1},{"damage":41,"enemies":"Lagavulin","floor":7,"turns":8},{"damage":2,"enemies":"2 Fungi Beasts","floor":10,"turns":3},{"damage":1,"enemies":"Blue Slaver","floor":12,"turns":4},{"damage":10,"enemies":"Exordium Wildlife","floor":14,"turns":4},{"damage":53,"enemies":"Slime Boss","floor":16,"turns":9}],"seed_played":"-9200822221073492464","potions_obtained":[{"floor":2,"key":"SteroidPotion"},{"floor":7,"key":"AttackPotion"},{"floor":12,"key":"FearPotion"}],"is_trial":false,"path_per_floor":["M","M","?","$","M","R","E","?","T","M","T","M","R","M","R","B"],"character_chosen":"THE_SILENT","items_purchased":["Crippling Poison"],"campfire_rested":1,"item_purchase_floors":[4],"current_hp_per_floor":[59,59,59,59,59,59,18,7,7,17,17,28,28,30,49,0],"gold":213,"neow_bonus":"THREE_ENEMY_KILL","is_prod":false,"is_daily":false,"chose_seed":false,"campfire_upgraded":2,"win_rate":0,"timestamp":1546123757,"path_taken":["M","?","?","?","M","R","E","?","T","M","?","M","R","M","R","BOSS"],"build_version":"2018-12-20","purchased_purges":1,"victory":false,"max_hp_per_floor":[66,66,66,66,66,66,66,66,66,66,66,66,66,66,66,66],"card_choices":[{"not_picked":["Deadly Poison","Dodge and Roll"],"picked":"Dagger Spray","floor":1},{"not_picked":["Reflex","Outmaneuver"],"picked":"Dodge and Roll","floor":2},{"not_picked":["Prepared","Acrobatics"],"picked":"Bane","floor":5},{"not_picked":["Outmaneuver","Poisoned Stab"],"picked":"Footwork","floor":7},{"not_picked":["Blade Dance","Dagger Spray"],"picked":"Well Laid Plans","floor":10},{"not_picked":["All Out Attack","Concentrate"],"picked":"Poisoned Stab","floor":12},{"not_picked":["Acrobatics","Dagger Spray"],"picked":"Quick Slash","floor":14}],"player_experience":1100246,"relics_obtained":[{"floor":7,"key":"Juzu Bracelet"},{"floor":9,"key":"Meat on the Bone"},{"floor":11,"key":"Art of War"}],"event_choices":[{"damage_healed":0,"gold_gain":0,"player_choice":"Grow","damage_taken":0,"max_hp_gain":0,"max_hp_loss":0,"event_name":"Living Wall","floor":3,"gold_loss":0,"cards_upgraded":["Neutralize"]},{"damage_healed":0,"gold_gain":0,"player_choice":"Fled","damage_taken":11,"max_hp_gain":0,"max_hp_loss":0,"event_name":"Scrap Ooze","floor":8,"gold_loss":0}],"is_beta":false,"boss_relics":[],"items_purged_floors":[4],"is_endless":false,"potions_floor_spawned":[2,7,12],"killed_by":"Slime Boss","ascension_level":20}