{"gold_per_floor":[113,132,143,218,231,231,249,282,330,330,330,32,32,52,52,153,153,170,182,201,0,18,18],"floor_reached":23,"playtime":1192,"items_purged":[],"score":273,"play_id":"ccb9ee56-7e1d-4069-beed-7c05fd48b646","local_time":"20190601200530","is_ascension_mode":true,"campfire_choices":[{"data":"Cloak And Dagger","floor":6,"key":"SMITH"},{"floor":10,"key":"REST"},{"data":"Neutralize","floor":13,"key":"SMITH"},{"floor":15,"key":"REST"}],"neow_cost":"NONE","seed_source_timestamp":5516705495465,"circlet_count":0,"master_deck":["Defend_G","Defend_G","Defend_G","Defend_G","Defend_G","Strike_G","Strike_G","Strike_G","Strike_G","Survivor","Neutralize+1","Poisoned Stab","Deflect","Leg Sweep","Cloak And Dagger+1","All Out Attack","Die Die Die","Wraith Form v2","Well Laid Plans","PiercingWail","Adrenaline","Deadly Poison+1","PiercingWail+1","Well Laid Plans+1","Quick Slash+1"],"relics":["Ring of the Snake","Potion Belt","Pen Nib","Bottled Flame","WristBlade","Membership Card"],"potions_floor_usage":[7,8,16,16],"damage_taken":[{"damage":0,"enemies":"Cultist","floor":1,"turns":3},{"damage":0,"enemies":"Jaw Worm","floor":2,"turns":4},{"damage":6,"enemies":"Small Slimes","floor":3,"turns":3},{"damage":2,"enemies":"2 Fungi Beasts","floor":5,"turns":4},{"damage":6,"enemies":"Exordium Wildlife","floor":7,"turns":6},{"damage":29,"enemies":"Lagavulin","floor":8,"turns":9},{"damage":0,"enemies":"Looter","floor":14,"turns":3},{"damage":20,"enemies":"Hexaghost","floor":16,"turns":12},{"damage":18,"enemies":"Shell Parasite","floor":18,"turns":7},{"damage":0,"enemies":"Chosen","floor":19,"turns":4},{"damage":9,"enemies":"Centurion and Healer","floor":20,"turns":8},{"damage":31,"enemies":"Chosen and Byrds","floor":22,"turns":10},{"damage":17,"enemies":"Slavers","floor":23,"turns":1}],"seed_played":"-578095496113323609","potions_obtained":[{"floor":3,"key":"Swift Potion"},{"floor":5,"key":"EssenceOfSteel"},{"floor":8,"key":"Strength Potion"},{"floor":14,"key":"SkillPotion"}],"is_trial":false,"path_per_floor":["M","M","M","?","M","R","M","E","T","R","?","$","R","M","R","B",null,"M","M","M","$","M","E"],"character_chosen":"THE_SILENT","items_purchased":["Bottled Flame","Well Laid Plans","Membership Card"],"campfire_rested":2,"item_purchase_floors":[12,12,21],"current_hp_per_floor":[70,70,64,53,51,51,45,16,16,39,39,39,39,39,62,42,68,50,50,41,41,10,0],"gold":18,"neow_bonus":"TEN_PERCENT_HP_BONUS","is_prod":false,"is_daily":false,"chose_seed":false,"campfire_upgraded":2,"win_rate":0,"timestamp":1559383530,"path_taken":["M","M","M","?","M","R","M","E","T","R","?","$","R","M","R","BOSS","M","M","M","$","M","E"],"build_version":"2019-01-23","purchased_purges":0,"victory":false,"max_hp_per_floor":[77,77,77,77,77,77,77,77,77,77,77,77,77,77,77,77,77,77,77,77,77,77,77],"card_choices":[{"not_picked":["Slice","Blade Dance"],"picked":"Poisoned Stab","floor":1},{"not_picked":["Outmaneuver","Endless Agony"],"picked":"Deflect","floor":2},{"not_picked":["Slice","Riddle With Holes"],"picked":"Leg Sweep","floor":3},{"not_picked":["Backflip","Sucker Punch"],"picked":"Cloak And Dagger","floor":5},{"not_picked":["Cloak And Dagger","Sucker Punch"],"picked":"All Out Attack","floor":7},{"not_picked":["Poisoned Stab","Flying Knee"],"picked":"Die Die Die","floor":8},{"not_picked":["Cloak And Dagger","Dodge and Roll"],"picked":"PiercingWail","floor":14},{"not_picked":["Grand Finale","Unload"],"picked":"Adrenaline","floor":16},{"not_picked":["Bane+1","Catalyst"],"picked":"Deadly Poison+1","floor":18},{"not_picked":["Dagger Throw+1","Dodge and Roll"],"picked":"PiercingWail+1","floor":19},{"not_picked":["Blade Dance","Dagger Throw"],"picked":"Well Laid Plans+1","floor":20},{"not_picked":["Poisoned Stab","Masterful Stab"],"picked":"Quick Slash+1","floor":22}],"player_experience":773247,"relics_obtained":[{"floor":8,"key":"Potion Belt"},{"floor":9,"key":"Pen Nib"}],"event_choices":[{"damage_healed":0,"gold_gain":75,"player_choice":"Gather Gold","damage_taken":11,"max_hp_gain":0,"max_hp_loss":0,"event_name":"World of Goop","floor":4,"gold_loss":0},{"damage_healed":0,"gold_gain":0,"cards_transformed":["Strike_G"],"player_choice":"Transformed","damage_taken":0,"max_hp_gain":0,"max_hp_loss":0,"event_name":"Transmorgrifier","floor":11,"gold_loss":0,"cards_obtained":["Wraith Form v2"]}],"is_beta":false,"boss_relics":[{"not_picked":["Eternal Feather","Sozu"],"picked":"WristBlade"}],"items_purged_floors":[],"is_endless":false,"potions_floor_spawned":[3,5,8,14],"killed_by":"Slavers","ascension_level":8}