{"gold_per_floor":[118,129,129,148,20,20,20,51,51,101,134,58,102,102],"floor_reached":14,"playtime":705,"items_purged":["Strike_B","Strike_B"],"score":212,"play_id":"3b052ea2-010b-4d1c-b2d7-b7e6ada372fa","local_time":"20190822102100","is_ascension_mode":true,"campfire_choices":[{"floor":6,"key":"REST"}],"neow_cost":"PERCENT_DAMAGE","seed_source_timestamp":2227999450265734,"circlet_count":0,"master_deck":["AscendersBane","Strike_B","Defend_B","Defend_B","Defend_B","Zap","Dualcast","Streamline+1","Scrape","Rebound","Beam Cell","Conserve Battery","Go for the Eyes"],"relics":["Cracked Core","Golden Idol","Shuriken","Smiling Mask","Bottled Flame","Toxic Egg 2"],"potions_floor_usage":[8,13,13],"damage_taken":[{"damage":20,"enemies":"Small Slimes","floor":1,"turns":4},{"damage":9,"enemies":"Jaw Worm","floor":2,"turns":3},{"damage":2,"enemies":"2 Louse","floor":4,"turns":3},{"damage":25,"enemies":"Lagavulin","floor":8,"turns":5},{"damage":8,"enemies":"Gremlin Nob","floor":11,"turns":3},{"damage":1,"enemies":"Lagavulin","floor":13,"turns":4},{"damage":14,"enemies":"Red Slaver","floor":14,"turns":1}],"seed_played":"-1462471514250978974","potions_obtained":[{"floor":2,"key":"Explosive Potion"},{"floor":4,"key":"FearPotion"},{"floor":11,"key":"Block Potion"}],"is_trial":false,"path_per_floor":["M","M","?","M","$","R","?","E","T","?","E","$","E","M"],"character_chosen":"DEFECT","items_purchased":["Beam Cell","Go for the Eyes"],"campfire_rested":1,"item_purchase_floors":[5,12],"current_hp_per_floor":[26,17,17,15,15,36,36,11,11,11,3,3,2,0],"gold":102,"neow_bonus":"REMOVE_TWO","is_prod":false,"is_daily":false,"chose_seed":false,"campfire_upgraded":0,"win_rate":0,"timestamp":1566483660,"path_taken":["M","M","?","M","$","R","?","E","T","?","E","$","E","M"],"build_version":"2019-07-17","purchased_purges":2,"victory":false,"max_hp_per_floor":[71,71,71,71,71,71,64,64,64,64,64,64,64,64],"card_choices":[{"not_picked":["Barrage","Force Field"],"picked":"Streamline","floor":1},{"not_picked":["White Noise","BootSequence"],"picked":"Scrape","floor":2},{"not_picked":["Leap","Storm"],"picked":"Rebound","floor":4},{"not_picked":["Streamline","Meteor Strike","Chaos"],"picked":"SKIP","floor":8},{"not_picked":["Doom and Gloom","Cold Snap"],"picked":"Conserve Battery","floor":11},{"not_picked":["Ball Lightning","Turbo","Consume"],"picked":"SKIP","floor":13}],"player_experience":1832828,"relics_obtained":[{"floor":8,"key":"Shuriken"},{"floor":9,"key":"Smiling Mask"},{"floor":11,"key":"Bottled Flame"},{"floor":13,"key":"Toxic Egg 2"}],"event_choices":[{"damage_healed":0,"gold_gain":0,"player_choice":"Grow","damage_taken":0,"max_hp_gain":0,"max_hp_loss":0,"event_name":"Living Wall","floor":3,"gold_loss":0,"cards_upgraded":["Streamline"]},{"damage_healed":0,"gold_gain":0,"player_choice":"Lose Max HP","damage_taken":0,"relics_obtained":["Golden Idol"],"max_hp_gain":0,"max_hp_loss":7,"event_name":"Golden Idol","floor":7,"gold_loss":0},{"damage_healed":0,"gold_gain":50,"player_choice":"Pray","damage_taken":0,"max_hp_gain":0,"max_hp_loss":0,"event_name":"Golden Shrine","floor":10,"gold_loss":0}],"is_beta":false,"boss_relics":[],"items_purged_floors":[5,12],"is_endless":false,"potions_floor_spawned":[2,4,11],"killed_by":"Red Slaver","ascension_level":20}