{"gold_per_floor":[361,371,381,381,393,436,448,494,530,542,568,580],"floor_reached":12,"playtime":590,"items_purged":[],"score":176,"play_id":"3a1e36b7-2184-494b-b8c9-e45ada78d8de","local_time":"20190901192615","is_ascension_mode":true,"campfire_choices":[{"floor":7,"key":"REST"}],"neow_cost":"TEN_PERCENT_HP_LOSS","seed_source_timestamp":270179632955409,"circlet_count":0,"master_deck":["AscendersBane","Strike_B","Strike_B","Strike_B","Strike_B","Defend_B","Defend_B","Defend_B","Defend_B","Zap","Dualcast","Doom and Gloom","Streamline","Static Discharge","Machine Learning","Darkness"],"relics":["Cracked Core","MawBank","DataDisk","Anchor","Blood Vial","Golden Idol"],"potions_floor_usage":[5,12],"damage_taken":[{"damage":7,"enemies":"Jaw Worm","floor":1,"turns":3},{"damage":1,"enemies":"Cultist","floor":2,"turns":3},{"damage":0,"enemies":"2 Louse","floor":3,"turns":2},{"damage":30,"enemies":"Lagavulin","floor":6,"turns":7},{"damage":32,"enemies":"Gremlin Nob","floor":8,"turns":4},{"damage":3,"enemies":"Blue Slaver","floor":11,"turns":3},{"damage":20,"enemies":"Lagavulin","floor":12,"turns":4}],"seed_played":"5772055094213828437","potions_obtained":[{"floor":3,"key":"Fruit Juice"},{"floor":8,"key":"Explosive Potion"}],"is_trial":false,"path_per_floor":["M","M","M","?","?","E","R","E","T","?","M","E"],"character_chosen":"DEFECT","items_purchased":[],"campfire_rested":1,"item_purchase_floors":[],"current_hp_per_floor":[57,56,56,30,56,26,46,14,14,14,13,0],"gold":580,"neow_bonus":"TWO_FIFTY_GOLD","is_prod":false,"is_daily":false,"chose_seed":false,"campfire_upgraded":0,"win_rate":0,"timestamp":1567380375,"path_taken":["M","M","M","?","?","E","R","E","T","?","M","E"],"build_version":"2019-07-17","purchased_purges":0,"victory":false,"max_hp_per_floor":[64,64,64,64,69,69,69,69,69,63,63,63],"card_choices":[{"not_picked":["Compile Driver","Streamline"],"picked":"Doom and Gloom","floor":1},{"not_picked":["Turbo","Steam"],"picked":"Streamline","floor":2},{"not_picked":["Steam Power","Streamline"],"picked":"Static Discharge","floor":3},{"not_picked":["Beam Cell","Rebound"],"picked":"Machine Learning","floor":6},{"not_picked":["Fusion","Tempest"],"picked":"Darkness","floor":8},{"not_picked":["Barrage","Streamline","Recycle"],"picked":"SKIP","floor":11}],"player_experience":1936371,"relics_obtained":[{"floor":6,"key":"DataDisk"},{"floor":8,"key":"Anchor"},{"floor":9,"key":"Blood Vial"}],"event_choices":[{"damage_healed":0,"gold_gain":0,"player_choice":"Success","damage_taken":26,"relics_obtained":["MawBank"],"max_hp_gain":0,"max_hp_loss":0,"event_name":"Scrap Ooze","floor":4,"gold_loss":0},{"damage_healed":21,"gold_gain":0,"player_choice":"Banana","damage_taken":0,"max_hp_gain":0,"max_hp_loss":0,"event_name":"Big Fish","floor":5,"gold_loss":0},{"damage_healed":0,"gold_gain":0,"player_choice":"Lose Max HP","damage_taken":0,"relics_obtained":["Golden Idol"],"max_hp_gain":0,"max_hp_loss":6,"event_name":"Golden Idol","floor":10,"gold_loss":0}],"is_beta":false,"boss_relics":[],"items_purged_floors":[],"is_endless":false,"potions_floor_spawned":[3,8],"killed_by":"Lagavulin","ascension_level":20}