{"gold_per_floor":[119,119,138,138,157,174,174,209,260,260,260,273,300,313,313,416,416,429,429,409,429,24,24,39,65,146,146,146,161,5,5,5,100,150,164,264,264,264,6,40,40,59,59,59,59,59,71,81,81,81],"floor_reached":51,"playtime":4212,"items_purged":[],"score":657,"play_id":"cc30c4c6-12c2-40cc-bdec-ef68a6a782ac","local_time":"20190714024032","is_ascension_mode":false,"campfire_choices":[{"data":"Dodge and Roll","floor":7,"key":"SMITH"},{"data":"Poisoned Stab","floor":10,"key":"SMITH"},{"data":"Terror","floor":15,"key":"SMITH"},{"floor":23,"key":"REST"},{"floor":27,"key":"REST"},{"floor":32,"key":"REST"},{"data":"Noxious Fumes","floor":41,"key":"SMITH"},{"data":"Noxious Fumes","floor":44,"key":"SMITH"},{"data":"Envenom","floor":49,"key":"SMITH"}],"neow_cost":"NONE","seed_source_timestamp":281789565684049,"circlet_count":0,"master_deck":["Strike_G","Strike_G","Strike_G+1","Strike_G","Defend_G+1","Defend_G","Defend_G","Defend_G","Survivor+1","Neutralize","Noxious Fumes+1","Dodge and Roll+1","Poisoned Stab+1","Cloak And Dagger","Terror+1","A Thousand Cuts","Bane","Adrenaline","Noxious Fumes+1","Bouncing Flask+1","Noxious Fumes+1","Deadly Poison","Cloak And Dagger","Terror+1","Die Die Die","Dodge and Roll","Dodge and Roll+1","Deflect+1","Backflip","Footwork+1","Bouncing Flask+1","Cloak And Dagger+1","Envenom+1"],"relics":["Eternal Feather","Sundial","Lantern","Bronze Scales","Empty Cage","TwistedFunnel","War Paint","Dodecahedron","Tiny Chest","Blood Vial","Tiny House","Incense Burner","Question Card","Lee\u0027s Waffle","Toxic Egg 2","Gremlin Horn"],"potions_floor_usage":[8,8,21,29,31,33,33,35,40,50,50],"damage_taken":[{"damage":1,"enemies":"Jaw Worm","floor":1,"turns":6},{"damage":0,"enemies":"Small Slimes","floor":3,"turns":5},{"damage":0,"enemies":"2 Louse","floor":5,"turns":3},{"damage":1,"enemies":"Exordium Wildlife","floor":6,"turns":5},{"damage":10,"enemies":"Gremlin Nob","floor":8,"turns":5},{"damage":5,"enemies":"Large Slime","floor":12,"turns":9},{"damage":16,"enemies":"3 Sentries","floor":13,"turns":9},{"damage":0,"enemies":"Looter","floor":14,"turns":4},{"damage":15,"enemies":"The Guardian","floor":16,"turns":9},{"damage":8,"enemies":"Spheric Guardian","floor":18,"turns":6},{"damage":10,"enemies":"2 Thieves","floor":20,"turns":4},{"damage":12,"enemies":"Sentry and Sphere","floor":21,"turns":5},{"damage":13,"enemies":"Centurion and Healer","floor":24,"turns":6},{"damage":55,"enemies":"Slavers","floor":25,"turns":5},{"damage":0,"enemies":"Snecko","floor":29,"turns":4},{"damage":0,"enemies":"Snake Plant","floor":31,"turns":1},{"damage":56,"enemies":"Automaton","floor":33,"turns":10},{"damage":20,"enemies":"3 Darklings","floor":35,"turns":4},{"damage":10,"enemies":"Mind Bloom Boss Battle","floor":36,"turns":6},{"damage":37,"enemies":"Reptomancer","floor":40,"turns":7},{"damage":15,"enemies":"Orb Walker","floor":42,"turns":4},{"damage":5,"enemies":"Sphere and 2 Shapes","floor":47,"turns":4},{"damage":8,"enemies":"Transient","floor":48,"turns":5},{"damage":70,"enemies":"Donu and Deca","floor":50,"turns":9}],"seed_played":"1649892726896160833","potions_obtained":[{"floor":1,"key":"GamblersBrew"},{"floor":5,"key":"Poison Potion"},{"floor":8,"key":"SmokeBomb"},{"floor":12,"key":"Ancient Potion"},{"floor":20,"key":"SpeedPotion"},{"floor":24,"key":"GamblersBrew"},{"floor":29,"key":"Energy Potion"},{"floor":33,"key":"FearPotion"},{"floor":34,"key":"AttackPotion"},{"floor":36,"key":"LiquidBronze"},{"floor":47,"key":"Poison Potion"}],"is_trial":false,"path_per_floor":["M","?","M","?","M","M","R","E","T","R","$","M","E","M","R","B",null,"M","?","M","M","$","R","M","E","T","R","?","M","$","M","R","B",null,"M","?","T","?","$","E","R","M","T","R","$","?","M","M","R","B",null],"character_chosen":"THE_SILENT","items_purchased":["TwistedFunnel","Deadly Poison","War Paint","Blood Vial","Lee\u0027s Waffle","Backflip"],"campfire_rested":3,"item_purchase_floors":[22,22,22,30,39,39],"current_hp_per_floor":[69,69,69,69,69,68,70,60,60,69,69,64,48,48,57,42,70,62,62,52,40,40,70,57,2,2,35,35,35,35,37,70,14,75,55,47,47,47,82,45,63,50,50,68,68,68,65,59,77,8],"gold":81,"neow_bonus":"BOSS_RELIC","is_prod":false,"is_daily":false,"chose_seed":false,"campfire_upgraded":6,"win_rate":0.0,"timestamp":1563068432,"path_taken":["M","?","M","?","M","M","R","E","T","R","$","M","E","M","R","BOSS","M","?","M","M","$","R","M","E","T","R","?","M","$","M","R","BOSS","M","?","?","?","$","E","R","M","T","R","$","?","M","?","R","BOSS"],"build_version":"2019-07-05","purchased_purges":0,"victory":true,"max_hp_per_floor":[70,70,70,70,70,70,70,70,70,70,70,70,70,70,70,70,70,70,70,70,70,70,70,70,70,70,70,70,70,70,70,70,70,75,75,75,75,75,82,82,82,82,82,82,82,78,78,78,78,78],"card_choices":[{"not_picked":["PiercingWail","Flying Knee"],"picked":"Noxious Fumes","floor":1},{"not_picked":["Sucker Punch","Blade Dance"],"picked":"Dodge and Roll","floor":3},{"not_picked":["Slice","Bane"],"picked":"Poisoned Stab","floor":5},{"not_picked":["Prepared","Blade Dance"],"picked":"Cloak And Dagger","floor":6},{"not_picked":["Calculated Gamble","Underhanded Strike","Heel Hook"],"picked":"SKIP","floor":8},{"not_picked":["Sucker Punch","Outmaneuver"],"picked":"Terror","floor":12},{"not_picked":["Masterful Stab","Prepared"],"picked":"A Thousand Cuts","floor":13},{"not_picked":["PiercingWail","Dodge and Roll"],"picked":"Bane","floor":14},{"not_picked":["Unload","Venomology"],"picked":"Adrenaline","floor":16},{"not_picked":["Quick Slash","Flechettes","Infinite Blades"],"picked":"SKIP","floor":18},{"not_picked":["Predator","Sucker Punch"],"picked":"Bouncing Flask+1","floor":20},{"not_picked":["Calculated Gamble","Reflex"],"picked":"Noxious Fumes+1","floor":21},{"not_picked":["Flying Knee","Reflex"],"picked":"Cloak And Dagger","floor":24},{"not_picked":["Phantasmal Killer","Calculated Gamble+1"],"picked":"Terror+1","floor":25},{"not_picked":["Heel Hook","Dagger Throw","Calculated Gamble"],"picked":"SKIP","floor":29},{"not_picked":["Storm of Steel","Doppelganger"],"picked":"Die Die Die","floor":33},{"not_picked":["Acrobatics","PiercingWail"],"picked":"Dodge and Roll","floor":34},{"not_picked":["Blade Dance","Storm of Steel"],"picked":"Dodge and Roll+1","floor":35},{"not_picked":["Backstab","Skewer+1"],"picked":"Deflect+1","floor":36},{"not_picked":["Accuracy+1","Prepared","Finisher"],"picked":"Footwork+1","floor":40},{"not_picked":["Dodge and Roll+1","Acrobatics+1","Flechettes"],"picked":"Bouncing Flask+1","floor":42},{"not_picked":["Flying Knee","Dagger Spray","Caltrops"],"picked":"Cloak And Dagger+1","floor":47},{"not_picked":["Quick Slash+1","Crippling Poison+1","Dodge and Roll+1"],"picked":"Envenom","floor":48}],"player_experience":39926,"relics_obtained":[{"floor":8,"key":"Sundial"},{"floor":9,"key":"Lantern"},{"floor":13,"key":"Bronze Scales"},{"floor":25,"key":"Dodecahedron"},{"floor":26,"key":"Tiny Chest"},{"floor":36,"key":"Incense Burner"},{"floor":37,"key":"Question Card"},{"floor":40,"key":"Toxic Egg 2"},{"floor":43,"key":"Gremlin Horn"}],"event_choices":[{"damage_healed":0,"gold_gain":0,"player_choice":"Ignored","damage_taken":0,"max_hp_gain":0,"max_hp_loss":0,"event_name":"Liars Game","floor":2,"gold_loss":0},{"damage_healed":0,"gold_gain":0,"player_choice":"Ignored","damage_taken":0,"max_hp_gain":0,"max_hp_loss":0,"event_name":"Golden Wing","floor":4,"gold_loss":0},{"damage_healed":0,"gold_gain":0,"player_choice":"Read","damage_taken":0,"max_hp_gain":0,"max_hp_loss":0,"event_name":"The Library","floor":19,"gold_loss":0,"cards_obtained":["Noxious Fumes"]},{"damage_healed":0,"gold_gain":0,"player_choice":"Ignored","damage_taken":0,"max_hp_gain":0,"max_hp_loss":0,"event_name":"Cursed Tome","floor":28,"gold_loss":0},{"damage_healed":0,"gold_gain":0,"player_choice":"Fight","damage_taken":0,"max_hp_gain":0,"max_hp_loss":0,"event_name":"MindBloom","floor":36,"gold_loss":0},{"damage_healed":0,"gold_gain":0,"player_choice":"Ignored","damage_taken":0,"max_hp_gain":0,"max_hp_loss":0,"event_name":"Mysterious Sphere","floor":38,"gold_loss":0},{"damage_healed":0,"gold_gain":0,"player_choice":"Max HP","damage_taken":0,"max_hp_gain":0,"max_hp_loss":4,"event_name":"Winding Halls","floor":46,"gold_loss":0}],"is_beta":false,"boss_relics":[{"not_picked":["Runic Dome","Snecko Eye"],"picked":"Empty Cage"},{"not_picked":["Fusion Hammer","HoveringKite"],"picked":"Tiny House"}],"items_purged_floors":[],"is_endless":false,"potions_floor_spawned":[1,5,8,12,20,24,29,31,33,36,47],"ascension_level":0}