{"gold_per_floor":[115,115,265,235,246,276,296,296,296,67,86,100,128,139,139,139],"floor_reached":16,"playtime":625,"items_purged":[],"score":299,"play_id":"dd42bdb8-f812-4638-bf8e-57e93e27019b","local_time":"20190113214645","is_ascension_mode":true,"campfire_choices":[{"data":"Neutralize","floor":8,"key":"SMITH"},{"floor":15,"key":"REST"}],"neow_cost":"NONE","seed_source_timestamp":407999439883797,"circlet_count":0,"master_deck":["AscendersBane","Defend_G","Defend_G","Defend_G","Defend_G","Defend_G","Strike_G+1","Strike_G","Strike_G","Strike_G","Strike_G","Survivor","Neutralize+1","Dagger Throw+1","Doubt","Backstab","Quick Slash","All Out Attack","Underhanded Strike"],"relics":["Ring of the Snake","NeowsBlessing","Darkstone Periapt","Strawberry","Pear","OrangePellets","Whetstone"],"potions_floor_usage":[13,13],"damage_taken":[{"damage":0,"enemies":"Jaw Worm","floor":1,"turns":1},{"damage":0,"enemies":"2 Louse","floor":5,"turns":1},{"damage":0,"enemies":"3 Sentries","floor":6,"turns":1},{"damage":0,"enemies":"Cultist","floor":7,"turns":3},{"damage":6,"enemies":"Looter","floor":11,"turns":3},{"damage":15,"enemies":"Large Slime","floor":12,"turns":8},{"damage":27,"enemies":"Lagavulin","floor":13,"turns":7},{"damage":2,"enemies":"2 Fungi Beasts","floor":14,"turns":3},{"damage":47,"enemies":"Slime Boss","floor":16,"turns":8}],"seed_played":"3455241806003009277","potions_obtained":[{"floor":4,"key":"GhostInAJar"},{"floor":4,"key":"EssenceOfSteel"},{"floor":5,"key":"GamblersBrew"}],"is_trial":false,"path_per_floor":["M","?","?","?","M","E","M","R","T","$","M","M","E","M","R","B"],"character_chosen":"THE_SILENT","items_purchased":["OrangePellets"],"campfire_rested":1,"item_purchase_floors":[10],"current_hp_per_floor":[59,48,54,54,54,61,61,61,71,71,65,50,23,21,47,0],"gold":139,"neow_bonus":"THREE_ENEMY_KILL","is_prod":false,"is_daily":false,"chose_seed":false,"campfire_upgraded":1,"win_rate":0,"timestamp":1547434005,"path_taken":["M","?","?","?","M","E","M","R","T","$","M","M","E","M","R","BOSS"],"build_version":"2019-01-10","purchased_purges":0,"victory":false,"max_hp_per_floor":[66,66,72,72,72,79,79,79,89,89,89,89,89,89,89,89],"card_choices":[{"not_picked":["Sucker Punch","Bane"],"picked":"Dagger Throw","floor":1},{"not_picked":["Crippling Poison","Dodge and Roll"],"picked":"Backstab","floor":5},{"not_picked":["Calculated Gamble","Flechettes"],"picked":"Quick Slash","floor":6},{"not_picked":["Poisoned Stab","Dagger Throw","Acrobatics"],"picked":"SKIP","floor":7},{"not_picked":["Slice","Bane","Expertise"],"picked":"SKIP","floor":11},{"not_picked":["Cloak And Dagger","Flechettes"],"picked":"All Out Attack","floor":12},{"not_picked":["Flying Knee","Setup"],"picked":"Underhanded Strike","floor":13},{"not_picked":["Eviscerate","Reflex","Distraction"],"picked":"SKIP","floor":14}],"player_experience":1179856,"relics_obtained":[{"floor":6,"key":"Strawberry"},{"floor":9,"key":"Pear"},{"floor":13,"key":"Whetstone"}],"event_choices":[{"damage_healed":0,"gold_gain":0,"player_choice":"Success","damage_taken":11,"relics_obtained":["Darkstone Periapt"],"max_hp_gain":0,"max_hp_loss":0,"event_name":"Scrap Ooze","floor":2,"gold_loss":0},{"damage_healed":0,"gold_gain":150,"player_choice":"AGREE","damage_taken":0,"max_hp_gain":0,"max_hp_loss":0,"event_name":"Liars Game","floor":3,"gold_loss":0,"cards_obtained":["Doubt"]},{"damage_healed":0,"gold_gain":0,"player_choice":"Bought 2 Potions","damage_taken":0,"max_hp_gain":0,"max_hp_loss":0,"event_name":"The Woman in Blue","floor":4,"gold_loss":0}],"is_beta":false,"boss_relics":[],"items_purged_floors":[],"is_endless":false,"potions_floor_spawned":[5,6,7,11],"killed_by":"Slime Boss","ascension_level":20}