{"path_per_floor":["M","M","M","M","M","E","M","E","T","M","R","E","M","?","R"],"character_chosen":"IRONCLAD","items_purchased":[],"gold_per_floor":[109,125,140,151,170,203,219,249,249,264,264,297,317,392,392,392],"floor_reached":16,"campfire_rested":1,"playtime":1059,"item_purchase_floors":[],"current_hp_per_floor":[80,80,80,80,80,64,56,53,53,50,74,71,68,57,57,0],"items_purged":[],"gold":392,"score":151,"play_id":"42d40173-00d1-48ee-9858-c847a5b734b1","local_time":"20180621231333","is_prod":false,"is_daily":false,"chose_seed":false,"is_ascension_mode":true,"campfire_upgraded":1,"win_rate":0,"timestamp":1529637213,"campfire_choices":[{"floor":11,"key":"REST"},{"data":"Perfected Strike","floor":15,"key":"SMITH"}],"path_taken":["M","M","M","M","M","E","M","E","T","M","R","E","M","?","R","BOSS"],"build_version":"2018-06-21","seed_source_timestamp":125837207838672,"purchased_purges":0,"circlet_count":0,"victory":false,"master_deck":["Strike_R","Strike_R","Strike_R","Strike_R","Strike_R","Defend_R","Defend_R","Defend_R","Defend_R","Bash","Perfected Strike+1","Warcry","Twin Strike","Battle Trance","Pommel Strike","Infernal Blade","Shrug It Off","Shrug It Off","Clash","Warcry","Headbutt"],"max_hp_per_floor":[80,80,80,80,80,80,80,80,80,80,80,80,80,80,80,80],"relics":["Burning Blood","Dream Catcher","Unceasing Top","Oddly Smooth Stone","Potion Belt"],"card_choices":[{"not_picked":["Clothesline","Disarm"],"picked":"Perfected Strike","floor":0},{"not_picked":["Feel No Pain","Anger"],"picked":"Warcry","floor":1},{"not_picked":["Dual Wield","Thunderclap"],"picked":"Twin Strike","floor":2},{"not_picked":["Headbutt","Iron Wave"],"picked":"Battle Trance","floor":3},{"not_picked":["Evolve","True Grit"],"picked":"Pommel Strike","floor":4},{"not_picked":["Uppercut","Flex"],"picked":"Infernal Blade","floor":5},{"not_picked":["Disarm","Fiend Fire"],"picked":"Shrug It Off","floor":6},{"not_picked":["Corruption","Power Through"],"picked":"Shrug It Off","floor":7},{"not_picked":["Shrug It Off","Dark Embrace","Entrench"],"picked":"SKIP","floor":8},{"not_picked":["Havoc","Dual Wield","Spot Weakness"],"picked":"SKIP","floor":10},{"not_picked":["Burning Pact","Metallicize"],"picked":"Clash","floor":11},{"not_picked":["Pommel Strike","Flame Barrier"],"picked":"Warcry","floor":12},{"not_picked":["Anger","Ghostly Armor"],"picked":"Headbutt","floor":13}],"player_experience":253324,"potions_floor_usage":[8,8,12,16],"damage_taken":[{"damage":2,"enemies":"Jaw Worm","floor":1,"turns":3},{"damage":1,"enemies":"2 Louse","floor":2,"turns":3},{"damage":1,"enemies":"Cultist","floor":3,"turns":3},{"damage":0,"enemies":"2 Fungi Beasts","floor":4,"turns":2},{"damage":1,"enemies":"Large Slime","floor":5,"turns":6},{"damage":22,"enemies":"3 Sentries","floor":6,"turns":7},{"damage":14,"enemies":"3 Louse","floor":7,"turns":3},{"damage":9,"enemies":"Lagavulin","floor":8,"turns":5},{"damage":9,"enemies":"2 Fungi Beasts","floor":10,"turns":4},{"damage":9,"enemies":"Gremlin Nob","floor":12,"turns":3},{"damage":9,"enemies":"Lots of Slimes","floor":13,"turns":4},{"damage":58,"enemies":"Slime Boss","floor":16,"turns":8}],"relics_obtained":[{"floor":6,"key":"Dream Catcher"},{"floor":8,"key":"Unceasing Top"},{"floor":9,"key":"Oddly Smooth Stone"},{"floor":12,"key":"Potion Belt"}],"event_choices":[{"event_name":"World of Goop","player_choice":"Gather Gold","floor":14,"damage_taken":0}],"boss_relics":[],"items_purged_floors":[],"is_endless":false,"potions_floor_spawned":[1,2,7,12],"seed_played":"6199940152510616925","killed_by":"Slime Boss","ascension_level":4,"potions_obtained":[{"floor":1,"key":"PowerPotion"},{"floor":2,"key":"SneckoOil"},{"floor":7,"key":"Fire Potion"},{"floor":12,"key":"EssenceOfSteel"}],"is_trial":false}