{"gold_per_floor":[110,124,299,299,2,2,33,33,82,82,82,109,122,134,134,134],"floor_reached":16,"playtime":411,"items_purged":[],"score":226,"play_id":"4b63be4b-46f4-4ee9-a544-26937a0a1ff0","local_time":"20190714054536","is_ascension_mode":true,"campfire_choices":[{"data":"1","floor":6,"key":"LIFT"},{"data":"Neutralize","floor":8,"key":"SMITH"},{"data":"2","floor":11,"key":"LIFT"},{"floor":15,"key":"REST"}],"neow_cost":"NONE","seed_source_timestamp":12604544229668,"circlet_count":0,"master_deck":["AscendersBane","Strike_G","Strike_G","Strike_G","Strike_G","Strike_G","Defend_G","Defend_G","Defend_G","Defend_G","Defend_G","Survivor","Neutralize+1","Sucker Punch","Cloak And Dagger","Doubt","Leg Sweep","Tactician","Pain","Backflip","Crippling Poison","Catalyst"],"relics":["Ring of the Snake","NeowsBlessing","Girya","Letter Opener","Anchor","Snake Skull","WarpedTongs","Gremlin Horn"],"potions_floor_usage":[16,16],"damage_taken":[{"damage":0,"enemies":"Jaw Worm","floor":1,"turns":1},{"damage":0,"enemies":"Small Slimes","floor":2,"turns":1},{"damage":0,"enemies":"Gremlin Nob","floor":7,"turns":1},{"damage":37,"enemies":"Lagavulin","floor":12,"turns":8},{"damage":1,"enemies":"2 Louse","floor":13,"turns":2},{"damage":6,"enemies":"Gremlin Gang","floor":14,"turns":4},{"damage":31,"enemies":"Hexaghost","floor":16,"turns":14}],"seed_played":"1715356293610431377","potions_obtained":[{"floor":2,"key":"Dexterity Potion"},{"floor":14,"key":"FearPotion"}],"is_trial":false,"path_per_floor":["M","M","?","?","$","R","E","R","T","?","R","E","M","M","R","B"],"character_chosen":"THE_SILENT","items_purchased":["Letter Opener","Leg Sweep"],"campfire_rested":1,"item_purchase_floors":[5,5],"current_hp_per_floor":[59,59,59,56,56,56,56,56,56,56,56,19,18,12,31,0],"gold":134,"neow_bonus":"THREE_ENEMY_KILL","is_prod":false,"is_daily":false,"chose_seed":false,"campfire_upgraded":1,"win_rate":0,"timestamp":1563047136,"path_taken":["M","M","?","?","$","R","E","R","T","?","R","E","?","M","R","BOSS"],"build_version":"2019-07-05","purchased_purges":0,"victory":false,"max_hp_per_floor":[66,66,66,66,66,66,66,66,66,66,66,66,66,66,66,66],"card_choices":[{"not_picked":["Accuracy","Finisher"],"picked":"Sucker Punch","floor":1},{"not_picked":["Dash","Deadly Poison"],"picked":"Cloak And Dagger","floor":2},{"not_picked":["Glass Knife","Deflect"],"picked":"Tactician","floor":7},{"not_picked":["Acrobatics","Accuracy"],"picked":"Backflip","floor":12},{"not_picked":["Flying Knee","Endless Agony"],"picked":"Crippling Poison","floor":13},{"not_picked":["Dagger Throw","PiercingWail"],"picked":"Catalyst","floor":14}],"player_experience":981891,"relics_obtained":[{"floor":7,"key":"Anchor"},{"floor":9,"key":"Snake Skull"},{"floor":12,"key":"Gremlin Horn"}],"event_choices":[{"damage_healed":0,"gold_gain":175,"player_choice":"AGREE","damage_taken":0,"max_hp_gain":0,"max_hp_loss":0,"event_name":"Liars Game","floor":3,"gold_loss":0,"cards_obtained":["Doubt"]},{"damage_healed":0,"gold_gain":0,"player_choice":"Success","damage_taken":3,"relics_obtained":["Girya"],"max_hp_gain":0,"max_hp_loss":0,"event_name":"Scrap Ooze","floor":4,"gold_loss":0},{"damage_healed":0,"gold_gain":0,"player_choice":"Rummage","damage_taken":0,"relics_obtained":["WarpedTongs"],"max_hp_gain":0,"max_hp_loss":0,"event_name":"Accursed Blacksmith","floor":10,"gold_loss":0,"cards_obtained":["Pain"]}],"is_beta":false,"boss_relics":[],"items_purged_floors":[],"is_endless":false,"potions_floor_spawned":[2,14],"killed_by":"Hexaghost","ascension_level":14}