{"gold_per_floor":[16,31,49,49,70,70,114,130,156,206,249,272,306,321,321,410,410,426,442,442],"floor_reached":20,"playtime":1249,"items_purged":[],"score":396,"play_id":"944038c4-31ff-406b-af21-01fcb4f49a21","local_time":"20190501040935","is_ascension_mode":true,"campfire_choices":[{"data":"Injury","floor":6.0,"key":"PURGE"},{"floor":15,"key":"REST"}],"neow_cost":"NO_GOLD","seed_source_timestamp":581925960361264,"circlet_count":0,"master_deck":["AscendersBane","Defend_G","Defend_G","Defend_G","Defend_G","Defend_G","Strike_G","Strike_G","Strike_G","Strike_G","Strike_G+1","Survivor","Neutralize","Flying Knee","Poisoned Stab","Predator","Deflect","Corpse Explosion","Dodge and Roll","Glass Knife+1","Burst","Deadly Poison","Storm of Steel","Concentrate","Reflex+1"],"special_seed":0,"relics":["Ring of the Snake","Peace Pipe","Golden Idol","Nunchaku","Blood Vial","Happy Flower","Whetstone","Runic Pyramid"],"potions_floor_usage":[16,18,19],"damage_taken":[{"damage":1.0,"enemies":"Cultist","floor":1.0,"turns":4.0},{"damage":0.0,"enemies":"Small Slimes","floor":2.0,"turns":4.0},{"damage":4.0,"enemies":"Jaw Worm","floor":3.0,"turns":4.0},{"damage":0.0,"enemies":"2 Fungi Beasts","floor":5.0,"turns":4.0},{"damage":26.0,"enemies":"Gremlin Nob","floor":7.0,"turns":4.0},{"damage":0.0,"enemies":"3 Louse","floor":8.0,"turns":2.0},{"damage":7.0,"enemies":"Lagavulin","floor":11.0,"turns":6.0},{"damage":4.0,"enemies":"Blue Slaver","floor":12.0,"turns":4.0},{"damage":9,"enemies":"3 Sentries","floor":13,"turns":6},{"damage":0,"enemies":"Large Slime","floor":14,"turns":4},{"damage":13,"enemies":"The Guardian","floor":16,"turns":10},{"damage":12,"enemies":"Spheric Guardian","floor":18,"turns":6},{"damage":7,"enemies":"Shell Parasite","floor":19,"turns":6},{"damage":47,"enemies":"Chosen and Byrds","floor":20,"turns":7}],"seed_played":"-3652786800633261407","potions_obtained":[{"floor":3.0,"key":"Energy Potion"},{"floor":5.0,"key":"Dexterity Potion"},{"floor":11.0,"key":"Weak Potion"},{"floor":14,"key":"FearPotion"},{"floor":16,"key":"Dexterity Potion"},{"floor":18,"key":"LiquidBronze"}],"is_trial":false,"path_per_floor":["M","M","M","?","M","R","E","M","T","?","E","M","E","M","R","B",null,"M","M","M"],"character_chosen":"THE_SILENT","items_purchased":[],"campfire_rested":1,"item_purchase_floors":[],"current_hp_per_floor":[58,58,54,54,54,54,28,28,28,28,23,21,14,16,35,24,56,46,41,0],"gold":442,"neow_bonus":"ONE_RARE_RELIC","is_prod":false,"is_daily":false,"chose_seed":false,"campfire_upgraded":0,"win_rate":0,"timestamp":1556698175,"path_taken":["M","M","M","?","M","R","E","M","T","?","E","?","E","M","R","BOSS","M","M","M"],"build_version":"2019-01-23","purchased_purges":0,"victory":false,"max_hp_per_floor":[66,66,66,66,66,66,66,66,66,66,66,66,66,66,66,66,66,66,66,66],"card_choices":[{"not_picked":["Acrobatics","Blur"],"picked":"Flying Knee","floor":1.0},{"not_picked":["Outmaneuver","Acrobatics"],"picked":"Poisoned Stab","floor":2.0},{"not_picked":["Flechettes","Terror"],"picked":"Predator","floor":3.0},{"not_picked":["Reflex","Prepared"],"picked":"Deflect","floor":5.0},{"not_picked":["Caltrops","Choke"],"picked":"Corpse Explosion","floor":7.0},{"not_picked":["Sucker Punch","Quick Slash"],"picked":"Dodge and Roll","floor":8.0},{"not_picked":["Bane","Outmaneuver"],"picked":"Glass Knife","floor":11.0},{"not_picked":["Dagger Throw","Prepared","Dagger Spray"],"picked":"SKIP","floor":12.0},{"not_picked":["Dagger Throw","Prepared","Dagger Spray"],"picked":"SKIP","floor":12.0},{"not_picked":["Catalyst","Acrobatics"],"picked":"Burst","floor":13},{"not_picked":["Blade Dance","Prepared"],"picked":"Deadly Poison","floor":14},{"not_picked":["Grand Finale","Night Terror"],"picked":"Storm of Steel","floor":16},{"not_picked":["PiercingWail","Dodge and Roll"],"picked":"Concentrate","floor":18},{"not_picked":["Flying Knee","Skewer"],"picked":"Reflex+1","floor":19}],"player_experience":1341614,"relics_obtained":[{"floor":7.0,"key":"Nunchaku"},{"floor":9.0,"key":"Blood Vial"},{"floor":11.0,"key":"Happy Flower"},{"floor":13,"key":"Whetstone"}],"event_choices":[{"damage_healed":0.0,"max_hp_gain":0.0,"max_hp_loss":0.0,"gold_gain":0.0,"event_name":"Golden Idol","player_choice":"Take Wound","floor":4.0,"gold_loss":0.0,"damage_taken":0.0,"relics_obtained":["Golden Idol"],"cards_obtained":["Injury"]},{"damage_healed":0.0,"max_hp_gain":0.0,"max_hp_loss":0.0,"gold_gain":50.0,"event_name":"Golden Shrine","player_choice":"Pray","floor":10.0,"gold_loss":0.0,"damage_taken":0.0}],"is_beta":false,"boss_relics":[{"not_picked":["Ring of the Serpent","Calling Bell"],"picked":"Runic Pyramid"}],"items_purged_floors":[],"is_endless":false,"potions_floor_spawned":[3,5,11,14,16,18],"killed_by":"Chosen and Byrds","ascension_level":20}