{"gold_per_floor":[119,119,194,159,177,177,204,222,222,222,240,240,259,2,2,76,76,93,0,0,11,28,28,28,28,28,28,28],"floor_reached":28,"playtime":681,"items_purged":[],"score":378,"play_id":"bb36fe26-9afd-440f-9b1e-e2a932a5b385","local_time":"20190723045950","is_ascension_mode":true,"campfire_choices":[{"data":"Tempest","floor":6,"key":"SMITH"},{"floor":10,"key":"REST"},{"floor":15,"key":"REST"},{"floor":23,"key":"REST"},{"floor":25,"key":"REST"},{"data":"Creative AI","floor":27,"key":"SMITH"}],"neow_cost":"NONE","seed_source_timestamp":33594660827212,"circlet_count":0,"master_deck":["AscendersBane","Zap","Dualcast","Tempest+1","Streamline","Defragment","Sweeping Beam","Doom and Gloom","Redo","Creative AI+1","Fission","Gash","Rainbow","Meteor Strike","Consume","Recycle","Cold Snap"],"relics":["Runic Dome","Dodecahedron","Lantern","Cables","Pantograph","Pandora\u0027s Box","Letter Opener"],"potions_floor_usage":[7,11,18,22,22],"damage_taken":[{"damage":2,"enemies":"Jaw Worm","floor":1,"turns":3},{"damage":7,"enemies":"2 Louse","floor":5,"turns":2},{"damage":30,"enemies":"3 Sentries","floor":7,"turns":6},{"damage":5,"enemies":"Small Slimes","floor":8,"turns":3},{"damage":22,"enemies":"Exordium Thugs","floor":11,"turns":5},{"damage":0,"enemies":"Large Slime","floor":13,"turns":3},{"damage":30,"enemies":"Slime Boss","floor":16,"turns":7},{"damage":32,"enemies":"3 Byrds","floor":18,"turns":3},{"damage":11,"enemies":"Spheric Guardian","floor":21,"turns":3},{"damage":0,"enemies":"Snake Plant","floor":22,"turns":2},{"damage":62,"enemies":"Book of Stabbing","floor":28,"turns":4}],"seed_played":"8324581481755029798","potions_obtained":[{"floor":1,"key":"GamblersBrew"},{"floor":5,"key":"SpeedPotion"},{"floor":11,"key":"LiquidBronze"},{"floor":18,"key":"AttackPotion"},{"floor":21,"key":"Energy Potion"}],"is_trial":false,"path_per_floor":["M","?","?","?","M","R","E","M","T","R","M","?","M","$","R","B",null,"M","?","?","M","M","R","$","R","T","R","E"],"character_chosen":"DEFECT","items_purchased":["Pantograph"],"campfire_rested":4,"item_purchase_floors":[14],"current_hp_per_floor":[62,51,40,57,50,50,20,15,15,36,14,14,14,14,35,30,61,29,29,29,18,18,39,39,60,60,60,0],"gold":28,"neow_bonus":"BOSS_RELIC","is_prod":false,"is_daily":false,"chose_seed":false,"campfire_upgraded":2,"win_rate":0,"timestamp":1563821990,"path_taken":["M","?","?","?","M","R","E","M","T","R","M","?","M","$","R","BOSS","M","?","?","M","?","R","?","R","T","R","E"],"build_version":"2019-07-17","purchased_purges":0,"victory":false,"max_hp_per_floor":[71,71,71,71,71,71,71,71,71,71,71,71,71,71,71,71,71,71,71,71,71,71,71,71,71,71,71,71],"card_choices":[{"not_picked":["Gash","Hologram"],"picked":"Tempest","floor":1},{"not_picked":["Ball Lightning","Lockon"],"picked":"Streamline","floor":5},{"not_picked":["Self Repair","Lockon"],"picked":"Defragment","floor":7},{"not_picked":["Hologram","Leap"],"picked":"Sweeping Beam","floor":8},{"not_picked":["Hologram","Rebound"],"picked":"Doom and Gloom","floor":11},{"not_picked":["Barrage","Sweeping Beam"],"picked":"Redo","floor":13},{"not_picked":["Biased Cognition","Machine Learning"],"picked":"Creative AI","floor":16},{"not_picked":["Sweeping Beam","Darkness","Barrage"],"picked":"SKIP","floor":18},{"not_picked":["Leap","Beam Cell"],"picked":"Cold Snap","floor":21},{"not_picked":["Rebound","Ball Lightning","Steam+1"],"picked":"SKIP","floor":22}],"player_experience":1073122,"relics_obtained":[{"floor":7,"key":"Lantern"},{"floor":9,"key":"Cables"},{"floor":26,"key":"Letter Opener"}],"event_choices":[{"damage_healed":0,"gold_gain":0,"player_choice":"Success","damage_taken":11,"relics_obtained":["Dodecahedron"],"max_hp_gain":0,"max_hp_loss":0,"event_name":"Scrap Ooze","floor":2,"gold_loss":0},{"damage_healed":0,"gold_gain":75,"player_choice":"Gather Gold","damage_taken":11,"max_hp_gain":0,"max_hp_loss":0,"event_name":"World of Goop","floor":3,"gold_loss":0},{"damage_healed":17,"gold_gain":0,"player_choice":"Healed","damage_taken":0,"max_hp_gain":0,"max_hp_loss":0,"event_name":"The Cleric","floor":4,"gold_loss":35},{"cards_removed":["Strike_B"],"damage_healed":0,"gold_gain":0,"player_choice":"Offered Basic","damage_taken":0,"max_hp_gain":0,"max_hp_loss":0,"event_name":"Bonfire Elementals","floor":12,"gold_loss":0},{"damage_healed":0,"gold_gain":0,"player_choice":"Paid Fearfully","damage_taken":0,"max_hp_gain":0,"max_hp_loss":0,"event_name":"Masked Bandits","floor":19,"gold_loss":93},{"cards_removed":["Blizzard"],"damage_healed":0,"gold_gain":0,"player_choice":"Purged","damage_taken":0,"max_hp_gain":0,"max_hp_loss":0,"event_name":"Purifier","floor":20,"gold_loss":0}],"is_beta":false,"boss_relics":[{"not_picked":["Inserter","Tiny House"],"picked":"Pandora\u0027s Box"}],"items_purged_floors":[],"is_endless":false,"potions_floor_spawned":[1,5,11,18,21],"killed_by":"Book of Stabbing","ascension_level":15}