{"gold_per_floor":[110,129,129,145,105,105,131,150,150,150,122,148,161,175,175,175],"floor_reached":16,"playtime":859,"items_purged":[],"score":249,"play_id":"d2f4cd12-dd3e-4ba1-a2f9-d4c9e4198f39","local_time":"20190506124336","is_ascension_mode":true,"campfire_choices":[{"data":"Quick Slash","floor":6.0,"key":"SMITH"},{"floor":15,"key":"REST"}],"neow_cost":"NONE","seed_source_timestamp":1045177937344548,"circlet_count":0,"master_deck":["AscendersBane","Defend_G","Defend_G","Defend_G","Defend_G","Defend_G","Strike_G","Strike_G","Strike_G","Strike_G","Strike_G","Survivor","Neutralize","Adrenaline","Quick Slash+1","PiercingWail","Flying Knee","Riddle With Holes","Adrenaline","Backflip+1","Deflect+1","Dagger Spray","Calculated Gamble+1"],"special_seed":0,"relics":["Ring of the Snake","Matryoshka","Shuriken","Strawberry","Singing Bowl","Toxic Egg 2","Mango"],"potions_floor_usage":[16],"damage_taken":[{"damage":1.0,"enemies":"Small Slimes","floor":1.0,"turns":3.0},{"damage":0.0,"enemies":"Cultist","floor":2.0,"turns":4.0},{"damage":0.0,"enemies":"2 Louse","floor":4.0,"turns":2.0},{"damage":0.0,"enemies":"Looter","floor":5.0,"turns":4.0},{"damage":37.0,"enemies":"3 Sentries","floor":7.0,"turns":11.0},{"damage":0.0,"enemies":"Exordium Wildlife","floor":8.0,"turns":2.0},{"damage":1.0,"enemies":"Lagavulin","floor":12.0,"turns":4.0},{"damage":0.0,"enemies":"Exordium Thugs","floor":13.0,"turns":5.0},{"damage":1,"enemies":"Blue Slaver","floor":14,"turns":3},{"damage":44,"enemies":"Hexaghost","floor":16,"turns":10}],"seed_played":"3779241815209092135","potions_obtained":[{"floor":4.0,"key":"GhostInAJar"},{"floor":7.0,"key":"SkillPotion"},{"floor":14,"key":"Block Potion"}],"is_trial":false,"path_per_floor":["M","M","?","M","M","R","E","M","T","?","$","E","M","M","R","B"],"character_chosen":"THE_SILENT","items_purchased":["Backflip+1"],"campfire_rested":1,"item_purchase_floors":[11],"current_hp_per_floor":[58,58,58,58,58,58,21,21,28,2,2,15,15,14,40,0],"gold":175,"neow_bonus":"ONE_RANDOM_RARE_CARD","is_prod":false,"is_daily":false,"chose_seed":false,"campfire_upgraded":1,"win_rate":0,"timestamp":1557161016,"path_taken":["M","M","?","M","?","R","E","M","T","?","$","E","M","M","R","BOSS"],"build_version":"2019-01-23","purchased_purges":0,"victory":false,"max_hp_per_floor":[66,66,66,66,66,66,66,66,73,73,73,87,87,87,87,87],"card_choices":[{"not_picked":["Deflect","Outmaneuver"],"picked":"PiercingWail","floor":1.0},{"not_picked":["Outmaneuver","Blade Dance"],"picked":"Quick Slash","floor":2.0},{"not_picked":["Backflip","Dodge and Roll"],"picked":"PiercingWail","floor":4.0},{"not_picked":["Bane","Endless Agony"],"picked":"Flying Knee","floor":5.0},{"not_picked":["Dodge and Roll","PiercingWail"],"picked":"Riddle With Holes","floor":7.0},{"not_picked":["Bane","Noxious Fumes"],"picked":"Adrenaline","floor":8.0},{"not_picked":["Caltrops","Concentrate+1"],"picked":"Deflect+1","floor":12.0},{"not_picked":["Predator","PiercingWail+1"],"picked":"Dagger Spray","floor":13.0},{"not_picked":["Outmaneuver+1","Infinite Blades"],"picked":"Calculated Gamble+1","floor":14}],"player_experience":1471615,"relics_obtained":[{"floor":7.0,"key":"Shuriken"},{"floor":9.0,"key":"Strawberry"},{"floor":9.0,"key":"Singing Bowl"},{"floor":12.0,"key":"Mango"}],"event_choices":[{"cards_removed":["PiercingWail"],"damage_healed":0.0,"max_hp_gain":0.0,"max_hp_loss":0.0,"gold_gain":0.0,"event_name":"WeMeetAgain","player_choice":"Gave Card","floor":3.0,"gold_loss":0.0,"damage_taken":0.0,"relics_obtained":["Matryoshka"]},{"damage_healed":0.0,"max_hp_gain":0.0,"max_hp_loss":0.0,"gold_gain":0.0,"event_name":"Scrap Ooze","player_choice":"Success","floor":10.0,"gold_loss":0.0,"damage_taken":26.0,"relics_obtained":["Toxic Egg 2"]}],"is_beta":false,"boss_relics":[],"items_purged_floors":[],"is_endless":false,"potions_floor_spawned":[4,7,8,14],"killed_by":"Hexaghost","ascension_level":20}