{"gold_per_floor":[112,132,142,156,169,203,203,203,229,269,269,296,27,48,48,173,173,187,212,226,226,244,278,278,294,294,330,345,345,305,317,317,414,414,429,440,458,235,245,270,17,17,17,17,35,53,53,64,64,64],"floor_reached":50,"playtime":6788,"items_purged":["Rupture+1","Strike_R"],"score":555,"play_id":"eb29e306-b5b7-45ca-807e-9581ffac0326","local_time":"20190709160637","is_ascension_mode":false,"campfire_choices":[{"floor":11,"key":"REST"},{"floor":15,"key":"REST"},{"floor":24,"key":"REST"},{"floor":32,"key":"REST"},{"floor":42,"key":"REST"},{"floor":47,"key":"REST"},{"floor":49,"key":"REST"}],"neow_cost":"","seed_source_timestamp":9823762603378,"circlet_count":0,"master_deck":["Strike_R","Defend_R+1","Defend_R+1","Defend_R","Defend_R+1","Bash","Twin Strike","Cleave","Iron Wave+1","Inflame","Cleave","Pummel","Rage","Power Through","Rampage","Offering","Shrug It Off+1","Headbutt+1","Shrug It Off","Clash","Clash+1","Shrug It Off","Feel No Pain+1","Body Slam+1","Juggernaut","Dual Wield+1","Armaments+1","Shrug It Off+1","Carnage+1","Body Slam+1"],"relics":["Burning Blood","Blood Vial","Bloody Idol","Pen Nib","War Paint","MawBank","Medical Kit","Fusion Hammer","Juzu Bracelet","Magic Flower","Boot","Astrolabe","Oddly Smooth Stone","Paper Frog","Happy Flower","Sundial"],"potions_floor_usage":[6,10,22,23,33,40,40,50,50,50],"damage_taken":[{"damage":6,"enemies":"Cultist","floor":1,"turns":4},{"damage":8,"enemies":"Jaw Worm","floor":2,"turns":3},{"damage":13,"enemies":"2 Louse","floor":3,"turns":2},{"damage":26,"enemies":"Gremlin Gang","floor":4,"turns":5},{"damage":10,"enemies":"2 Fungi Beasts","floor":5,"turns":3},{"damage":1,"enemies":"Gremlin Nob","floor":6,"turns":3},{"damage":31,"enemies":"Lagavulin","floor":10,"turns":4},{"damage":0,"enemies":"Looter","floor":14,"turns":2},{"damage":40,"enemies":"The Guardian","floor":16,"turns":12},{"damage":17,"enemies":"2 Thieves","floor":18,"turns":4},{"damage":10,"enemies":"3 Byrds","floor":19,"turns":5},{"damage":12,"enemies":"Centurion and Healer","floor":20,"turns":6},{"damage":12,"enemies":"3 Cultists","floor":22,"turns":6},{"damage":18,"enemies":"Slavers","floor":23,"turns":5},{"damage":4,"enemies":"Sentry and Sphere","floor":25,"turns":5},{"damage":6,"enemies":"Gremlin Leader","floor":27,"turns":7},{"damage":15,"enemies":"Shelled Parasite and Fungi","floor":28,"turns":5},{"damage":6,"enemies":"Chosen and Byrds","floor":31,"turns":3},{"damage":64,"enemies":"Champ","floor":33,"turns":10},{"damage":26,"enemies":"3 Darklings","floor":35,"turns":5},{"damage":6,"enemies":"Orb Walker","floor":36,"turns":2},{"damage":5,"enemies":"Spire Growth","floor":37,"turns":3},{"damage":7,"enemies":"Maw","floor":39,"turns":7},{"damage":40,"enemies":"Giant Head","floor":40,"turns":9},{"damage":6,"enemies":"Jaw Worm Horde","floor":45,"turns":1},{"damage":6,"enemies":"Transient","floor":46,"turns":5},{"damage":51,"enemies":"Spire Growth","floor":48,"turns":6},{"damage":71,"enemies":"Awakened One","floor":50,"turns":9}],"seed_played":"7406524882965446136","potions_obtained":[{"floor":1,"key":"AttackPotion"},{"floor":3,"key":"Fire Potion"},{"floor":4,"key":"Strength Potion"},{"floor":19,"key":"Ancient Potion"},{"floor":20,"key":"Poison Potion"},{"floor":25,"key":"SmokeBomb"},{"floor":33,"key":"FearPotion"},{"floor":35,"key":"Block Potion"},{"floor":37,"key":"SpeedPotion"},{"floor":40,"key":"FearPotion"},{"floor":46,"key":"Block Potion"}],"is_trial":false,"path_per_floor":["M","M","M","M","M","E","?","?","T","E","R","T","$","M","R","B",null,"M","M","M","?","M","E","R","M","T","E","M","?","?","M","R","B",null,"M","M","M","$","M","E","$","R","T","?","M","M","R","M","R","B"],"character_chosen":"IRONCLAD","items_purchased":["Medical Kit","Power Through","Oddly Smooth Stone","Happy Flower"],"campfire_rested":7,"item_purchase_floors":[13,13,38,41],"current_hp_per_floor":[80,78,71,51,47,52,52,37,37,14,36,36,36,44,66,34,74,63,61,57,57,53,43,65,69,69,74,68,68,68,74,74,24,74,62,73,74,74,74,48,48,70,70,70,74,74,74,37,59,0],"gold":64,"neow_bonus":"","is_prod":false,"is_daily":false,"chose_seed":false,"campfire_upgraded":0,"win_rate":0.0,"timestamp":1562684797,"path_taken":["M","?","?","M","M","E","?","?","T","E","R","?","$","M","R","BOSS","M","?","?","?","M","E","R","M","T","E","M","?","?","M","R","BOSS","M","M","M","$","M","E","?","R","T","?","M","M","R","M","R","BOSS"],"build_version":"2019-07-05","purchased_purges":2,"victory":false,"max_hp_per_floor":[80,80,80,80,80,80,74,74,74,74,74,74,74,74,74,74,74,74,74,74,74,74,74,74,74,74,74,74,74,74,74,74,74,74,74,74,74,74,74,74,74,74,74,74,74,74,74,74,74,74],"card_choices":[{"not_picked":["True Grit","Pummel"],"picked":"Twin Strike","floor":1},{"not_picked":["Blood for Blood","Twin Strike"],"picked":"Cleave","floor":2},{"not_picked":["True Grit","Cleave"],"picked":"Iron Wave","floor":3},{"not_picked":["Pommel Strike","Warcry"],"picked":"Inflame","floor":4},{"not_picked":["Body Slam","Clothesline"],"picked":"Cleave","floor":5},{"not_picked":["Entrench","Second Wind"],"picked":"Pummel","floor":6},{"not_picked":["Sword Boomerang","Battle Trance"],"picked":"Rage","floor":10},{"not_picked":["Warcry","Dark Embrace"],"picked":"Rampage","floor":14},{"not_picked":["Brutality","Berserk"],"picked":"Offering","floor":16},{"not_picked":["Iron Wave","Feel No Pain+1"],"picked":"Shrug It Off+1","floor":18},{"not_picked":["True Grit+1","Whirlwind"],"picked":"Headbutt+1","floor":19},{"not_picked":["Battle Trance","Barricade"],"picked":"Shrug It Off","floor":20},{"not_picked":["Shockwave","Flame Barrier"],"picked":"Clash+1","floor":22},{"not_picked":["Rampage","Body Slam"],"picked":"Shrug It Off","floor":23},{"not_picked":["Second Wind","Burning Pact","Hemokinesis"],"picked":"SKIP","floor":25},{"not_picked":["Thunderclap","Fiend Fire"],"picked":"Feel No Pain+1","floor":27},{"not_picked":["Flex","Warcry"],"picked":"Body Slam","floor":28},{"not_picked":["Second Wind","Anger+1","Infernal Blade"],"picked":"SKIP","floor":31},{"not_picked":["Brutality","Offering"],"picked":"Juggernaut","floor":33},{"not_picked":["Shrug It Off","Rupture","Disarm+1"],"picked":"SKIP","floor":35},{"not_picked":["Headbutt","Flex+1"],"picked":"Shrug It Off+1","floor":36},{"not_picked":["True Grit+1","Cleave"],"picked":"Carnage+1","floor":37},{"not_picked":["Thunderclap","Warcry+1","Sever Soul+1"],"picked":"SKIP","floor":39},{"not_picked":["Thunderclap","Hemokinesis+1","Armaments"],"picked":"SKIP","floor":40},{"not_picked":["Dual Wield","Perfected Strike"],"picked":"Body Slam+1","floor":45},{"not_picked":["Reaper","Hemokinesis+1","Sword Boomerang"],"picked":"SKIP","floor":46},{"not_picked":["Pommel Strike","Headbutt","True Grit"],"picked":"SKIP","floor":48}],"player_experience":0,"relics_obtained":[{"floor":6,"key":"Blood Vial"},{"floor":9,"key":"Pen Nib"},{"floor":10,"key":"War Paint"},{"floor":12,"key":"MawBank"},{"floor":23,"key":"Juzu Bracelet"},{"floor":26,"key":"Magic Flower"},{"floor":27,"key":"Boot"},{"floor":40,"key":"Paper Frog"},{"floor":43,"key":"Sundial"}],"event_choices":[{"damage_healed":0,"gold_gain":0,"player_choice":"Lose Max HP","damage_taken":0,"relics_obtained":["Golden Idol"],"max_hp_gain":0,"max_hp_loss":6,"event_name":"Golden Idol","floor":7,"gold_loss":0},{"damage_healed":0,"gold_gain":0,"player_choice":"Entered Light","damage_taken":15,"max_hp_gain":0,"max_hp_loss":0,"event_name":"Shining Light","floor":8,"gold_loss":0,"cards_upgraded":["Defend_R","Iron Wave"]},{"damage_healed":0,"gold_gain":0,"player_choice":"Read","damage_taken":0,"max_hp_gain":0,"max_hp_loss":0,"event_name":"The Library","floor":21,"gold_loss":0,"cards_obtained":["Clash"]},{"damage_healed":0,"gold_gain":0,"player_choice":"Gave Idol","damage_taken":0,"relics_obtained":["Bloody Idol"],"max_hp_gain":0,"max_hp_loss":0,"event_name":"Forgotten Altar","floor":29,"relics_lost":["Golden Idol"],"gold_loss":0},{"damage_healed":0,"gold_gain":0,"player_choice":"Upgrade","damage_taken":0,"max_hp_gain":0,"max_hp_loss":0,"event_name":"Designer","floor":30,"gold_loss":40,"cards_upgraded":["Body Slam"]},{"damage_healed":0,"gold_gain":0,"player_choice":"Ignored","damage_taken":0,"max_hp_gain":0,"max_hp_loss":0,"event_name":"Mysterious Sphere","floor":44,"gold_loss":0}],"is_beta":false,"boss_relics":[{"not_picked":["Orrery","Cursed Key"],"picked":"Fusion Hammer"},{"not_picked":["Tiny House","Black Star"],"picked":"Astrolabe"}],"items_purged_floors":[38,41],"is_endless":false,"potions_floor_spawned":[1,3,4,5,19,20,25,33,35,37,40,46],"killed_by":"Awakened One","ascension_level":0}