{"gold_per_floor":[365,376,391,33,52,52,84,84,110,123,42,42,71,90,90,167,167,147,176,176,194,210,210,210,235,317,317,328,15,15,31,31,105,105,115,115,115,128,153,153,153],"floor_reached":41,"playtime":3703,"items_purged":["Strike_G","Strike_G"],"score":842,"play_id":"f1247e6f-9264-4ef5-8b5e-b5ce21976975","local_time":"20190107165336","is_ascension_mode":true,"campfire_choices":[{"data":"Neutralize","floor":6.0,"key":"SMITH"},{"data":"Dash","floor":8.0,"key":"SMITH"},{"data":"Backstab","floor":12.0,"key":"SMITH"},{"data":"Reinforced Body","floor":15.0,"key":"SMITH"},{"data":"Adrenaline","floor":23.0,"key":"SMITH"},{"data":"Cloak And Dagger","floor":27.0,"key":"SMITH"},{"floor":30.0,"key":"REST"},{"floor":32.0,"key":"REST"},{"data":"Iron Wave","floor":40.0,"key":"SMITH"}],"neow_cost":"TEN_PERCENT_HP_LOSS","seed_source_timestamp":1089734922341851,"circlet_count":0,"master_deck":["AscendersBane","Defend_G","Defend_G","Defend_G","Defend_G","Defend_G","Strike_G","Strike_G","Survivor","Neutralize+1","Backstab+1","Dash+1","Iron Wave+1","Ghostly Armor","Cloak And Dagger+1","Backstab","Adrenaline+1","Reinforced Body+1","Creative AI","Wild Strike+1","PiercingWail+1","Headbutt","Feel No Pain+1","Clumsy","Intimidate","Shrug It Off+1","Regret"],"special_seed":0,"relics":["Ring of the Snake","PrismaticShard","Blood Vial","Strawberry","Oddly Smooth Stone","Cursed Key","Red Mask","Enchiridion","Calipers","Ornamental Fan","Chemical X","Snecko Eye","Vajra"],"potions_floor_usage":[41,41],"damage_taken":[{"damage":3.0,"enemies":"2 Louse","floor":1.0,"turns":3.0},{"damage":1.0,"enemies":"Cultist","floor":2.0,"turns":3.0},{"damage":2.0,"enemies":"Jaw Worm","floor":3.0,"turns":2.0},{"damage":4.0,"enemies":"Looter","floor":5.0,"turns":3.0},{"damage":19.0,"enemies":"Gremlin Nob","floor":7.0,"turns":4.0},{"damage":0.0,"enemies":"3 Louse","floor":10.0,"turns":4.0},{"damage":11.0,"enemies":"Lagavulin","floor":13.0,"turns":6.0},{"damage":0.0,"enemies":"Blue Slaver","floor":14.0,"turns":2.0},{"damage":9.0,"enemies":"The Guardian","floor":16.0,"turns":18.0},{"damage":0.0,"enemies":"2 Thieves","floor":18.0,"turns":4.0},{"damage":23.0,"enemies":"Masked Bandits","floor":19.0,"turns":6.0},{"damage":1.0,"enemies":"Shell Parasite","floor":21.0,"turns":7.0},{"damage":5.0,"enemies":"Snake Plant","floor":22.0,"turns":5.0},{"damage":11.0,"enemies":"Book of Stabbing","floor":25.0,"turns":9.0},{"damage":18.0,"enemies":"Chosen and Byrds","floor":28.0,"turns":9.0},{"damage":0.0,"enemies":"Snecko","floor":31.0,"turns":6.0},{"damage":11.0,"enemies":"Champ","floor":33.0,"turns":19.0},{"damage":21.0,"enemies":"3 Darklings","floor":35.0,"turns":10.0},{"damage":0.0,"enemies":"Orb Walker","floor":38.0,"turns":5.0},{"damage":89,"enemies":"Giant Head","floor":41,"turns":11}],"seed_played":"5777101205476296164","potions_obtained":[{"floor":1.0,"key":"Poison Potion"},{"floor":10.0,"key":"Explosive Potion"},{"floor":13.0,"key":"Swift Potion"},{"floor":14.0,"key":"Ancient Potion"},{"floor":16.0,"key":"GhostInAJar"},{"floor":28.0,"key":"Weak Potion"},{"floor":33.0,"key":"Weak Potion"},{"floor":35.0,"key":"Strength Potion"}],"is_trial":false,"path_per_floor":["M","M","M","$","M","R","E","R","T","M","$","R","E","M","R","B",null,"M","?","?","M","M","R","?","E","T","R","M","$","R","M","R","B",null,"M","?","?","M","T","R","E"],"character_chosen":"THE_SILENT","items_purchased":["PrismaticShard","Fire Potion","Backstab","Chemical X"],"campfire_rested":2,"item_purchase_floors":[4,4,11,29],"current_hp_per_floor":[56,55,53,53,49,49,30,30,37,39,39,39,30,32,32,25,57,59,38,67,66,62,62,41,32,32,32,16,16,36,38,58,49,63,44,44,44,46,46,46,0],"gold":153,"neow_bonus":"TWO_FIFTY_GOLD","is_prod":false,"is_daily":false,"chose_seed":false,"campfire_upgraded":7,"win_rate":0,"timestamp":1546898016,"path_taken":["M","M","M","$","M","R","E","R","T","M","$","R","E","M","R","BOSS","M","?","?","?","M","R","?","E","T","R","M","$","R","M","R","BOSS","M","?","?","M","?","R","E"],"build_version":"2019-01-03v4","purchased_purges":2,"victory":false,"max_hp_per_floor":[60,60,60,60,60,60,60,60,67,67,67,67,67,67,67,67,67,67,67,67,67,67,67,67,67,67,67,67,67,67,67,67,67,67,67,67,64,64,64,64,64],"card_choices":[{"not_picked":["Deadly Poison","Poisoned Stab"],"picked":"Backstab","floor":1.0},{"not_picked":["Backflip","Underhanded Strike"],"picked":"Dash","floor":2.0},{"not_picked":["Underhanded Strike","Acrobatics"],"picked":"Caltrops","floor":3.0},{"not_picked":["Bane","Endless Agony"],"picked":"Iron Wave","floor":5.0},{"not_picked":["Blind","Searing Blow"],"picked":"Ghostly Armor","floor":7.0},{"not_picked":["Swift Strike","Warcry"],"picked":"Cloak And Dagger","floor":10.0},{"not_picked":["Reckless Charge","Dash"],"picked":"Adrenaline","floor":13.0},{"not_picked":["Twin Strike","Redo"],"picked":"Reinforced Body","floor":14.0},{"not_picked":["Tools of the Trade","Envenom"],"picked":"Creative AI","floor":16.0},{"not_picked":["True Grit","Flex"],"picked":"Wild Strike+1","floor":18.0},{"not_picked":["Beam Cell","Carnage"],"picked":"PiercingWail+1","floor":19.0},{"not_picked":["Expertise","Capacitor","Cleave"],"picked":"SKIP","floor":21.0},{"not_picked":["Cold Snap","Uppercut"],"picked":"Headbutt","floor":22.0},{"not_picked":["Conserve Battery","Venomology"],"picked":"Feel No Pain+1","floor":25.0},{"not_picked":["Pommel Strike","Reckless Charge","Dagger Throw"],"picked":"SKIP","floor":28.0},{"not_picked":["Steam","Clothesline"],"picked":"Intimidate","floor":31.0},{"not_picked":["Dagger Throw","Turbo","Pommel Strike"],"picked":"SKIP","floor":35.0},{"not_picked":["Well Laid Plans","Backflip"],"picked":"Shrug It Off+1","floor":38.0}],"player_experience":1172820,"relics_obtained":[{"floor":7.0,"key":"Blood Vial"},{"floor":9.0,"key":"Strawberry"},{"floor":13.0,"key":"Oddly Smooth Stone"},{"floor":19.0,"key":"Red Mask"},{"floor":24.0,"key":"Enchiridion"},{"floor":25.0,"key":"Calipers"},{"floor":26.0,"key":"Ornamental Fan"},{"floor":39.0,"key":"Vajra"}],"event_choices":[{"damage_healed":0.0,"max_hp_gain":0.0,"max_hp_loss":0.0,"gold_gain":0.0,"event_name":"Masked Bandits","player_choice":"Fought Bandits","floor":19.0,"gold_loss":0.0,"damage_taken":0.0},{"cards_removed":["Caltrops"],"damage_healed":29.0,"max_hp_gain":0.0,"max_hp_loss":0.0,"gold_gain":0.0,"event_name":"Bonfire Elementals","player_choice":"Offered Uncommon","floor":20.0,"gold_loss":0.0,"damage_taken":0.0},{"damage_healed":0.0,"max_hp_gain":0.0,"max_hp_loss":0.0,"gold_gain":0.0,"event_name":"Cursed Tome","player_choice":"Obtained Book","floor":24.0,"gold_loss":0.0,"damage_taken":21.0},{"cards_removed":["Strike_G"],"damage_healed":0.0,"max_hp_gain":0.0,"max_hp_loss":0.0,"gold_gain":0.0,"event_name":"Falling","player_choice":"Removed Attack","floor":36.0,"gold_loss":0.0,"damage_taken":0.0},{"damage_healed":0.0,"max_hp_gain":0.0,"max_hp_loss":3.0,"gold_gain":0.0,"event_name":"Winding Halls","player_choice":"Max HP","floor":37.0,"gold_loss":0.0,"damage_taken":0.0}],"is_beta":false,"boss_relics":[{"not_picked":["Pandora\u0027s Box","Velvet Choker"],"picked":"Cursed Key"},{"not_picked":["Astrolabe","Black Star"],"picked":"Snecko Eye"}],"items_purged_floors":[4,29],"is_endless":false,"potions_floor_spawned":[1,10,13,14,16,21,22,28,33,35,38],"killed_by":"Giant Head","ascension_level":20}