{"gold_per_floor":[111,121,135,151,53,82,82,97,168,168,168,187,187,198,198,298,298,316,333,343,83,96,96,196,231,254,279,308,331,343,355],"floor_reached":31,"playtime":1517,"items_purged":["Strike_B","Defend_B"],"score":433,"play_id":"b1bda704-a91f-4790-83db-4ec64a445a60","local_time":"20181109041158","is_ascension_mode":true,"campfire_choices":[{"floor":7,"key":"REST"},{"data":"Beam Cell","floor":13,"key":"SMITH"},{"floor":15,"key":"REST"},{"data":"Hyperbeam","floor":23,"key":"SMITH"},{"floor":30,"key":"REST"}],"neow_cost":"TEN_PERCENT_HP_LOSS","seed_source_timestamp":52605292422019,"circlet_count":0,"master_deck":["AscendersBane","Defend_B","Defend_B","Defend_B","Zap","Dualcast","Scrape","Steam Power","Gash","Turbo","Beam Cell+1","Seek","Gash","Steam","Go for the Eyes","Reboot","Coolheaded","Hyperbeam+1","Leap","Glacier","Defragment","Gash","Undo","Skim+1","Beam Cell+1","Sweeping Beam+1","Meteor Strike","Rebound+1","Turbo+1","Gash+1","Go for the Eyes+1"],"relics":["Cracked Core","Matryoshka","Bronze Scales","Letter Opener","Blood Vial","Orrery","Dream Catcher","Art of War","MawBank"],"potions_floor_usage":[6,16,25,27,28],"damage_taken":[{"damage":1,"enemies":"Cultist","floor":1,"turns":3},{"damage":1,"enemies":"2 Louse","floor":2,"turns":2},{"damage":7,"enemies":"Jaw Worm","floor":3,"turns":2},{"damage":18,"enemies":"Exordium Thugs","floor":4,"turns":5},{"damage":30,"enemies":"Gremlin Nob","floor":6,"turns":4},{"damage":1,"enemies":"Looter","floor":8,"turns":3},{"damage":0,"enemies":"2 Fungi Beasts","floor":12,"turns":2},{"damage":0,"enemies":"Gremlin Gang","floor":14,"turns":2},{"damage":36,"enemies":"Slime Boss","floor":16,"turns":10},{"damage":8,"enemies":"Chosen","floor":18,"turns":5},{"damage":6,"enemies":"Spheric Guardian","floor":19,"turns":3},{"damage":6,"enemies":"Centurion and Healer","floor":20,"turns":6},{"damage":11,"enemies":"3 Cultists","floor":22,"turns":4},{"damage":11,"enemies":"Slavers","floor":25,"turns":3},{"damage":13,"enemies":"Snecko","floor":27,"turns":4},{"damage":13,"enemies":"Snake Plant","floor":28,"turns":4},{"damage":6,"enemies":"Centurion and Healer","floor":29,"turns":2},{"damage":39,"enemies":"Gremlin Leader","floor":31,"turns":3}],"seed_played":"-5286145357896574631","potions_obtained":[{"floor":3,"key":"SteroidPotion"},{"floor":8,"key":"FairyPotion"},{"floor":14,"key":"LiquidBronze"},{"floor":18,"key":"PowerPotion"},{"floor":25,"key":"Weak Potion"},{"floor":27,"key":"Weak Potion"}],"is_trial":false,"path_per_floor":["M","M","M","M","$","E","R","M","T","?","?","M","R","M","R","B",null,"M","M","M","$","M","R","?","E","T","M","M","M","R","E"],"character_chosen":"DEFECT","items_purchased":["Gash","Meteor Strike"],"campfire_rested":3,"item_purchase_floors":[5,21],"current_hp_per_floor":[67,66,59,41,41,11,31,30,30,23,23,25,25,27,47,13,54,48,44,40,40,31,31,31,22,22,11,6,2,22,0],"gold":355,"neow_bonus":"TRANSFORM_TWO_CARDS","is_prod":false,"is_daily":false,"chose_seed":false,"campfire_upgraded":2,"win_rate":0,"timestamp":1541754718,"path_taken":["M","M","M","M","$","E","R","M","T","?","?","M","R","M","R","BOSS","M","?","M","$","M","R","?","E","T","M","?","M","R","E"],"build_version":"2018-11-08","purchased_purges":2,"victory":false,"max_hp_per_floor":[68,68,68,68,68,68,68,68,68,68,68,68,68,68,68,68,68,68,68,68,68,68,68,68,68,68,68,68,68,68,68],"card_choices":[{"not_picked":["Scrape","Beam Cell"],"picked":"Gash","floor":1},{"not_picked":["Streamline","Lockon"],"picked":"Turbo","floor":2},{"not_picked":["Sweeping Beam","Redo"],"picked":"Beam Cell","floor":3},{"not_picked":["Go for the Eyes","Rebound"],"picked":"Seek","floor":4},{"not_picked":["Leap","Tempest"],"picked":"Steam","floor":6},{"not_picked":["Beam Cell","Self Repair"],"picked":"Go for the Eyes","floor":8},{"not_picked":["Aggregate","Coolheaded"],"picked":"Reboot","floor":12},{"not_picked":["Lockon","Barrage"],"picked":"Coolheaded","floor":14},{"not_picked":["Thunder Strike","Meteor Strike"],"picked":"Hyperbeam","floor":16},{"not_picked":["Ball Lightning","Barrage"],"picked":"Leap","floor":17},{"not_picked":["Streamline","Force Field"],"picked":"Glacier","floor":17},{"not_picked":["Leap","Lockon"],"picked":"Defragment","floor":17},{"not_picked":["Glacier","Fission"],"picked":"Gash","floor":17},{"not_picked":["Sweeping Beam","Double Energy"],"picked":"Undo","floor":17},{"not_picked":["Loop","Hologram"],"picked":"Skim+1","floor":18},{"not_picked":["Stack","Ball Lightning"],"picked":"Beam Cell+1","floor":19},{"not_picked":["Skim+1","White Noise"],"picked":"Sweeping Beam+1","floor":20},{"not_picked":["Compile Driver","Streamline+1","Hologram"],"picked":"SKIP","floor":22},{"not_picked":["Turbo","Hologram"],"picked":"Rebound+1","floor":25},{"not_picked":["Go for the Eyes","Seek"],"picked":"Turbo+1","floor":27},{"not_picked":["Ball Lightning","Coolheaded"],"picked":"Gash+1","floor":28},{"not_picked":["Doom and Gloom","Turbo"],"picked":"Go for the Eyes+1","floor":29}],"player_experience":649506,"relics_obtained":[{"floor":6,"key":"Matryoshka"},{"floor":9,"key":"Bronze Scales"},{"floor":9,"key":"Letter Opener"},{"floor":11,"key":"Blood Vial"},{"floor":25,"key":"Dream Catcher"},{"floor":26,"key":"Art of War"},{"floor":26,"key":"MawBank"}],"event_choices":[{"cards_removed":["Strike_B"],"damage_healed":0,"gold_gain":0,"player_choice":"Card Removal","damage_taken":7,"max_hp_gain":0,"max_hp_loss":0,"event_name":"Golden Wing","floor":10,"gold_loss":0},{"damage_healed":0,"gold_gain":0,"player_choice":"Relic","damage_taken":0,"max_hp_gain":0,"max_hp_loss":0,"event_name":"Wheel of Change","floor":11,"gold_loss":0},{"damage_healed":0,"gold_gain":100,"player_choice":"Pray","damage_taken":0,"max_hp_gain":0,"max_hp_loss":0,"event_name":"Golden Shrine","floor":24,"gold_loss":0}],"is_beta":false,"boss_relics":[{"not_picked":["Runic Dome","Velvet Choker"],"picked":"Orrery"}],"items_purged_floors":[5,21],"is_endless":false,"potions_floor_spawned":[3,8,14,18,20,22,25,27],"killed_by":"Gremlin Leader","ascension_level":11}