{"gold_per_floor":[115,115,135,160,175,175,210,223,277,329,341,372,384,415,427,529,541,567,579,612,624],"floor_reached":21,"playtime":1135,"items_purged":[],"score":386,"play_id":"8ce0313f-b00d-4f75-8cc6-52282c1e5a61","local_time":"20190811002507","is_ascension_mode":true,"campfire_choices":[{"data":"Lockon","floor":6.0,"key":"SMITH"},{"floor":13.0,"key":"REST"},{"data":"Defragment","floor":15.0,"key":"SMITH"}],"neow_cost":"NONE","seed_source_timestamp":1241228775283132,"circlet_count":0,"master_deck":["AscendersBane","Strike_B","Strike_B","Strike_B","Strike_B","Defend_B","Defend_B","Defend_B","Defend_B","Zap","Dualcast","Reboot","Lockon+1","Loop","Cold Snap","Defragment+1","Ball Lightning","Coolheaded","Beam Cell","Stack","Rainbow","Redo","RitualDagger"],"special_seed":0,"relics":["Cracked Core","Golden Idol","Torii","MawBank","The Courier","PreservedInsect","Nuclear Battery"],"potions_floor_usage":[18],"damage_taken":[{"damage":10.0,"enemies":"Small Slimes","floor":1.0,"turns":4.0},{"damage":0.0,"enemies":"2 Louse","floor":3.0,"turns":1.0},{"damage":0.0,"enemies":"Cultist","floor":4.0,"turns":3.0},{"damage":7.0,"enemies":"Looter","floor":5.0,"turns":3.0},{"damage":13.0,"enemies":"Gremlin Nob","floor":7.0,"turns":4.0},{"damage":8.0,"enemies":"Lots of Slimes","floor":8.0,"turns":4.0},{"damage":14.0,"enemies":"3 Sentries","floor":10.0,"turns":5.0},{"damage":0.0,"enemies":"2 Fungi Beasts","floor":12.0,"turns":4.0},{"damage":7.0,"enemies":"Blue Slaver","floor":14.0,"turns":2.0},{"damage":2.0,"enemies":"Hexaghost","floor":16.0,"turns":9.0},{"damage":15,"enemies":"Shell Parasite","floor":18,"turns":4},{"damage":6,"enemies":"Chosen","floor":20,"turns":6},{"damage":30,"enemies":"3 Cultists","floor":21,"turns":3}],"seed_played":"-9066733667109955456","potions_obtained":[{"floor":1.0,"key":"Ancient Potion"},{"floor":5.0,"key":"Strength Potion"},{"floor":7.0,"key":"Strength Potion"},{"floor":8.0,"key":"GamblersBrew"},{"floor":16.0,"key":"AttackPotion"},{"floor":20,"key":"FearPotion"}],"is_trial":false,"path_per_floor":["M","?","M","M","M","R","E","M","T","E","?","M","R","M","R","B",null,"M","?","M","M"],"character_chosen":"DEFECT","items_purchased":[],"campfire_rested":1,"item_purchase_floors":[],"current_hp_per_floor":[54,54,54,54,47,47,34,26,26,12,12,12,31,24,24,22,54,39,33,27,0],"gold":624,"neow_bonus":"ONE_RANDOM_RARE_CARD","is_prod":false,"is_daily":false,"chose_seed":false,"campfire_upgraded":2,"win_rate":0,"timestamp":1565497507,"path_taken":["M","?","M","M","M","R","E","M","T","E","?","M","R","?","R","BOSS","M","?","M","M"],"build_version":"2019-07-17","purchased_purges":0,"victory":false,"max_hp_per_floor":[71,64,64,64,64,64,64,64,64,64,64,64,64,64,64,64,64,64,64,64,64],"card_choices":[{"not_picked":["Scrape","Beam Cell"],"picked":"Lockon","floor":1.0},{"not_picked":["Turbo","FTL"],"picked":"Loop","floor":3.0},{"not_picked":["Compile Driver","Stack"],"picked":"Cold Snap","floor":4.0},{"not_picked":["Reinforced Body","Rebound"],"picked":"Defragment","floor":5.0},{"not_picked":["Hologram","White Noise"],"picked":"Ball Lightning","floor":7.0},{"not_picked":["Gash","Rebound"],"picked":"Coolheaded","floor":8.0},{"not_picked":["Hologram","Biased Cognition"],"picked":"Beam Cell","floor":10.0},{"not_picked":["Rebound","Capacitor","Hologram"],"picked":"SKIP","floor":12.0},{"not_picked":["White Noise","Gash"],"picked":"Stack","floor":14.0},{"not_picked":["Seek","Meteor Strike"],"picked":"Rainbow","floor":16.0},{"not_picked":["Coolheaded","Stack"],"picked":"Redo","floor":18},{"not_picked":["Fusion","Sweeping Beam","Tempest+1"],"picked":"SKIP","floor":20}],"player_experience":1786660,"relics_obtained":[{"floor":7.0,"key":"Torii"},{"floor":9.0,"key":"MawBank"},{"floor":10.0,"key":"The Courier"},{"floor":11.0,"key":"PreservedInsect"}],"event_choices":[{"damage_healed":0.0,"max_hp_gain":0.0,"max_hp_loss":7.0,"gold_gain":0.0,"event_name":"Golden Idol","player_choice":"Lose Max HP","floor":2.0,"gold_loss":0.0,"damage_taken":0.0,"relics_obtained":["Golden Idol"]},{"damage_healed":0.0,"max_hp_gain":0.0,"max_hp_loss":0.0,"gold_gain":0.0,"event_name":"Wheel of Change","player_choice":"Relic","floor":11.0,"gold_loss":0.0,"damage_taken":0.0},{"damage_healed":0,"gold_gain":0,"player_choice":"Joined the Cult","damage_taken":6,"max_hp_gain":0,"max_hp_loss":0,"event_name":"Nest","floor":19,"gold_loss":0,"cards_obtained":["RitualDagger"]}],"is_beta":false,"boss_relics":[{"not_picked":["Ectoplasm","Astrolabe"],"picked":"Nuclear Battery"}],"items_purged_floors":[],"is_endless":false,"potions_floor_spawned":[1,5,7,8,16,20],"killed_by":"3 Cultists","ascension_level":20}