{"gold_per_floor":[114,114,124,49,64,95,107,138,138,138,157,157,57,89,89,194,194,206,219,8,25,39,39,73,73,73,73,103,118,131,57,57,159,159,178,178,29,39,39,39,39,39,65,82,101,121,139,139,139,139,139,139,67,95,95],"floor_reached":56,"playtime":6381,"items_purged":["Strike_B","Defend_B","Strike_B"],"score":1330,"play_id":"aed307f9-a1d7-4c35-83a0-30a16aead7ac","local_time":"20190718234833","is_ascension_mode":true,"campfire_choices":[{"data":"Zap","floor":10.0,"key":"SMITH"},{"data":"Dualcast","floor":12.0,"key":"SMITH"},{"data":"Coolheaded","floor":15.0,"key":"SMITH"},{"data":"Fission","floor":23.0,"key":"SMITH"},{"data":"Biased Cognition","floor":25.0,"key":"SMITH"},{"floor":27.0,"key":"RECALL"},{"data":"Defragment","floor":32.0,"key":"SMITH"},{"data":"Panacea","floor":40.0,"key":"SMITH"},{"data":"Loop","floor":42.0,"key":"SMITH"},{"floor":49.0,"key":"REST"},{"data":"Barrage","floor":52.0,"key":"SMITH"}],"neow_cost":"NONE","seed_source_timestamp":0,"circlet_count":0,"master_deck":["Defend_B","Defend_B","Defend_B","Zap+1","Dualcast+1","Coolheaded+1","Cold Snap","Barrage+1","Biased Cognition+1","Glacier","Fission+1","Defragment+1","Panacea+1","Loop+1","Capacitor","Defragment+1","Amplify+1","Fusion+1","Hologram+1"],"special_seed":0,"relics":["Cracked Core","Anchor","Vajra","Sundial","Snecko Eye","Toxic Egg 2","Boot","Question Card","Inserter","Bag of Preparation","Pen Nib","Centennial Puzzle"],"potions_floor_usage":[55,55],"damage_taken":[{"damage":2.0,"enemies":"Jaw Worm","floor":1.0,"turns":3.0},{"damage":3.0,"enemies":"Cultist","floor":3.0,"turns":4.0},{"damage":3.0,"enemies":"2 Louse","floor":5.0,"turns":3.0},{"damage":32.0,"enemies":"Lagavulin","floor":6.0,"turns":8.0},{"damage":0.0,"enemies":"Looter","floor":7.0,"turns":3.0},{"damage":14.0,"enemies":"3 Sentries","floor":8.0,"turns":8.0},{"damage":5.0,"enemies":"Exordium Thugs","floor":11.0,"turns":4.0},{"damage":18.0,"enemies":"Gremlin Nob","floor":14.0,"turns":4.0},{"damage":25.0,"enemies":"Slime Boss","floor":16.0,"turns":14.0},{"damage":0.0,"enemies":"3 Byrds","floor":18.0,"turns":4.0},{"damage":7.0,"enemies":"Shell Parasite","floor":19.0,"turns":9.0},{"damage":3.0,"enemies":"Centurion and Healer","floor":21.0,"turns":10.0},{"damage":0.0,"enemies":"3 Cultists","floor":22.0,"turns":8.0},{"damage":16.0,"enemies":"Gremlin Leader","floor":24.0,"turns":10.0},{"damage":0.0,"enemies":"Slavers","floor":28.0,"turns":5.0},{"damage":0.0,"enemies":"Cultist and Chosen","floor":29.0,"turns":9.0},{"damage":0.0,"enemies":"Snecko","floor":30.0,"turns":5.0},{"damage":9.0,"enemies":"Champ","floor":33.0,"turns":14.0},{"damage":12.0,"enemies":"3 Shapes","floor":35.0,"turns":6.0},{"damage":10.0,"enemies":"Orb Walker","floor":38.0,"turns":6.0},{"damage":0.0,"enemies":"Reptomancer","floor":41.0,"turns":1.0},{"damage":16.0,"enemies":"Jaw Worm Horde","floor":44.0,"turns":6.0},{"damage":5.0,"enemies":"4 Shapes","floor":45.0,"turns":7.0},{"damage":0.0,"enemies":"Transient","floor":46.0,"turns":5.0},{"damage":8.0,"enemies":"Writhing Mass","floor":47.0,"turns":8.0},{"damage":10.0,"enemies":"Donu and Deca","floor":50.0,"turns":11.0},{"damage":43.0,"enemies":"Shield and Spear","floor":54.0,"turns":11.0},{"damage":27,"enemies":"The Heart","floor":55,"turns":10}],"seed_played":"-5465071520720187021","potions_obtained":[{"floor":0.0,"key":"Fruit Juice"},{"floor":0.0,"key":"Regen Potion"},{"floor":0.0,"key":"EntropicBrew"},{"floor":5.0,"key":"Energy Potion"},{"floor":7.0,"key":"Regen Potion"},{"floor":8.0,"key":"Block Potion"},{"floor":16.0,"key":"Fire Potion"},{"floor":19.0,"key":"SkillPotion"},{"floor":22.0,"key":"SkillPotion"},{"floor":28.0,"key":"Energy Potion"},{"floor":39.0,"key":"SmokeBomb"},{"floor":45.0,"key":"GamblersBrew"},{"floor":46.0,"key":"Strength Potion"},{"floor":54.0,"key":"Weak Potion"}],"is_trial":false,"path_per_floor":["M","?","M","$","M","E","M","E","T","R","M","R","$","E","R","B",null,"M","M","$","M","M","R","E","R","T","R","E","M","M","$","R","B",null,"M","?","$","M","?","R","E","R","T","M","M","M","M","?","R","B",null,"R","$","E","B",null],"character_chosen":"DEFECT","items_purchased":["Panacea","Defragment","Bag of Preparation","GamblersBrew"],"campfire_rested":1,"item_purchase_floors":[20,31,37,53],"current_hp_per_floor":[78,78,75,75,72,55,55,56,56,56,51,51,51,33,33,8,80,80,73,73,70,70,70,54,54,54,54,54,54,54,54,54,45,80,68,68,68,58,58,58,58,58,58,42,37,37,29,29,53,43,80,80,80,37,10],"gold":95,"neow_bonus":"THREE_SMALL_POTIONS","is_prod":false,"is_daily":false,"chose_seed":false,"campfire_upgraded":9,"win_rate":0,"timestamp":1563486513,"path_taken":["M","?","M","$","M","E","M","E","T","R","M","R","$","E","R","BOSS","M","?","$","M","M","R","E","R","T","R","E","M","M","$","R","BOSS","M","?","$","M","?","R","E","R","T","M","M","?","M","?","R","BOSS","R","$","E","BOSS"],"build_version":"2019-07-17","purchased_purges":3,"victory":true,"max_hp_per_floor":[80,80,80,80,80,80,80,80,80,80,80,80,80,80,80,80,80,80,80,80,80,80,80,80,80,80,80,80,80,80,80,80,80,80,80,80,80,80,80,80,80,80,80,80,80,80,80,80,80,80,80,80,80,80,80],"card_choices":[{"not_picked":["Leap","Redo"],"picked":"Coolheaded","floor":1.0},{"not_picked":["Compile Driver","Conserve Battery","Steam"],"picked":"SKIP","floor":3.0},{"not_picked":["Streamline","Leap"],"picked":"Cold Snap","floor":5.0},{"not_picked":["Cold Snap","Doom and Gloom"],"picked":"Barrage","floor":6.0},{"not_picked":["Sweeping Beam","Melter","Doom and Gloom"],"picked":"SKIP","floor":7.0},{"not_picked":["Doom and Gloom","Tempest"],"picked":"Biased Cognition","floor":8.0},{"not_picked":["Scrape","Conserve Battery","Static Discharge"],"picked":"SKIP","floor":11.0},{"not_picked":["Barrage","Sweeping Beam"],"picked":"Glacier","floor":14.0},{"not_picked":["Machine Learning","Creative AI"],"picked":"Fission","floor":16.0},{"not_picked":["Leap","Redo","Scrape"],"picked":"SKIP","floor":18.0},{"not_picked":["Go for the Eyes","Turbo"],"picked":"Defragment+1","floor":19.0},{"not_picked":["Stack","Rip and Tear","Hello World+1"],"picked":"SKIP","floor":21.0},{"not_picked":["Force Field","Static Discharge","Barrage"],"picked":"SKIP","floor":22.0},{"not_picked":["Reprogram","Storm+1","Chill"],"picked":"SKIP","floor":24.0},{"not_picked":["Redo+1","Go for the Eyes"],"picked":"Loop","floor":28.0},{"not_picked":["Gash","Reboot+1","Conserve Battery+1"],"picked":"Capacitor","floor":29.0},{"not_picked":["Barrage","Ball Lightning","Double Energy+1","Streamline"],"picked":"SKIP","floor":30.0},{"not_picked":["Multi-Cast+1","Fission+1","Core Surge"],"picked":"Amplify+1","floor":33.0},{"not_picked":["Storm","Leap+1","Static Discharge+1","Stack+1"],"picked":"SKIP","floor":35.0},{"not_picked":["Beam Cell","Force Field+1","Rebound+1","Redo+1"],"picked":"SKIP","floor":38.0},{"not_picked":["Compile Driver","Fission+1","Cold Snap"],"picked":"Fusion+1","floor":44.0},{"not_picked":["Coolheaded+1","Steam Power+1","Glacier+1","Stack+1"],"picked":"SKIP","floor":45.0},{"not_picked":["Gash","Turbo+1","Fusion+1","Static Discharge"],"picked":"SKIP","floor":46.0},{"not_picked":["Coolheaded+1","Tempest+1","Auto Shields+1","Stack+1"],"picked":"SKIP","floor":47.0},{"not_picked":["Amplify+1","Compile Driver+1","Force Field+1"],"picked":"Hologram+1","floor":54.0}],"player_experience":52964,"relics_obtained":[{"floor":6.0,"key":"Anchor"},{"floor":8.0,"key":"Vajra"},{"floor":14.0,"key":"Sundial"},{"floor":24.0,"key":"Toxic Egg 2"},{"floor":26.0,"key":"Boot"},{"floor":28.0,"key":"Question Card"},{"floor":43.0,"key":"Pen Nib"},{"floor":54.0,"key":"Centennial Puzzle"}],"event_choices":[{"cards_removed":["Strike_B"],"damage_healed":0.0,"max_hp_gain":0.0,"max_hp_loss":0.0,"gold_gain":0.0,"event_name":"Bonfire Elementals","player_choice":"Offered Basic","floor":2.0,"gold_loss":0.0,"damage_taken":0.0},{"damage_healed":0.0,"max_hp_gain":0.0,"max_hp_loss":0.0,"gold_gain":0.0,"event_name":"SensoryStone","player_choice":"Memory 1","floor":36.0,"gold_loss":0.0,"damage_taken":0.0},{"damage_healed":0.0,"max_hp_gain":0.0,"max_hp_loss":0.0,"gold_gain":0.0,"event_name":"Lab","player_choice":"Got Potions","floor":39.0,"gold_loss":0.0,"damage_taken":0.0},{"cards_removed":["Strike_B"],"damage_healed":0.0,"max_hp_gain":0.0,"max_hp_loss":0.0,"gold_gain":0.0,"event_name":"Falling","player_choice":"Removed Attack","floor":48.0,"gold_loss":0.0,"damage_taken":0.0}],"is_beta":false,"boss_relics":[{"not_picked":["Black Star","White Beast Statue"],"picked":"Snecko Eye"},{"not_picked":["Astrolabe","Tiny House"],"picked":"Inserter"}],"items_purged_floors":[4,13,20],"is_endless":false,"potions_floor_spawned":[5,7,8,16,19,22,28,33,41,45,46,54],"ascension_level":3}