{"gold_per_floor":[109,109,109,125,136,136,148,148,148,159,192,192,192,192,192,268,268,284,284,313,329,329],"floor_reached":22,"playtime":1281,"items_purged":[],"score":331,"play_id":"8de0ede3-12e7-4d52-9c88-16adfca9c07c","local_time":"20181225215747","is_ascension_mode":true,"campfire_choices":[{"data":"Neutralize","floor":6,"key":"SMITH"},{"data":"Caltrops","floor":8,"key":"SMITH"},{"floor":13,"key":"REST"},{"data":"Survivor","floor":15,"key":"SMITH"}],"neow_cost":"NONE","seed_source_timestamp":12943751146660024,"circlet_count":0,"master_deck":["AscendersBane","Defend_G","Defend_G","Defend_G","Defend_G","Defend_G","Strike_G","Strike_G","Strike_G","Strike_G","Survivor+1","Neutralize+1","Dagger Throw","Quick Slash","Caltrops+1","Backstab","Noxious Fumes+1","Storm of Steel","Dodge and Roll","PiercingWail","Escape Plan"],"relics":["Ring of the Snake","Oddly Smooth Stone","Kunai","Gremlin Horn","Runic Pyramid","Red Mask"],"potions_floor_usage":[11,20,22],"damage_taken":[{"damage":2,"enemies":"Jaw Worm","floor":1,"turns":6},{"damage":0,"enemies":"2 Louse","floor":4,"turns":4},{"damage":0,"enemies":"Small Slimes","floor":5,"turns":3},{"damage":5,"enemies":"2 Fungi Beasts","floor":7,"turns":4},{"damage":11,"enemies":"Exordium Wildlife","floor":10,"turns":5},{"damage":22,"enemies":"Lagavulin","floor":11,"turns":9},{"damage":11,"enemies":"The Guardian","floor":16,"turns":10},{"damage":0,"enemies":"Chosen","floor":18,"turns":4},{"damage":42,"enemies":"Masked Bandits","floor":20,"turns":5},{"damage":4,"enemies":"Shell Parasite","floor":21,"turns":6},{"damage":16,"enemies":"3 Cultists","floor":22,"turns":5}],"seed_played":"-8466253825535176661","potions_obtained":[{"floor":7,"key":"Block Potion"},{"floor":16,"key":"Fire Potion"},{"floor":21,"key":"GamblersBrew"}],"is_trial":false,"path_per_floor":["M","?","?","M","M","R","M","R","T","M","E","?","R","?","R","B",null,"M","?","?","M","M"],"character_chosen":"THE_SILENT","items_purchased":[],"campfire_rested":1,"item_purchase_floors":[],"current_hp_per_floor":[57,57,50,50,50,50,45,45,45,34,12,12,31,31,31,20,55,55,55,13,9,0],"gold":329,"neow_bonus":"RANDOM_COMMON_RELIC","is_prod":false,"is_daily":false,"chose_seed":false,"campfire_upgraded":3,"win_rate":0,"timestamp":1545793067,"path_taken":["M","?","?","M","M","R","M","R","T","M","E","?","R","?","R","BOSS","M","?","?","M","M"],"build_version":"2018-12-20","purchased_purges":0,"victory":false,"max_hp_per_floor":[66,66,66,66,66,66,66,66,66,66,66,66,66,66,66,66,66,66,66,66,66,66],"card_choices":[{"not_picked":["Outmaneuver","Slice"],"picked":"Dagger Throw","floor":1},{"not_picked":["Flying Knee","Envenom"],"picked":"Quick Slash","floor":4},{"not_picked":["Slice","Prepared"],"picked":"Caltrops","floor":5},{"not_picked":["Setup","Blade Dance","Prepared"],"picked":"SKIP","floor":7},{"not_picked":["Concentrate","Riddle With Holes"],"picked":"Backstab","floor":10},{"not_picked":["Die Die Die","Dash"],"picked":"Noxious Fumes","floor":11},{"not_picked":["Glass Knife","Doppelganger"],"picked":"Storm of Steel","floor":16},{"not_picked":["Sucker Punch","Deflect"],"picked":"Dodge and Roll","floor":18},{"not_picked":["Dodge and Roll","Dagger Spray"],"picked":"PiercingWail","floor":20},{"not_picked":["Blade Dance","Choke"],"picked":"Escape Plan","floor":21}],"player_experience":989280,"relics_obtained":[{"floor":9,"key":"Kunai"},{"floor":11,"key":"Gremlin Horn"},{"floor":20,"key":"Red Mask"}],"event_choices":[{"damage_healed":0,"gold_gain":0,"player_choice":"Ignored","damage_taken":0,"max_hp_gain":0,"max_hp_loss":0,"event_name":"Shining Light","floor":2,"gold_loss":0},{"cards_removed":["Strike_G"],"damage_healed":0,"gold_gain":0,"player_choice":"Card Removal","damage_taken":7,"max_hp_gain":0,"max_hp_loss":0,"event_name":"Golden Wing","floor":3,"gold_loss":0},{"damage_healed":0,"gold_gain":0,"player_choice":"Grow","damage_taken":0,"max_hp_gain":0,"max_hp_loss":0,"event_name":"Living Wall","floor":12,"gold_loss":0,"cards_upgraded":["Noxious Fumes"]},{"damage_healed":0,"gold_gain":0,"player_choice":"Ignored","damage_taken":0,"max_hp_gain":0,"max_hp_loss":0,"event_name":"Liars Game","floor":14,"gold_loss":0},{"damage_healed":0,"gold_gain":0,"player_choice":"Ignored","damage_taken":0,"max_hp_gain":0,"max_hp_loss":0,"event_name":"Ghosts","floor":19,"gold_loss":0},{"damage_healed":0,"gold_gain":0,"player_choice":"Fought Bandits","damage_taken":0,"max_hp_gain":0,"max_hp_loss":0,"event_name":"Masked Bandits","floor":20,"gold_loss":0}],"is_beta":false,"boss_relics":[{"not_picked":["Tiny House","Eternal Feather"],"picked":"Runic Pyramid"}],"items_purged_floors":[],"is_endless":false,"potions_floor_spawned":[7,16,21],"killed_by":"3 Cultists","ascension_level":16}