{"gold_per_floor":[113,113,34,53,73,73,101,101,150,175,175],"floor_reached":11,"playtime":455,"items_purged":[],"score":106,"play_id":"a23171f9-a17d-4aea-9f22-16223c48c8e7","local_time":"20190329093101","is_ascension_mode":false,"campfire_choices":[{"data":"Bash","floor":6,"key":"SMITH"},{"floor":8,"key":"REST"}],"neow_cost":"CURSE","seed_source_timestamp":70469222621918,"circlet_count":0,"master_deck":["Strike_R","Strike_R","Strike_R","Strike_R","Strike_R","Defend_R","Defend_R","Defend_R","Defend_R","Bash+1","Regret","Disarm","Flame Barrier","Heavy Blade","Limit Break","Heavy Blade"],"relics":["Burning Blood","Potion Belt","Bag of Marbles","Shovel"],"potions_floor_usage":[7,7],"damage_taken":[{"damage":9,"enemies":"Small Slimes","floor":1,"turns":5},{"damage":4,"enemies":"2 Louse","floor":4,"turns":4},{"damage":10,"enemies":"Jaw Worm","floor":5,"turns":5},{"damage":74,"enemies":"Lagavulin","floor":7,"turns":10},{"damage":50,"enemies":"Gremlin Nob","floor":10,"turns":6},{"damage":10,"enemies":"Blue Slaver","floor":11,"turns":3}],"seed_played":"-2722671857180992454","potions_obtained":[{"floor":1,"key":"Block Potion"},{"floor":4,"key":"Energy Potion"}],"is_trial":false,"path_per_floor":["M","?","$","M","M","R","E","R","T","E","M"],"character_chosen":"IRONCLAD","items_purchased":["Flame Barrier"],"campfire_rested":1,"item_purchase_floors":[3],"current_hp_per_floor":[93,93,93,95,91,91,23,51,51,7,0],"gold":175,"neow_bonus":"TWENTY_PERCENT_HP_BONUS","is_prod":false,"is_daily":false,"chose_seed":false,"campfire_upgraded":1,"win_rate":0,"timestamp":1553815861,"path_taken":["M","?","$","M","M","R","E","R","T","E","M"],"build_version":"2019-01-23","purchased_purges":0,"victory":false,"max_hp_per_floor":[96,96,96,96,96,96,96,96,96,96,96],"card_choices":[{"not_picked":["Warcry","Sever Soul"],"picked":"Disarm","floor":1},{"not_picked":["Sword Boomerang","Havoc","True Grit"],"picked":"SKIP","floor":4},{"not_picked":["True Grit","Reckless Charge"],"picked":"Heavy Blade","floor":5},{"not_picked":["Shrug It Off","Sentinel"],"picked":"Limit Break","floor":7},{"not_picked":["Feel No Pain","Sentinel"],"picked":"Heavy Blade","floor":10}],"player_experience":286528,"relics_obtained":[{"floor":7,"key":"Potion Belt"},{"floor":9,"key":"Bag of Marbles"},{"floor":10,"key":"Shovel"}],"event_choices":[{"damage_healed":0,"gold_gain":0,"player_choice":"Leave","damage_taken":0,"max_hp_gain":0,"max_hp_loss":0,"event_name":"The Cleric","floor":2,"gold_loss":0}],"is_beta":false,"boss_relics":[],"items_purged_floors":[],"is_endless":false,"potions_floor_spawned":[1,4],"killed_by":"Blue Slaver","ascension_level":0}