{"gold_per_floor":[110,125,11,26,26,26,61,61,61,74,74,93,124,136,136,136],"floor_reached":16,"playtime":750,"items_purged":["Strike_R"],"score":218,"play_id":"522e412d-5721-41d6-91cc-ae7e08161f88","local_time":"20190730172651","is_ascension_mode":true,"campfire_choices":[{"data":"Rampage","floor":6,"key":"SMITH"},{"data":"True Grit","floor":11,"key":"SMITH"},{"data":"Second Wind","floor":15,"key":"SMITH"}],"neow_cost":"NONE","seed_source_timestamp":266263938271154,"circlet_count":0,"master_deck":["AscendersBane","Strike_R+1","Defend_R","Defend_R","Defend_R","Defend_R","Bash","Rampage+1","Headbutt+1","Second Wind+1","True Grit+1","Power Through","Offering"],"relics":["Burning Blood","Pantograph","Whetstone","The Courier"],"potions_floor_usage":[7,12,13,16],"damage_taken":[{"damage":4,"enemies":"2 Louse","floor":1,"turns":3},{"damage":1,"enemies":"Small Slimes","floor":2,"turns":4},{"damage":12,"enemies":"Jaw Worm","floor":4,"turns":2},{"damage":18,"enemies":"Lagavulin","floor":7,"turns":7},{"damage":8,"enemies":"Red Slaver","floor":10,"turns":5},{"damage":2,"enemies":"Exordium Thugs","floor":12,"turns":5},{"damage":27,"enemies":"Gremlin Nob","floor":13,"turns":4},{"damage":12,"enemies":"Large Slime","floor":14,"turns":5},{"damage":66,"enemies":"Slime Boss","floor":16,"turns":11}],"seed_played":"4141576740981845883","potions_obtained":[{"floor":1,"key":"FearPotion"},{"floor":4,"key":"FearPotion"},{"floor":7,"key":"GamblersBrew"},{"floor":13,"key":"Regen Potion"}],"is_trial":false,"path_per_floor":["M","M","$","M","?","R","E","?","T","M","R","M","E","M","R","B"],"character_chosen":"IRONCLAD","items_purchased":["Second Wind"],"campfire_rested":0,"item_purchase_floors":[3],"current_hp_per_floor":[70,75,75,69,62,62,50,50,50,48,48,52,31,25,25,0],"gold":136,"neow_bonus":"REMOVE_CARD","is_prod":false,"is_daily":false,"chose_seed":false,"campfire_upgraded":3,"win_rate":0,"timestamp":1564522011,"path_taken":["M","M","$","M","?","R","E","?","T","M","R","M","E","M","R","BOSS"],"build_version":"2019-07-17","purchased_purges":1,"victory":false,"max_hp_per_floor":[75,75,75,75,75,75,75,75,75,75,75,75,75,75,75,75],"card_choices":[{"not_picked":["Sentinel","Wild Strike"],"picked":"Rampage","floor":1},{"not_picked":["Bloodletting","Pommel Strike"],"picked":"Headbutt","floor":2},{"not_picked":["Perfected Strike","Infernal Blade"],"picked":"True Grit","floor":4},{"not_picked":["Inflame","Anger","Hemokinesis"],"picked":"SKIP","floor":7},{"not_picked":["Body Slam","Rupture","Spot Weakness"],"picked":"SKIP","floor":10},{"not_picked":["Twin Strike","Anger"],"picked":"Power Through","floor":12},{"not_picked":["Perfected Strike","Pommel Strike","Ghostly Armor"],"picked":"SKIP","floor":13},{"not_picked":["Havoc","Rage"],"picked":"Offering","floor":14}],"player_experience":1661126,"relics_obtained":[{"floor":7,"key":"Pantograph"},{"floor":9,"key":"Whetstone"},{"floor":13,"key":"The Courier"}],"event_choices":[{"cards_removed":["Strike_R"],"damage_healed":0,"gold_gain":0,"player_choice":"Card Removal","damage_taken":7,"max_hp_gain":0,"max_hp_loss":0,"event_name":"Golden Wing","floor":5,"gold_loss":0},{"cards_removed":["Strike_R"],"damage_healed":0,"gold_gain":0,"player_choice":"Forget","damage_taken":0,"max_hp_gain":0,"max_hp_loss":0,"event_name":"Living Wall","floor":8,"gold_loss":0}],"is_beta":false,"boss_relics":[],"items_purged_floors":[3],"is_endless":false,"potions_floor_spawned":[1,4,7,13],"killed_by":"Slime Boss","ascension_level":19}