{"gold_per_floor":[112,128,145,95,95,108,33,33,33,58,58,124,124,142,142,271,271,287,212,237,70,70,70,106,106,130,130,45,86,105,125,125,125],"floor_reached":33,"playtime":1827,"items_purged":["Strike_B","Defend_B"],"score":465,"play_id":"b58c0903-9159-455a-bf96-4397e68da1bd","local_time":"20181104204355","is_ascension_mode":true,"campfire_choices":[{"data":"Zap","floor":8,"key":"SMITH"},{"floor":13,"key":"REST"},{"floor":15,"key":"REST"},{"data":"Scrape","floor":23,"key":"SMITH"},{"data":"Scrape","floor":25,"key":"SMITH"},{"data":"Reboot","floor":27,"key":"SMITH"},{"data":"Sunder","floor":32,"key":"SMITH"}],"neow_cost":"NONE","seed_source_timestamp":694018700689444,"circlet_count":0,"master_deck":["AscendersBane","Strike_B","Defend_B","Defend_B","Defend_B","Zap+1","Dualcast+1","Scrape+1","Scrape+1","Beam Cell","Steam","Seek","Auto Shields","Reboot+1","Turbo+1","FTL+1","Sunder+1","Impatience","Steam+1"],"relics":["Cracked Core","Golden Idol","Thread and Needle","Dodecahedron","Tiny Chest","Black Star","Meat on the Bone","Pear","Dream Catcher","PreservedInsect","Juzu Bracelet"],"potions_floor_usage":[6,12,16,29,33],"damage_taken":[{"damage":2,"enemies":"Jaw Worm","floor":1,"turns":3},{"damage":9,"enemies":"Small Slimes","floor":2,"turns":2},{"damage":0,"enemies":"2 Louse","floor":3,"turns":2},{"damage":8,"enemies":"Large Slime","floor":6,"turns":4},{"damage":0,"enemies":"Blue Slaver","floor":10,"turns":3},{"damage":6,"enemies":"Lagavulin","floor":12,"turns":4},{"damage":5,"enemies":"Lots of Slimes","floor":14,"turns":3},{"damage":36,"enemies":"Slime Boss","floor":16,"turns":14},{"damage":8,"enemies":"Shell Parasite","floor":18,"turns":4},{"damage":9,"enemies":"Spheric Guardian","floor":20,"turns":4},{"damage":18,"enemies":"Book of Stabbing","floor":24,"turns":4},{"damage":15,"enemies":"Slavers","floor":29,"turns":3},{"damage":0,"enemies":"Snake Plant","floor":30,"turns":2},{"damage":0,"enemies":"Sentry and Sphere","floor":31,"turns":4},{"damage":71,"enemies":"Collector","floor":33,"turns":8}],"seed_played":"-73706658527967114","potions_obtained":[{"floor":1,"key":"PowerPotion"},{"floor":2,"key":"LiquidBronze"},{"floor":10,"key":"SpeedPotion"},{"floor":20,"key":"GamblersBrew"},{"floor":31,"key":"Fire Potion"}],"is_trial":false,"path_per_floor":["M","M","M","?","?","M","$","R","T","M","?","E","R","M","R","B",null,"M","?","M","$","?","R","E","R","T","R","$","E","M","M","R","B"],"character_chosen":"DEFECT","items_purchased":["Sunder","Impatience"],"campfire_rested":2,"item_purchase_floors":[21,28],"current_hp_per_floor":[66,57,57,57,57,49,49,49,49,49,16,10,30,25,45,9,54,46,46,37,37,37,37,29,29,29,29,29,26,38,50,50,0],"gold":125,"neow_bonus":"UPGRADE_CARD","is_prod":false,"is_daily":false,"chose_seed":false,"campfire_upgraded":5,"win_rate":0,"timestamp":1541382235,"path_taken":["M","M","M","?","?","M","$","R","T","M","?","E","R","M","R","BOSS","M","?","M","$","?","R","E","R","T","R","$","E","M","M","R","BOSS"],"build_version":"2018-11-01","purchased_purges":2,"victory":false,"max_hp_per_floor":[75,75,75,75,69,69,69,69,69,69,69,69,69,69,69,69,69,69,69,69,69,69,69,79,79,79,79,79,79,79,79,79,79],"card_choices":[{"not_picked":["Coolheaded","Beam Cell"],"picked":"Scrape","floor":1},{"not_picked":["Hello World","Cold Snap"],"picked":"Scrape","floor":2},{"not_picked":["Rebound","Chaos"],"picked":"Beam Cell","floor":3},{"not_picked":["Barrage","Ball Lightning","Cold Snap"],"picked":"SKIP","floor":6},{"not_picked":["Stack","Cold Snap"],"picked":"Steam","floor":10},{"not_picked":["Rebound","Conserve Battery"],"picked":"Seek","floor":12},{"not_picked":["Steam","Conserve Battery"],"picked":"Auto Shields","floor":14},{"not_picked":["Multi-Cast","Seek"],"picked":"Reboot","floor":16},{"not_picked":["Hologram","Compile Driver"],"picked":"Turbo+1","floor":18},{"not_picked":["Turbo+1","Chaos+1"],"picked":"FTL+1","floor":20},{"not_picked":["Loop","Ball Lightning","Buffer"],"picked":"SKIP","floor":24},{"not_picked":["Tempest+1","Barrage"],"picked":"Steam+1","floor":29},{"not_picked":["Rebound","Capacitor","Genetic Algorithm"],"picked":"SKIP","floor":30},{"not_picked":["Stack","Hyperbeam","Auto Shields+1"],"picked":"SKIP","floor":31}],"player_experience":613945,"relics_obtained":[{"floor":9,"key":"Thread and Needle"},{"floor":12,"key":"Tiny Chest"},{"floor":24,"key":"Meat on the Bone"},{"floor":24,"key":"Pear"},{"floor":26,"key":"Dream Catcher"},{"floor":29,"key":"PreservedInsect"},{"floor":29,"key":"Juzu Bracelet"}],"event_choices":[{"cards_removed":["Strike_B"],"damage_healed":0,"gold_gain":0,"player_choice":"Card Removal","damage_taken":0,"max_hp_gain":0,"max_hp_loss":0,"event_name":"The Cleric","floor":4,"gold_loss":50},{"damage_healed":0,"gold_gain":0,"player_choice":"Lose Max HP","damage_taken":0,"relics_obtained":["Golden Idol"],"max_hp_gain":0,"max_hp_loss":6,"event_name":"Golden Idol","floor":5,"gold_loss":0},{"damage_healed":0,"gold_gain":0,"player_choice":"Success","damage_taken":33,"relics_obtained":["Dodecahedron"],"max_hp_gain":0,"max_hp_loss":0,"event_name":"Scrap Ooze","floor":11,"gold_loss":0},{"cards_removed":["Strike_B"],"damage_healed":0,"gold_gain":0,"player_choice":"Gave Gold","damage_taken":0,"max_hp_gain":0,"max_hp_loss":0,"event_name":"Beggar","floor":19,"gold_loss":75},{"damage_healed":0,"gold_gain":0,"player_choice":"Ignored","damage_taken":0,"max_hp_gain":0,"max_hp_loss":0,"event_name":"Ghosts","floor":22,"gold_loss":0}],"is_beta":false,"boss_relics":[{"not_picked":["Inserter","Cursed Key"],"picked":"Black Star"}],"items_purged_floors":[7,21],"is_endless":false,"potions_floor_spawned":[1,2,10,20,31],"killed_by":"Collector","ascension_level":10}