{"gold_per_floor":[118,21,31,6,18,18,34,34,86,114,131,166,166,142,142,237,237,254,270,360,360],"floor_reached":21,"playtime":830,"items_purged":[],"score":280,"play_id":"06180049-6623-4b44-8d04-e55da306dcf1","local_time":"20190529151718","is_ascension_mode":true,"campfire_choices":[{"data":"Armaments","floor":6,"key":"SMITH"},{"floor":8,"key":"REST"},{"floor":15,"key":"REST"}],"neow_cost":"PERCENT_DAMAGE","seed_source_timestamp":60311004081104,"circlet_count":0,"master_deck":["Strike_R","Strike_R","Strike_R","Strike_R","Strike_R","Defend_R","Defend_R","Defend_R","Defend_R","Bash","Heavy Blade","Panacea","Pummel","Armaments+1","Clothesline","Body Slam","Shockwave","Thunderclap","Berserk","Cleave","Fiend Fire","Flex+1","Intimidate+1","Purity"],"relics":["Burning Blood","Dream Catcher","Centennial Puzzle","Orichalcum","Mark of Pain"],"potions_floor_usage":[12,12,21],"damage_taken":[{"damage":6,"enemies":"Cultist","floor":1,"turns":3},{"damage":19,"enemies":"Jaw Worm","floor":3,"turns":4},{"damage":0,"enemies":"2 Louse","floor":5,"turns":2},{"damage":13,"enemies":"Blue Slaver","floor":7,"turns":3},{"damage":41,"enemies":"Gremlin Nob","floor":10,"turns":5},{"damage":21,"enemies":"Gremlin Gang","floor":11,"turns":5},{"damage":13,"enemies":"Lagavulin","floor":12,"turns":5},{"damage":65,"enemies":"Slime Boss","floor":16,"turns":11},{"damage":11,"enemies":"3 Byrds","floor":18,"turns":5},{"damage":5,"enemies":"Spheric Guardian","floor":19,"turns":3},{"damage":45,"enemies":"Shelled Parasite and Fungi","floor":21,"turns":7}],"seed_played":"-983292549692699288","potions_obtained":[{"floor":3,"key":"FairyPotion"},{"floor":7,"key":"Strength Potion"},{"floor":10,"key":"EssenceOfSteel"},{"floor":18,"key":"Weak Potion"}],"is_trial":false,"path_per_floor":["M","$","M","$","M","R","M","R","T","E","M","E","?","?","R","B",null,"M","M","?","M"],"character_chosen":"IRONCLAD","items_purchased":["Panacea","Armaments"],"campfire_rested":2,"item_purchase_floors":[2,4],"current_hp_per_floor":[67,67,54,54,60,60,53,81,81,46,31,24,24,24,52,8,74,69,70,43,0],"gold":360,"neow_bonus":"TWENTY_PERCENT_HP_BONUS","is_prod":false,"is_daily":false,"chose_seed":false,"campfire_upgraded":1,"win_rate":0,"timestamp":1559107038,"path_taken":["M","$","M","$","?","R","M","R","T","E","M","E","?","?","R","BOSS","M","M","?","?"],"build_version":"2019-01-23","purchased_purges":0,"victory":false,"max_hp_per_floor":[96,96,96,96,96,96,96,96,96,96,96,96,96,96,96,96,96,96,96,96,96],"card_choices":[{"not_picked":["Flame Barrier","Warcry"],"picked":"Heavy Blade","floor":1},{"not_picked":["Dual Wield","Feel No Pain"],"picked":"Pummel","floor":3},{"not_picked":["Sword Boomerang","Dual Wield"],"picked":"Clothesline","floor":5},{"not_picked":["Armaments","Burning Pact"],"picked":"Body Slam","floor":7},{"not_picked":["Rupture","Twin Strike"],"picked":"Shockwave","floor":10},{"not_picked":["Combust","Dual Wield"],"picked":"Thunderclap","floor":11},{"not_picked":["Havoc","Rupture"],"picked":"Berserk","floor":12},{"not_picked":["Rampage","Armaments"],"picked":"Cleave","floor":15},{"not_picked":["Reaper","Barricade"],"picked":"Fiend Fire","floor":16},{"not_picked":["Wild Strike+1","Headbutt"],"picked":"Flex+1","floor":18},{"not_picked":["Pummel","Havoc+1"],"picked":"Intimidate+1","floor":19}],"player_experience":744686,"relics_obtained":[{"floor":9,"key":"Dream Catcher"},{"floor":10,"key":"Centennial Puzzle"},{"floor":12,"key":"Orichalcum"}],"event_choices":[{"damage_healed":0,"gold_gain":0,"player_choice":"Ignored","damage_taken":0,"max_hp_gain":0,"max_hp_loss":0,"event_name":"Liars Game","floor":13,"gold_loss":0},{"damage_healed":0,"gold_gain":0,"player_choice":"Left Gold","damage_taken":0,"max_hp_gain":0,"max_hp_loss":0,"event_name":"World of Goop","floor":14,"gold_loss":24},{"damage_healed":0,"gold_gain":90,"player_choice":"CARD GOLD ","damage_taken":27,"max_hp_gain":0,"max_hp_loss":0,"event_name":"Knowing Skull","floor":20,"potions_obtained":[],"gold_loss":0,"cards_obtained":["Purity"]}],"is_beta":false,"boss_relics":[{"not_picked":["White Beast Statue","Philosopher\u0027s Stone"],"picked":"Mark of Pain"}],"items_purged_floors":[],"is_endless":false,"potions_floor_spawned":[3,7,10,11,18],"killed_by":"Shelled Parasite and Fungi","ascension_level":7}