{"gold_per_floor":[117,134,84,31,31,63,63,98,98,112,122,122,150,164,164,269,269,284,284,301,314,27,27,27,37,37,72,82,82,102,114,114,219,219,229,249,261,274,52,79,96,96,96,111,111,111,111,125,125,125],"floor_reached":50,"playtime":1453,"items_purged":[],"score":668,"play_id":"ed226c5a-2ece-425d-8548-d9ff2e301865","local_time":"20190329072626","is_ascension_mode":false,"campfire_choices":[{"floor":7,"key":"RECALL"},{"data":"Heavy Blade","floor":12,"key":"SMITH"},{"floor":15,"key":"REST"},{"data":"Limit Break","floor":23,"key":"SMITH"},{"data":"1","floor":29,"key":"LIFT"},{"floor":32,"key":"REST"},{"floor":42,"key":"REST"},{"data":"2","floor":47,"key":"LIFT"},{"data":"3","floor":49,"key":"LIFT"}],"neow_cost":"NONE","seed_source_timestamp":61995608799887,"circlet_count":0,"master_deck":["Strike_R","Strike_R","Strike_R","Defend_R","Defend_R","Defend_R","Defend_R","Bash+1","Perfected Strike","Perfected Strike","Twin Strike+1","Whirlwind","Heavy Blade+1","Twin Strike","Perfected Strike","Thunderclap","Perfected Strike","Limit Break+1","Whirlwind","RitualDagger","Heavy Blade+1","Rage","Twin Strike+1","Inflame","Wild Strike","Twin Strike","Wild Strike+1","Ghostly Armor","Demon Form","Perfected Strike+1","Cleave","Ghostly Armor+1","Flame Barrier","Exhume+1","Normality","Blood for Blood+1","Writhe","Reaper","Regret","Flex+1"],"relics":["Burning Blood","NeowsBlessing","Matryoshka","Anchor","Centennial Puzzle","Bag of Marbles","Letter Opener","Sozu","Bottled Lightning","Sundial","Whetstone","Girya","Cursed Key","Vajra","Toxic Egg 2"],"potions_floor_usage":[13,16,21],"damage_taken":[{"damage":0,"enemies":"2 Louse","floor":1,"turns":1},{"damage":0,"enemies":"Small Slimes","floor":2,"turns":1},{"damage":0,"enemies":"Gremlin Nob","floor":6,"turns":1},{"damage":36,"enemies":"Lagavulin","floor":8,"turns":4},{"damage":0,"enemies":"Jaw Worm","floor":10,"turns":2},{"damage":0,"enemies":"Gremlin Gang","floor":11,"turns":2},{"damage":14,"enemies":"Gremlin Nob","floor":13,"turns":3},{"damage":0,"enemies":"Large Slime","floor":14,"turns":3},{"damage":0,"enemies":"Slime Boss","floor":16,"turns":4},{"damage":0,"enemies":"3 Byrds","floor":18,"turns":5},{"damage":12,"enemies":"Shell Parasite","floor":20,"turns":5},{"damage":0,"enemies":"Chosen and Byrds","floor":21,"turns":3},{"damage":21,"enemies":"Snake Plant","floor":25,"turns":3},{"damage":30,"enemies":"Slavers","floor":27,"turns":4},{"damage":12,"enemies":"Centurion and Healer","floor":28,"turns":3},{"damage":6,"enemies":"Snecko","floor":30,"turns":3},{"damage":0,"enemies":"Cultist and Chosen","floor":31,"turns":3},{"damage":56,"enemies":"Champ","floor":33,"turns":7},{"damage":3,"enemies":"Orb Walker","floor":35,"turns":3},{"damage":11,"enemies":"3 Shapes","floor":36,"turns":3},{"damage":12,"enemies":"Sphere and 2 Shapes","floor":37,"turns":3},{"damage":20,"enemies":"Jaw Worm Horde","floor":38,"turns":3},{"damage":47,"enemies":"Giant Head","floor":40,"turns":7},{"damage":2,"enemies":"4 Shapes","floor":41,"turns":2},{"damage":0,"enemies":"Transient","floor":44,"turns":5},{"damage":0,"enemies":"3 Darklings","floor":48,"turns":1},{"damage":75,"enemies":"Awakened One","floor":50,"turns":6}],"seed_played":"-3212489232908356485","potions_obtained":[{"floor":2,"key":"Weak Potion"},{"floor":6,"key":"Fire Potion"},{"floor":10,"key":"BloodPotion"}],"is_trial":false,"path_per_floor":["M","M","?","$","?","E","R","E","T","M","M","R","E","M","R","B",null,"M","?","M","M","$","R","?","M","T","E","M","R","M","M","R","B",null,"M","M","M","M","$","E","M","R","T","M","?","?","R","M","R","B"],"character_chosen":"IRONCLAD","items_purchased":["Twin Strike","Bottled Lightning","Rage","Vajra","Flame Barrier"],"campfire_rested":3,"item_purchase_floors":[4,22,22,39,39],"current_hp_per_floor":[80,80,80,80,64,70,70,40,40,46,52,52,52,58,80,80,80,80,74,68,74,74,74,74,59,59,35,29,29,29,35,59,9,80,80,75,69,55,55,14,18,42,42,48,68,68,68,74,74,0],"gold":125,"neow_bonus":"THREE_ENEMY_KILL","is_prod":false,"is_daily":false,"chose_seed":false,"campfire_upgraded":2,"win_rate":0,"timestamp":1553808386,"path_taken":["M","M","?","$","?","E","R","E","T","M","M","R","E","M","R","BOSS","M","?","M","M","$","R","?","M","T","E","M","R","M","M","R","BOSS","M","?","M","M","$","E","M","R","T","M","?","?","R","?","R","BOSS"],"build_version":"2019-01-23","purchased_purges":0,"victory":false,"max_hp_per_floor":[80,80,80,80,80,80,80,80,80,80,80,80,80,80,80,80,80,80,80,80,80,80,80,80,80,80,80,80,80,80,80,80,80,80,80,80,80,80,80,80,80,80,80,80,80,80,80,80,80,80],"card_choices":[{"not_picked":["Burning Pact","Armaments"],"picked":"Perfected Strike","floor":1},{"not_picked":["Armaments","Second Wind"],"picked":"Perfected Strike","floor":2},{"not_picked":["Fire Breathing","Ghostly Armor"],"picked":"Whirlwind","floor":6},{"not_picked":["Thunderclap","Feel No Pain"],"picked":"Heavy Blade","floor":8},{"not_picked":["Shockwave","Havoc"],"picked":"Twin Strike","floor":10},{"not_picked":["Iron Wave","Warcry"],"picked":"Perfected Strike","floor":11},{"not_picked":["Headbutt","True Grit"],"picked":"Thunderclap","floor":13},{"not_picked":["Iron Wave","Heavy Blade"],"picked":"Perfected Strike","floor":14},{"not_picked":["Fiend Fire","Impervious"],"picked":"Limit Break","floor":16},{"not_picked":["Battle Trance","Searing Blow"],"picked":"Whirlwind","floor":18},{"not_picked":["Sever Soul+1","Rupture+1","Anger"],"picked":"SKIP","floor":20},{"not_picked":["Shrug It Off+1","Ghostly Armor+1"],"picked":"Heavy Blade+1","floor":21},{"not_picked":["Pummel+1","Pommel Strike"],"picked":"Inflame","floor":25},{"not_picked":["Anger","Warcry"],"picked":"Wild Strike","floor":27},{"not_picked":["Double Tap","Warcry"],"picked":"Twin Strike","floor":28},{"not_picked":["Shrug It Off","Feel No Pain"],"picked":"Wild Strike+1","floor":30},{"not_picked":["Anger","Reckless Charge"],"picked":"Ghostly Armor","floor":31},{"not_picked":["Berserk","Limit Break"],"picked":"Demon Form","floor":33},{"not_picked":["Headbutt","Shrug It Off"],"picked":"Perfected Strike+1","floor":35},{"not_picked":["Havoc","Perfected Strike"],"picked":"Cleave","floor":36},{"not_picked":["Combust+1","Uppercut+1","Carnage"],"picked":"SKIP","floor":37},{"not_picked":["Twin Strike+1","Dropkick"],"picked":"Ghostly Armor+1","floor":38},{"not_picked":["Warcry+1","Rupture"],"picked":"Exhume","floor":40},{"not_picked":["Dropkick","Thunderclap+1","Headbutt+1"],"picked":"SKIP","floor":41},{"not_picked":["Dropkick+1","True Grit+1"],"picked":"Blood for Blood+1","floor":44},{"not_picked":["Wild Strike","Havoc+1"],"picked":"Flex+1","floor":48}],"player_experience":278155,"relics_obtained":[{"floor":6,"key":"Matryoshka"},{"floor":8,"key":"Anchor"},{"floor":9,"key":"Centennial Puzzle"},{"floor":9,"key":"Bag of Marbles"},{"floor":13,"key":"Letter Opener"},{"floor":26,"key":"Sundial"},{"floor":26,"key":"Whetstone"},{"floor":27,"key":"Girya"},{"floor":40,"key":"Toxic Egg 2"}],"event_choices":[{"cards_removed":["Strike_R"],"damage_healed":0,"gold_gain":0,"player_choice":"Card Removal","damage_taken":0,"max_hp_gain":0,"max_hp_loss":0,"event_name":"The Cleric","floor":3,"gold_loss":50},{"damage_healed":0,"gold_gain":0,"player_choice":"Entered Light","damage_taken":16,"max_hp_gain":0,"max_hp_loss":0,"event_name":"Shining Light","floor":5,"gold_loss":0,"cards_upgraded":["Strike_R","Bash"]},{"damage_healed":0,"gold_gain":0,"player_choice":"Joined the Cult","damage_taken":6,"max_hp_gain":0,"max_hp_loss":0,"event_name":"Nest","floor":19,"gold_loss":0,"cards_obtained":["RitualDagger"]},{"damage_healed":0,"gold_gain":0,"cards_transformed":["Strike_R"],"player_choice":"Transformed","damage_taken":0,"max_hp_gain":0,"max_hp_loss":0,"event_name":"Transmorgrifier","floor":24,"gold_loss":0,"cards_obtained":["Twin Strike"]},{"damage_healed":20,"gold_gain":0,"player_choice":"Writhe","damage_taken":0,"max_hp_gain":0,"max_hp_loss":0,"event_name":"Winding Halls","floor":45,"gold_loss":0,"cards_obtained":["Writhe"]},{"damage_healed":0,"gold_gain":0,"player_choice":"2 cards matched","damage_taken":0,"max_hp_gain":0,"max_hp_loss":0,"event_name":"Match and Keep!","floor":46,"gold_loss":0,"cards_obtained":["Reaper","Regret"]},{"damage_healed":0,"gold_gain":0,"player_choice":"2 cards matched","damage_taken":0,"max_hp_gain":0,"max_hp_loss":0,"event_name":"Match and Keep!","floor":46,"gold_loss":0,"cards_obtained":["Reaper","Regret"]}],"is_beta":false,"boss_relics":[{"not_picked":["Fusion Hammer","Runic Cube"],"picked":"Sozu"},{"not_picked":["Lizard Tail","Pandora\u0027s Box"],"picked":"Cursed Key"}],"items_purged_floors":[],"is_endless":false,"potions_floor_spawned":[2,6,10,11,18,21,28,30,37,41,48],"killed_by":"Awakened One","ascension_level":0}