{"gold_per_floor":[119,137,137,62,72,72,87,87,87,116,116,132,132,32,32,129,129,145,163,88,88,107,107,126,126,126,126,138,138,156,183,183,282,282,300,316,331,344,64,64,99,99,99,99,99,113,113,142,142,142],"floor_reached":50,"playtime":3083,"items_purged":["Decay","Strike_G","Strike_G"],"score":950,"play_id":"dad74d0d-aba1-45d2-9d50-63d723e92843","local_time":"20181123220644","is_ascension_mode":true,"campfire_choices":[{"data":"Cloak And Dagger","floor":6,"key":"SMITH"},{"data":"Accuracy","floor":8,"key":"SMITH"},{"floor":11,"key":"REST"},{"data":"Cloak And Dagger","floor":13,"key":"SMITH"},{"floor":15,"key":"REST"},{"data":"Adrenaline","floor":23,"key":"SMITH"},{"data":"Ghostly","floor":27,"key":"SMITH"},{"data":"Quick Slash","floor":32,"key":"SMITH"},{"data":"Ghostly","floor":40,"key":"SMITH"},{"data":"Die Die Die","floor":42,"key":"SMITH"},{"data":"Ghostly","floor":44,"key":"SMITH"},{"floor":49,"key":"REST"}],"neow_cost":"NONE","seed_source_timestamp":434514890770122,"circlet_count":0,"master_deck":["AscendersBane","Defend_G+1","Defend_G+1","Defend_G+1","Defend_G+1","Defend_G+1","Strike_G+1","Survivor+1","Neutralize+1","Choke+1","Cloak And Dagger+1","Accuracy+1","Cloak And Dagger+1","Adrenaline+1","Underhanded Strike+1","Adrenaline+1","Infinite Blades+1","Blade Dance+1","Escape Plan+1","Prepared+1","Ghostly+1","Ghostly+1","Ghostly+1","Ghostly+1","Ghostly+1","Concentrate+1","Quick Slash+1","Die Die Die+1","Blade Dance+1","Escape Plan+1","Dagger Throw+1"],"relics":["Ring of the Snake","Frozen Egg 2","Whetstone","Sozu","Bag of Marbles","Boot","Du-Vu Doll","PreservedInsect","Eternal Feather","Bronze Scales","Centennial Puzzle","Letter Opener","Mark of the Bloom","Strawberry"],"potions_floor_usage":[33,50],"damage_taken":[{"damage":0,"enemies":"Cultist","floor":1,"turns":5},{"damage":4,"enemies":"Jaw Worm","floor":2,"turns":5},{"damage":3,"enemies":"2 Louse","floor":5,"turns":4},{"damage":3,"enemies":"Blue Slaver","floor":7,"turns":5},{"damage":51,"enemies":"Lagavulin","floor":10,"turns":9},{"damage":0,"enemies":"Looter","floor":12,"turns":3},{"damage":22,"enemies":"Slime Boss","floor":16,"turns":11},{"damage":0,"enemies":"Chosen","floor":18,"turns":2},{"damage":11,"enemies":"Spheric Guardian","floor":19,"turns":3},{"damage":0,"enemies":"Centurion and Healer","floor":22,"turns":4},{"damage":0,"enemies":"Shelled Parasite and Fungi","floor":24,"turns":3},{"damage":16,"enemies":"Snecko","floor":28,"turns":4},{"damage":0,"enemies":"Snake Plant","floor":30,"turns":4},{"damage":0,"enemies":"Book of Stabbing","floor":31,"turns":5},{"damage":2,"enemies":"Collector","floor":33,"turns":9},{"damage":1,"enemies":"Orb Walker","floor":35,"turns":3},{"damage":1,"enemies":"3 Darklings","floor":36,"turns":6},{"damage":1,"enemies":"Jaw Worm Horde","floor":37,"turns":4},{"damage":3,"enemies":"Maw","floor":38,"turns":6},{"damage":0,"enemies":"Reptomancer","floor":41,"turns":5},{"damage":0,"enemies":"3 Darklings","floor":46,"turns":2},{"damage":0,"enemies":"Nemesis","floor":48,"turns":4},{"damage":39,"enemies":"Awakened One","floor":50,"turns":12}],"seed_played":"1360819594329197506","potions_obtained":[{"floor":12,"key":"GamblersBrew"},{"floor":16,"key":"SteroidPotion"}],"is_trial":false,"path_per_floor":["M","M","?","$","M","R","M","R","T","E","R","M","R","$","R","B",null,"M","M","?","?","M","R","M","?","T","R","M","T","M","E","R","B",null,"M","M","M","M","$","R","E","R","T","R","?","M","?","E","R","B"],"character_chosen":"THE_SILENT","items_purchased":["Bronze Scales"],"campfire_rested":3,"item_purchase_floors":[39],"current_hp_per_floor":[70,66,66,66,63,63,60,60,60,9,32,32,32,32,55,33,66,66,55,55,55,55,55,55,38,38,38,22,22,22,22,22,20,34,33,32,31,28,28,38,38,38,38,38,38,38,38,38,38,0],"gold":142,"neow_bonus":"TEN_PERCENT_HP_BONUS","is_prod":false,"is_daily":false,"chose_seed":false,"campfire_upgraded":9,"win_rate":0,"timestamp":1543028804,"path_taken":["M","M","?","$","M","R","?","R","T","E","R","M","R","$","R","BOSS","M","M","?","?","M","R","?","?","T","R","M","?","M","E","R","BOSS","M","M","M","M","$","R","E","R","T","R","?","M","?","E","R","BOSS"],"build_version":"2018-11-15","purchased_purges":3,"victory":false,"max_hp_per_floor":[77,77,77,77,77,77,77,77,77,77,77,77,77,77,77,77,77,77,77,77,77,77,77,77,38,38,38,38,38,38,38,38,38,38,38,38,38,38,38,38,38,38,38,38,38,38,38,45,45,45],"card_choices":[{"not_picked":["Backflip","Dodge and Roll"],"picked":"Choke","floor":1},{"not_picked":["Blade Dance","Flying Knee"],"picked":"Cloak And Dagger","floor":2},{"not_picked":["Bane","Dash"],"picked":"Accuracy","floor":5},{"not_picked":["Well Laid Plans","Masterful Stab"],"picked":"Cloak And Dagger","floor":7},{"not_picked":["Calculated Gamble","Bane"],"picked":"Adrenaline","floor":10},{"not_picked":["All Out Attack","Bane"],"picked":"Underhanded Strike","floor":12},{"not_picked":["Burst","Unload"],"picked":"Adrenaline","floor":16},{"not_picked":["Dodge and Roll+1","Backflip+1"],"picked":"Infinite Blades+1","floor":18},{"not_picked":["Deflect","Backstab+1"],"picked":"Blade Dance+1","floor":19},{"not_picked":["PiercingWail+1","Predator"],"picked":"Escape Plan","floor":22},{"not_picked":["Flying Knee","Setup"],"picked":"Prepared+1","floor":24},{"not_picked":["Underhanded Strike","Poisoned Stab"],"picked":"Concentrate+1","floor":28},{"not_picked":["Dodge and Roll","Underhanded Strike","Dagger Spray+1"],"picked":"SKIP","floor":30},{"not_picked":["Sucker Punch+1","Concentrate"],"picked":"Quick Slash","floor":31},{"not_picked":["Tools of the Trade+1","Grand Finale"],"picked":"Die Die Die","floor":33},{"not_picked":["Underhanded Strike+1","Accuracy+1"],"picked":"Blade Dance+1","floor":35},{"not_picked":["Footwork+1","Escape Plan","Blade Dance"],"picked":"SKIP","floor":36},{"not_picked":["Dagger Spray","Acrobatics","Underhanded Strike"],"picked":"SKIP","floor":37},{"not_picked":["Crippling Poison+1","Sucker Punch"],"picked":"Escape Plan+1","floor":38},{"not_picked":["Eviscerate","Skewer"],"picked":"Dagger Throw+1","floor":41},{"not_picked":["Bouncing Flask+1","Cloak And Dagger","Slice"],"picked":"SKIP","floor":46},{"not_picked":["Cloak And Dagger","Choke","Acrobatics+1"],"picked":"SKIP","floor":48}],"player_experience":698899,"relics_obtained":[{"floor":9,"key":"Frozen Egg 2"},{"floor":10,"key":"Whetstone"},{"floor":26,"key":"Boot"},{"floor":29,"key":"Du-Vu Doll"},{"floor":31,"key":"PreservedInsect"},{"floor":41,"key":"Centennial Puzzle"},{"floor":43,"key":"Letter Opener"},{"floor":48,"key":"Strawberry"}],"event_choices":[{"damage_healed":0,"gold_gain":0,"player_choice":"Cursed","damage_taken":0,"max_hp_gain":0,"max_hp_loss":0,"event_name":"Wheel of Change","floor":3,"gold_loss":0,"cards_obtained":["Decay"]},{"cards_removed":["Strike_G"],"damage_healed":0,"gold_gain":0,"player_choice":"Gave Gold","damage_taken":0,"max_hp_gain":0,"max_hp_loss":0,"event_name":"Beggar","floor":20,"gold_loss":75},{"damage_healed":0,"gold_gain":0,"player_choice":"Opened","damage_taken":0,"relics_obtained":["Bag of Marbles"],"max_hp_gain":0,"max_hp_loss":0,"event_name":"The Mausoleum","floor":21,"gold_loss":0},{"damage_healed":0,"gold_gain":0,"player_choice":"Became a Ghost","damage_taken":0,"max_hp_gain":0,"max_hp_loss":39,"event_name":"Ghosts","floor":25,"gold_loss":0,"cards_obtained":["Ghostly","Ghostly","Ghostly","Ghostly","Ghostly"]},{"cards_removed":["Strike_G"],"damage_healed":0,"gold_gain":0,"player_choice":"Removed Attack","damage_taken":0,"max_hp_gain":0,"max_hp_loss":0,"event_name":"Falling","floor":45,"gold_loss":0},{"damage_healed":0,"gold_gain":0,"player_choice":"Upgrade","damage_taken":0,"relics_obtained":["Mark of the Bloom"],"max_hp_gain":0,"max_hp_loss":0,"event_name":"MindBloom","floor":47,"gold_loss":0,"cards_upgraded":["Defend_G","Defend_G","Defend_G","Defend_G","Defend_G","Survivor","Neutralize","Adrenaline","Underhanded Strike","Escape Plan","Ghostly","Ghostly"]}],"is_beta":false,"boss_relics":[{"not_picked":["HoveringKite","Fusion Hammer"],"picked":"Sozu"},{"not_picked":["Orrery","Cursed Key"],"picked":"Eternal Feather"}],"items_purged_floors":[4,14,39],"is_endless":false,"potions_floor_spawned":[12,16,24,30,31,33,36,37,38,48],"killed_by":"Awakened One","ascension_level":11}