{"gold_per_floor":[111,131,131,131,306,306,331,331,331,331,331,331,49,80,80,184,184,196,209,209,11,11,38,52,52,52,69,79,113,21,55,55,155,155,173,192,48,67,77,111,111,137,164,191,202,202,221,250,250,250],"floor_reached":51,"playtime":2592,"items_purged":[],"score":1106,"play_id":"19b72ae4-8b48-4f75-8c24-47ca2296dc16","local_time":"20190424043517","is_ascension_mode":true,"campfire_choices":[{"data":"Neutralize","floor":6,"key":"SMITH"},{"data":"Cloak And Dagger","floor":8,"key":"SMITH"},{"floor":12,"key":"REST"},{"floor":15,"key":"REST"},{"data":"Adrenaline","floor":25,"key":"SMITH"},{"floor":32,"key":"REST"},{"data":"Leg Sweep","floor":41,"key":"SMITH"},{"floor":49,"key":"REST"}],"neow_cost":"NONE","seed_source_timestamp":66342589067435,"circlet_count":0,"master_deck":["Defend_G","Defend_G","Defend_G","Defend_G","Defend_G","Strike_G","Strike_G","Strike_G","Survivor","Neutralize+1","Well Laid Plans","Dagger Throw","Finisher","Cloak And Dagger+1","Footwork","Deflect","Adrenaline+1","Parasite","Parasite","Cloak And Dagger","Bane+1","Deflect+1","Poisoned Stab","A Thousand Cuts+1","Flying Knee","Noxious Fumes+1","Infinite Blades+1","Crippling Poison","Adrenaline","Choke+1","Bane","Leg Sweep+1","Flying Knee","Endless Agony+1","Footwork+1","Regret","Cloak And Dagger+1","Backflip+1","Blade Dance","Dagger Spray+1"],"relics":["Ring of the Snake","Omamori","Strawberry","Ornamental Fan","Letter Opener","Oddly Smooth Stone","Frozen Egg 2","Shuriken","Calling Bell","Boot","Meat on the Bone","The Specimen","MutagenicStrength","TwistedFunnel","Darkstone Periapt","Kunai","The Courier","PreservedInsect","Cursed Key","Pen Nib","Shovel","Singing Bowl","Juzu Bracelet","Ice Cream","Ninja Scroll"],"potions_floor_usage":[7,38,40,40,50,50],"damage_taken":[{"damage":0,"enemies":"Jaw Worm","floor":1,"turns":6},{"damage":0,"enemies":"Small Slimes","floor":2,"turns":4},{"damage":14,"enemies":"Lagavulin","floor":7,"turns":8},{"damage":16,"enemies":"Gremlin Nob","floor":14,"turns":4},{"damage":6,"enemies":"Hexaghost","floor":16,"turns":14},{"damage":6,"enemies":"3 Byrds","floor":18,"turns":4},{"damage":1,"enemies":"Chosen","floor":19,"turns":5},{"damage":23,"enemies":"Slavers","floor":23,"turns":4},{"damage":7,"enemies":"Snake Plant","floor":24,"turns":4},{"damage":0,"enemies":"Centurion and Healer","floor":27,"turns":5},{"damage":2,"enemies":"Chosen and Byrds","floor":28,"turns":5},{"damage":9,"enemies":"Gremlin Leader","floor":29,"turns":5},{"damage":6,"enemies":"Slavers","floor":31,"turns":5},{"damage":24,"enemies":"Champ","floor":33,"turns":10},{"damage":17,"enemies":"3 Shapes","floor":35,"turns":3},{"damage":4,"enemies":"3 Darklings","floor":36,"turns":3},{"damage":10,"enemies":"Spire Growth","floor":38,"turns":5},{"damage":6,"enemies":"4 Shapes","floor":39,"turns":3},{"damage":36,"enemies":"Reptomancer","floor":40,"turns":4},{"damage":9,"enemies":"Nemesis","floor":42,"turns":5},{"damage":27,"enemies":"Giant Head","floor":44,"turns":6},{"damage":0,"enemies":"Sphere and 2 Shapes","floor":45,"turns":3},{"damage":18,"enemies":"Transient","floor":47,"turns":5},{"damage":13,"enemies":"Reptomancer","floor":48,"turns":4},{"damage":1,"enemies":"Awakened One","floor":50,"turns":9}],"seed_played":"-3480457211652455561","potions_obtained":[{"floor":1,"key":"SpeedPotion"},{"floor":18,"key":"SteroidPotion"},{"floor":27,"key":"Fire Potion"},{"floor":28,"key":"Ancient Potion"},{"floor":29,"key":"Regen Potion"},{"floor":33,"key":"Regen Potion"},{"floor":38,"key":"SteroidPotion"},{"floor":47,"key":"Block Potion"},{"floor":48,"key":"AttackPotion"}],"is_trial":false,"path_per_floor":["M","M","?","?","?","R","E","R","T","T","?","R","$","E","R","B",null,"M","M","?","$","?","E","M","R","T","M","M","E","$","E","R","B",null,"M","M","$","M","M","E","R","E","T","E","M","?","M","E","R","B",null],"character_chosen":"THE_SILENT","items_purchased":["Footwork","Frozen Egg 2","TwistedFunnel","Noxious Fumes+1","Infinite Blades+1","Pen Nib","Leg Sweep"],"campfire_rested":4,"item_purchase_floors":[13,13,21,30,30,37,37],"current_hp_per_floor":[70,70,70,44,44,44,30,30,30,30,23,46,46,30,53,47,77,71,70,70,70,70,47,40,40,40,40,50,41,41,47,70,46,77,60,56,56,60,54,42,42,45,51,36,48,48,42,43,68,67],"gold":250,"neow_bonus":"RANDOM_COMMON_RELIC","is_prod":false,"is_daily":false,"chose_seed":false,"campfire_upgraded":4,"win_rate":0,"timestamp":1556044517,"path_taken":["M","M","?","?","?","R","E","R","T","?","?","R","$","E","R","BOSS","M","M","?","$","?","E","M","R","T","M","M","E","$","E","R","BOSS","M","M","$","M","M","E","R","E","T","E","M","?","M","E","R","BOSS"],"build_version":"2019-01-23","purchased_purges":0,"victory":true,"max_hp_per_floor":[70,70,70,77,77,77,77,77,77,77,77,77,77,77,77,77,77,77,77,77,77,77,77,77,77,77,77,77,77,77,77,77,77,77,77,77,77,77,77,77,77,77,83,83,83,83,83,85,85,85],"card_choices":[{"not_picked":["Predator","Backflip"],"picked":"Well Laid Plans","floor":1},{"not_picked":["Deadly Poison","Underhanded Strike"],"picked":"Dagger Throw","floor":2},{"not_picked":["Blade Dance","Skewer"],"picked":"Cloak And Dagger","floor":7},{"not_picked":["Sucker Punch","Terror"],"picked":"Deflect","floor":14},{"not_picked":["A Thousand Cuts+1","Burst"],"picked":"Adrenaline","floor":16},{"not_picked":["Tactician","Outmaneuver+1"],"picked":"Cloak And Dagger","floor":18},{"not_picked":["Dagger Throw","Prepared"],"picked":"Bane+1","floor":19},{"not_picked":["Sucker Punch","Flying Knee","Skewer+1"],"picked":"SKIP","floor":23},{"not_picked":["Dagger Throw+1","Eviscerate"],"picked":"Deflect+1","floor":24},{"not_picked":["Heel Hook","Infinite Blades+1"],"picked":"Poisoned Stab","floor":27},{"not_picked":["PiercingWail+1","Dodge and Roll"],"picked":"A Thousand Cuts+1","floor":28},{"not_picked":["Setup","Quick Slash"],"picked":"Flying Knee","floor":29},{"not_picked":["Slice+1","Unload"],"picked":"Crippling Poison","floor":31},{"not_picked":["Die Die Die","Bullet Time"],"picked":"Adrenaline","floor":33},{"not_picked":["Slice+1","Riddle With Holes"],"picked":"Choke+1","floor":35},{"not_picked":["Dagger Throw","Skewer"],"picked":"Bane","floor":36},{"not_picked":["Dodge and Roll+1","Acrobatics+1"],"picked":"Flying Knee","floor":38},{"not_picked":["Accuracy+1","Deadly Poison"],"picked":"Endless Agony+1","floor":39},{"not_picked":["Unload","Bane+1","Predator"],"picked":"SKIP","floor":40},{"not_picked":["Skewer+1","Wraith Form v2+1"],"picked":"Footwork+1","floor":42},{"not_picked":["Blade Dance+1","Acrobatics+1"],"picked":"Cloak And Dagger+1","floor":44},{"not_picked":["Outmaneuver","Flying Knee+1"],"picked":"Backflip+1","floor":45},{"not_picked":["Blade Dance+1","Outmaneuver"],"picked":"Dagger Spray+1","floor":47},{"not_picked":["Underhanded Strike+1","Riddle With Holes","Malaise"],"picked":"Singing Bowl","floor":48}],"player_experience":443635,"relics_obtained":[{"floor":7,"key":"Ornamental Fan"},{"floor":9,"key":"Letter Opener"},{"floor":10,"key":"Oddly Smooth Stone"},{"floor":14,"key":"Shuriken"},{"floor":17,"key":"Boot"},{"floor":17,"key":"Meat on the Bone"},{"floor":17,"key":"The Specimen"},{"floor":23,"key":"Darkstone Periapt"},{"floor":26,"key":"Kunai"},{"floor":29,"key":"The Courier"},{"floor":31,"key":"PreservedInsect"},{"floor":40,"key":"Shovel"},{"floor":42,"key":"Singing Bowl"},{"floor":43,"key":"Juzu Bracelet"},{"floor":44,"key":"Ice Cream"},{"floor":48,"key":"Ninja Scroll"}],"event_choices":[{"damage_healed":0,"gold_gain":0,"cards_transformed":["Strike_G"],"player_choice":"Change","damage_taken":0,"max_hp_gain":0,"max_hp_loss":0,"event_name":"Living Wall","floor":3,"gold_loss":0,"cards_obtained":["Finisher"]},{"damage_healed":0,"gold_gain":0,"player_choice":"Success","damage_taken":33,"relics_obtained":["Strawberry"],"max_hp_gain":0,"max_hp_loss":0,"event_name":"Scrap Ooze","floor":4,"gold_loss":0},{"damage_healed":0,"gold_gain":175,"player_choice":"AGREE","damage_taken":0,"max_hp_gain":0,"max_hp_loss":0,"event_name":"Liars Game","floor":5,"gold_loss":0,"cards_obtained":["Doubt"]},{"cards_removed":["Strike_G"],"damage_healed":0,"gold_gain":0,"player_choice":"Card Removal","damage_taken":7,"max_hp_gain":0,"max_hp_loss":0,"event_name":"Golden Wing","floor":11,"gold_loss":0},{"damage_healed":0,"gold_gain":0,"player_choice":"Inject Mutagens","damage_taken":0,"relics_obtained":["MutagenicStrength"],"max_hp_gain":0,"max_hp_loss":0,"event_name":"Drug Dealer","floor":20,"gold_loss":0},{"damage_healed":0,"gold_gain":0,"player_choice":"Ignored","damage_taken":0,"max_hp_gain":0,"max_hp_loss":0,"event_name":"Beggar","floor":22,"gold_loss":0},{"damage_healed":0,"gold_gain":0,"player_choice":"1 cards matched","damage_taken":0,"max_hp_gain":0,"max_hp_loss":0,"event_name":"Match and Keep!","floor":46,"gold_loss":0,"cards_obtained":["Blade Dance"]}],"is_beta":false,"boss_relics":[{"not_picked":["Fusion Hammer","Runic Pyramid"],"picked":"Calling Bell"},{"not_picked":["Empty Cage","White Beast Statue"],"picked":"Cursed Key"}],"items_purged_floors":[],"is_endless":false,"potions_floor_spawned":[1,18,27,28,29,33,38,39,47,48],"ascension_level":3}