{"gold_per_floor":[111,36,49,68,68,68,82,82,82,93,128,142,168,178,178,178],"floor_reached":16,"playtime":1057,"items_purged":["Strike_B"],"score":171,"play_id":"96cc98e1-441f-4af6-9cf0-9c2c47cbff91","local_time":"20181107233555","is_ascension_mode":true,"campfire_choices":[{"data":"Double Energy","floor":6,"key":"SMITH"},{"data":"Coolheaded","floor":8,"key":"SMITH"},{"data":"Meteor Strike","floor":15,"key":"SMITH"}],"neow_cost":"NONE","seed_source_timestamp":964310075556955,"circlet_count":0,"master_deck":["AscendersBane","Strike_B","Strike_B","Strike_B","Defend_B","Defend_B","Defend_B","Defend_B","Zap","Dualcast","Coolheaded+1","Double Energy+1","BootSequence","Meteor Strike+1","Conserve Battery","Glacier","Compile Driver"],"relics":["Cracked Core","Symbiotic Virus","Bottled Lightning","Boot"],"potions_floor_usage":[11,13,13,16],"damage_taken":[{"damage":0,"enemies":"Small Slimes","floor":1,"turns":3},{"damage":5,"enemies":"Jaw Worm","floor":3,"turns":4},{"damage":4,"enemies":"2 Louse","floor":4,"turns":3},{"damage":10,"enemies":"Large Slime","floor":7,"turns":9},{"damage":8,"enemies":"Exordium Thugs","floor":10,"turns":5},{"damage":15,"enemies":"Gremlin Nob","floor":11,"turns":3},{"damage":0,"enemies":"Blue Slaver","floor":12,"turns":3},{"damage":1,"enemies":"3 Sentries","floor":13,"turns":12},{"damage":0,"enemies":"3 Louse","floor":14,"turns":4},{"damage":42,"enemies":"Hexaghost","floor":16,"turns":14}],"seed_played":"2455523418949903242","potions_obtained":[{"floor":4,"key":"Poison Potion"},{"floor":7,"key":"Ancient Potion"},{"floor":11,"key":"GamblersBrew"},{"floor":12,"key":"SkillPotion"}],"is_trial":false,"path_per_floor":["M","$","M","M","?","R","M","R","T","M","E","M","E","M","R","B"],"character_chosen":"DEFECT","items_purchased":[],"campfire_rested":0,"item_purchase_floors":[],"current_hp_per_floor":[75,75,70,66,71,71,61,61,61,53,38,38,37,37,37,0],"gold":178,"neow_bonus":"TEN_PERCENT_HP_BONUS","is_prod":false,"is_daily":false,"chose_seed":false,"campfire_upgraded":3,"win_rate":0,"timestamp":1541651755,"path_taken":["M","$","M","M","?","R","M","R","T","M","E","M","E","M","R","BOSS"],"build_version":"2018-11-01","purchased_purges":1,"victory":false,"max_hp_per_floor":[82,82,82,82,87,87,87,87,87,87,87,87,87,87,87,87],"card_choices":[{"not_picked":["Redo","Turbo"],"picked":"Coolheaded","floor":1},{"not_picked":["Coolheaded","Go for the Eyes"],"picked":"Double Energy","floor":3},{"not_picked":["White Noise","Sweeping Beam"],"picked":"BootSequence","floor":4},{"not_picked":["Gash","Coolheaded"],"picked":"Meteor Strike","floor":7},{"not_picked":["Auto Shields","Streamline"],"picked":"Conserve Battery","floor":10},{"not_picked":["Barrage","Leap"],"picked":"Glacier","floor":11},{"not_picked":["Conserve Battery","Ball Lightning","Tempest"],"picked":"SKIP","floor":12},{"not_picked":["Echo Form","Genetic Algorithm"],"picked":"Compile Driver","floor":13},{"not_picked":["Stack","Glacier","Rip and Tear"],"picked":"SKIP","floor":14}],"player_experience":638892,"relics_obtained":[{"floor":9,"key":"Symbiotic Virus"},{"floor":11,"key":"Bottled Lightning"},{"floor":13,"key":"Boot"}],"event_choices":[{"damage_healed":0,"gold_gain":0,"player_choice":"Donut","damage_taken":0,"max_hp_gain":5,"max_hp_loss":0,"event_name":"Big Fish","floor":5,"gold_loss":0}],"is_beta":false,"boss_relics":[],"items_purged_floors":[2],"is_endless":false,"potions_floor_spawned":[4,7,11,12],"killed_by":"Hexaghost","ascension_level":10}