{"gold_per_floor":[115,115,133,133,5,33,53,53,53,65,165,180,180,195,195,292,292,306,319,151,163,190,190,224,224,224,70,70,96,96,115,115,211,211,227,239,249,249,3,3,17,17,17,17,17,32,47,47,47,47],"floor_reached":50,"playtime":3562,"items_purged":[],"score":732,"play_id":"741e2889-f296-4dde-a4df-5d71aabd7fd8","local_time":"20190712233412","is_ascension_mode":false,"campfire_choices":[{"data":"Endless Agony","floor":8,"key":"SMITH"},{"data":"Phantasmal Killer","floor":15,"key":"SMITH"},{"floor":23,"key":"REST"},{"floor":28,"key":"REST"},{"floor":30,"key":"REST"},{"data":"Masterful Stab","floor":32,"key":"SMITH"},{"floor":40,"key":"REST"},{"floor":42,"key":"REST"},{"data":"Finisher","floor":45,"key":"SMITH"},{"data":"Unload","floor":49,"key":"SMITH"}],"neow_cost":"NONE","seed_source_timestamp":0,"circlet_count":0,"master_deck":["Strike_G","Strike_G","Strike_G","Strike_G","Strike_G","Defend_G","Defend_G","Defend_G","Defend_G","Survivor","Neutralize","Endless Agony+1","Flying Knee","Sucker Punch","Blur","Deflect","Terror","Dagger Spray","Dagger Spray","Phantasmal Killer+1","Quick Slash","Unload+1","Backflip","Blade Dance","Well Laid Plans+1","Finisher+1","Sucker Punch","Backstab","Bandage Up","Infinite Blades+1","Dagger Throw","Quick Slash+1","Sucker Punch","Deflect","Flying Knee","Burst","Slice","Backflip+1","Blade Dance+1","Crippling Poison","Flying Knee+1"],"special_seed":0,"relics":["Ring of the Snake","NeowsBlessing","Ninja Scroll","Bronze Scales","Frozen Egg 2","Orrery","Potion Belt","Mercury Hourglass","Pantograph","Lantern","Kunai","WristBlade","Shuriken","Incense Burner"],"potions_floor_usage":[16,19,19,24,29,29,33,33,50,50,50],"damage_taken":[{"damage":0,"enemies":"2 Louse","floor":1,"turns":1},{"damage":0,"enemies":"Small Slimes","floor":3,"turns":1},{"damage":0,"enemies":"Lagavulin","floor":6,"turns":1},{"damage":0,"enemies":"Jaw Worm","floor":7,"turns":2},{"damage":0,"enemies":"Looter","floor":10,"turns":2},{"damage":0,"enemies":"Gremlin Gang","floor":12,"turns":4},{"damage":0,"enemies":"3 Louse","floor":14,"turns":1},{"damage":0,"enemies":"Slime Boss","floor":16,"turns":3},{"damage":1,"enemies":"Chosen","floor":18,"turns":3},{"damage":21,"enemies":"2 Thieves","floor":19,"turns":3},{"damage":18,"enemies":"Shelled Parasite and Fungi","floor":21,"turns":4},{"damage":26,"enemies":"Book of Stabbing","floor":24,"turns":4},{"damage":11,"enemies":"Slavers","floor":29,"turns":2},{"damage":3,"enemies":"Sentry and Sphere","floor":31,"turns":3},{"damage":17,"enemies":"Automaton","floor":33,"turns":9},{"damage":9,"enemies":"3 Darklings","floor":35,"turns":4},{"damage":0,"enemies":"Orb Walker","floor":36,"turns":1},{"damage":19,"enemies":"3 Darklings","floor":37,"turns":3},{"damage":33,"enemies":"Writhing Mass","floor":41,"turns":4},{"damage":6,"enemies":"4 Shapes","floor":46,"turns":3},{"damage":16,"enemies":"Jaw Worm Horde","floor":47,"turns":3},{"damage":74,"enemies":"Time Eater","floor":50,"turns":7}],"seed_played":"5287302641475916891","potions_obtained":[{"floor":3,"key":"Weak Potion"},{"floor":6,"key":"FearPotion"},{"floor":14,"key":"Swift Potion"},{"floor":16,"key":"Poison Potion"},{"floor":19,"key":"Poison Potion"},{"floor":25,"key":"GamblersBrew"},{"floor":25,"key":"Explosive Potion"},{"floor":25,"key":"PowerPotion"},{"floor":29,"key":"SmokeBomb"},{"floor":35,"key":"PowerPotion"},{"floor":46,"key":"EssenceOfSteel"},{"floor":47,"key":"Swift Potion"}],"is_trial":false,"path_per_floor":["M","?","M","?","$","E","M","R","T","M","?","M","?","M","R","B",null,"M","M","$","M","T","R","E","?","T","$","R","E","R","M","R","B",null,"M","M","M","?","$","R","M","R","T","?","R","M","M","$","R","B"],"character_chosen":"THE_SILENT","items_purchased":["Sucker Punch","Blur","Bandage Up","Infinite Blades+1","Dagger Throw","Lantern","Shuriken"],"campfire_rested":5,"item_purchase_floors":[5,5,20,20,20,27,39],"current_hp_per_floor":[70,70,70,63,63,63,63,63,63,63,63,63,63,63,63,63,70,69,48,48,30,30,51,25,25,25,25,46,35,56,57,57,53,70,65,65,46,46,46,67,42,63,63,63,63,57,45,45,45,0],"gold":47,"neow_bonus":"THREE_ENEMY_KILL","is_prod":false,"is_daily":false,"chose_seed":false,"campfire_upgraded":5,"win_rate":0.0,"timestamp":1562970852,"path_taken":["M","?","M","?","?","E","M","R","T","M","?","?","?","M","R","BOSS","M","M","$","M","?","R","E","?","T","$","R","E","R","?","R","BOSS","M","M","M","?","$","R","?","R","T","?","R","M","M","$","R","BOSS"],"build_version":"2019-07-05","purchased_purges":0,"victory":false,"max_hp_per_floor":[70,70,70,70,70,70,70,70,70,70,70,70,70,70,70,70,70,70,70,70,70,70,70,70,70,70,70,70,70,70,70,70,70,70,70,70,70,70,70,70,70,70,70,70,70,70,70,70,70,70],"card_choices":[{"not_picked":["Acrobatics","Dodge and Roll"],"picked":"Endless Agony","floor":1},{"not_picked":["Escape Plan","Noxious Fumes"],"picked":"Flying Knee","floor":3},{"not_picked":["Skewer","Venomology"],"picked":"Deflect","floor":6},{"not_picked":["Caltrops","Riddle With Holes"],"picked":"Terror","floor":7},{"not_picked":["Outmaneuver","Poisoned Stab"],"picked":"Dagger Spray","floor":10},{"not_picked":["Sucker Punch","Acrobatics"],"picked":"Dagger Spray","floor":12},{"not_picked":["Glass Knife","Acrobatics"],"picked":"Quick Slash","floor":14},{"not_picked":["Malaise","Envenom+1"],"picked":"Unload","floor":16},{"not_picked":["Outmaneuver","PiercingWail"],"picked":"Backflip","floor":17},{"not_picked":["Bouncing Flask","Underhanded Strike"],"picked":"Blade Dance","floor":17},{"not_picked":["Bouncing Flask","Prepared"],"picked":"Well Laid Plans+1","floor":17},{"not_picked":["Deadly Poison","Acrobatics"],"picked":"Finisher","floor":17},{"not_picked":["Poisoned Stab","Escape Plan"],"picked":"Sucker Punch","floor":17},{"not_picked":["Bane","Catalyst"],"picked":"Masterful Stab","floor":18},{"not_picked":["Glass Knife","Poisoned Stab"],"picked":"Backstab","floor":19},{"not_picked":["Prepared","Dagger Throw"],"picked":"Quick Slash+1","floor":21},{"not_picked":["Dodge and Roll","Noxious Fumes+1"],"picked":"Sucker Punch","floor":24},{"not_picked":["Bullet Time","Underhanded Strike"],"picked":"Deflect","floor":29},{"not_picked":["Prepared","Deadly Poison"],"picked":"Flying Knee","floor":31},{"not_picked":["Phantasmal Killer","Night Terror"],"picked":"Burst","floor":33},{"not_picked":["Outmaneuver","Masterful Stab+1","Dash"],"picked":"SKIP","floor":35},{"not_picked":["Underhanded Strike+1","Prepared+1"],"picked":"Slice","floor":36},{"not_picked":["Prepared+1","PiercingWail"],"picked":"Backflip+1","floor":37},{"not_picked":["Dagger Throw+1","Deflect+1"],"picked":"Blade Dance+1","floor":41},{"not_picked":["Bane","Crippling Poison+1","PiercingWail"],"picked":"SKIP","floor":46},{"not_picked":["Predator","Acrobatics+1"],"picked":"Flying Knee+1","floor":47}],"player_experience":26950,"relics_obtained":[{"floor":6,"key":"Bronze Scales"},{"floor":9,"key":"Frozen Egg 2"},{"floor":22,"key":"Potion Belt"},{"floor":24,"key":"Mercury Hourglass"},{"floor":26,"key":"Pantograph"},{"floor":29,"key":"Kunai"},{"floor":43,"key":"Incense Burner"}],"event_choices":[{"damage_healed":0,"gold_gain":0,"player_choice":"Ignored","damage_taken":0,"max_hp_gain":0,"max_hp_loss":0,"event_name":"Golden Wing","floor":2,"gold_loss":0},{"damage_healed":0,"gold_gain":0,"player_choice":"Success","damage_taken":7,"relics_obtained":["Ninja Scroll"],"max_hp_gain":0,"max_hp_loss":0,"event_name":"Scrap Ooze","floor":4,"gold_loss":0},{"damage_healed":0,"gold_gain":100,"player_choice":"Pray","damage_taken":0,"max_hp_gain":0,"max_hp_loss":0,"event_name":"Golden Shrine","floor":11,"gold_loss":0},{"damage_healed":0,"gold_gain":0,"player_choice":"1 cards matched","damage_taken":0,"max_hp_gain":0,"max_hp_loss":0,"event_name":"Match and Keep!","floor":13,"gold_loss":0,"cards_obtained":["Phantasmal Killer"]},{"damage_healed":0,"gold_gain":0,"player_choice":"Got Potions","damage_taken":0,"max_hp_gain":0,"max_hp_loss":0,"event_name":"Lab","floor":25,"gold_loss":0},{"cards_removed":["Masterful Stab"],"damage_healed":0,"gold_gain":0,"player_choice":"Purged","damage_taken":0,"max_hp_gain":0,"max_hp_loss":0,"event_name":"Purifier","floor":38,"gold_loss":0},{"damage_healed":0,"gold_gain":0,"cards_transformed":["Defend_G"],"player_choice":"Transformed","damage_taken":0,"max_hp_gain":0,"max_hp_loss":0,"event_name":"Transmorgrifier","floor":44,"gold_loss":0,"cards_obtained":["Crippling Poison"]}],"is_beta":false,"boss_relics":[{"not_picked":["Empty Cage","Runic Dome"],"picked":"Orrery"},{"not_picked":["Snecko Eye","Sozu"],"picked":"WristBlade"}],"items_purged_floors":[],"is_endless":false,"potions_floor_spawned":[3,6,14,16,18,19,29,35,46,47],"killed_by":"Time Eater","ascension_level":0}