{"gold_per_floor":[111,0,275,4,16,30,30,105,128,146,179,179,194,179],"floor_reached":14,"playtime":341,"items_purged":["Regret"],"score":158,"play_id":"306e3917-7b9b-4587-a1f1-74ae3ac8bb60","local_time":"20190722032000","is_ascension_mode":true,"campfire_choices":[{"floor":7,"key":"REST"},{"floor":12,"key":"REST"}],"neow_cost":"CURSE","seed_source_timestamp":51683831679419,"circlet_count":0,"master_deck":["AscendersBane","Strike_B","Strike_B","Strike_B","Strike_B","Defend_B","Defend_B","Defend_B","Defend_B","Zap","Dualcast","Writhe","Core Surge","Consume","Lockon","Capacitor","Streamline","Melter","Aggregate","Cold Snap","Defragment","Genetic Algorithm"],"relics":["Cracked Core","Membership Card","Omamori","Bottled Flame"],"potions_floor_usage":[13],"damage_taken":[{"damage":6,"enemies":"Cultist","floor":1,"turns":3},{"damage":10,"enemies":"2 Louse","floor":5,"turns":2},{"damage":12,"enemies":"Jaw Worm","floor":6,"turns":2},{"damage":2,"enemies":"Exordium Wildlife","floor":10,"turns":2},{"damage":40,"enemies":"Lagavulin","floor":11,"turns":6},{"damage":23,"enemies":"Lots of Slimes","floor":13,"turns":5},{"damage":11,"enemies":"Looter","floor":14,"turns":1}],"seed_played":"-6530413704799487501","potions_obtained":[{"floor":5,"key":"GamblersBrew"},{"floor":6,"key":"Ancient Potion"}],"is_trial":false,"path_per_floor":["M","$","?","$","M","M","R","?","T","M","E","R","M","M"],"character_chosen":"DEFECT","items_purchased":["Lockon","Capacitor","Membership Card","Streamline"],"campfire_rested":2,"item_purchase_floors":[2,2,4,4],"current_hp_per_floor":[58,58,58,58,48,36,57,46,46,44,4,25,2,0],"gold":179,"neow_bonus":"THREE_RARE_CARDS","is_prod":false,"is_daily":false,"chose_seed":false,"campfire_upgraded":0,"win_rate":0,"timestamp":1563729600,"path_taken":["M","?","?","$","?","M","R","?","T","M","E","R","M","M"],"build_version":"2019-07-17","purchased_purges":1,"victory":false,"max_hp_per_floor":[71,71,71,71,71,71,71,71,71,71,71,71,71,71],"card_choices":[{"not_picked":["Thunder Strike","All For One"],"picked":"Core Surge","floor":0},{"not_picked":["Turbo","Redo"],"picked":"Consume","floor":1},{"not_picked":["Chill","Beam Cell"],"picked":"Melter","floor":5},{"not_picked":["Beam Cell","Reprogram"],"picked":"Aggregate","floor":6},{"not_picked":["Rebound","Stack"],"picked":"Cold Snap","floor":10},{"not_picked":["Stack","Amplify"],"picked":"Defragment","floor":11},{"not_picked":["Scrape","Gash"],"picked":"Genetic Algorithm","floor":13}],"player_experience":1048169,"relics_obtained":[{"floor":9,"key":"Omamori"},{"floor":11,"key":"Bottled Flame"}],"event_choices":[{"damage_healed":0,"gold_gain":275,"player_choice":"Desecrate","damage_taken":0,"max_hp_gain":0,"max_hp_loss":0,"event_name":"Golden Shrine","floor":3,"gold_loss":0,"cards_obtained":["Regret"]},{"damage_healed":0,"gold_gain":75,"player_choice":"Gather Gold","damage_taken":11,"max_hp_gain":0,"max_hp_loss":0,"event_name":"World of Goop","floor":8,"gold_loss":0}],"is_beta":false,"boss_relics":[],"items_purged_floors":[4],"is_endless":false,"potions_floor_spawned":[5,6,11],"killed_by":"Looter","ascension_level":15}