{"path_per_floor":["M","M","M","?","M","R","E","M","T","E","M","$","M","?","R","B",null,"M","M","M","$","M","M","R","?","T","M","R","?","M"],"character_chosen":"IRONCLAD","items_purchased":["Mind Blast","Orichalcum","Whetstone"],"gold_per_floor":[109,123,133,184,202,202,231,251,278,312,326,65,85,85,85,186,186,200,213,227,84,98,111,111,111,111,131,131,56,68,68],"floor_reached":31,"campfire_rested":4,"playtime":1777,"current_hp_per_floor":[67,64,63,63,51,75,60,48,48,29,17,17,10,10,37,10,93,89,77,80,80,41,23,51,51,51,28,56,56,51,0],"items_purged":[],"gold":68,"score":316,"play_id":"227f9956-321a-4336-a9b5-aa455c56d3c6","local_time":"20180331014439","is_prod":false,"is_daily":false,"is_ascension_mode":true,"campfire_upgraded":0,"timestamp":1522475079,"path_taken":["M","M","M","?","M","R","E","M","T","E","M","$","M","?","R","BOSS","M","M","M","$","M","M","R","?","T","M","R","?","M","M"],"build_version":"2018-03-29v2","purchased_purges":0,"victory":false,"master_deck":["Strike_R","Strike_R+1","Defend_R","Defend_R","Defend_R","Bash+1","Sentinel","Seeing Red","Clothesline","Warcry","Offering","Carnage","Feed","Armaments","Mind Blast","Ghostly Armor","Fiend Fire","True Grit+1","Sever Soul+1","Bludgeon+1","Havoc+1","Cleave+1","Impervious","Second Wind","Sentinel+1"],"max_hp_per_floor":[80,80,80,80,80,80,90,90,90,90,93,93,93,93,93,93,93,93,93,96,96,96,96,96,96,96,96,96,96,96,96],"relics":["White Beast Statue","Pear","Lantern","Orichalcum","Astrolabe","Whetstone","Nloth\u0027s Gift","Ancient Tea Set"],"card_choices":[{"not_picked":["Pommel Strike","Twin Strike"],"picked":"Sentinel","floor":1},{"not_picked":["Combust","Dropkick"],"picked":"Seeing Red","floor":2},{"not_picked":["Sword Boomerang","Armaments"],"picked":"Clothesline","floor":3},{"not_picked":["Dual Wield","Bludgeon"],"picked":"Warcry","floor":5},{"not_picked":["Uppercut","Double Tap"],"picked":"Offering","floor":7},{"not_picked":["Thunderclap","Clash"],"picked":"Carnage","floor":8},{"not_picked":["Headbutt","True Grit"],"picked":"Feed","floor":10},{"not_picked":["Anger","Clothesline"],"picked":"Armaments","floor":11},{"not_picked":["Clash","True Grit"],"picked":"Ghostly Armor","floor":13},{"not_picked":["Feed","Brutality"],"picked":"Fiend Fire","floor":16},{"not_picked":["Power Through","Perfected Strike"],"picked":"Havoc","floor":18},{"not_picked":["Havoc","Perfected Strike"],"picked":"Cleave","floor":20},{"not_picked":["Havoc","Infernal Blade"],"picked":"Impervious","floor":22},{"not_picked":["Perfected Strike","Warcry"],"picked":"Second Wind","floor":23},{"not_picked":["Rampage","Hemokinesis"],"picked":"Sentinel","floor":27}],"player_experience":165014,"potions_floor_usage":[5,7,7,10,10,11,13,16,16,19,20,20,22,27,30,31],"damage_taken":[{"damage":13,"enemies":"Jaw Worm","floor":1,"turns":4},{"damage":3,"enemies":"Small Slimes","floor":2,"turns":5},{"damage":1,"enemies":"Cultist","floor":3,"turns":4},{"damage":24,"enemies":"2 Fungi Beasts","floor":5,"turns":5},{"damage":25,"enemies":"Lagavulin","floor":7,"turns":6},{"damage":12,"enemies":"Exordium Thugs","floor":8,"turns":6},{"damage":19,"enemies":"3 Sentries","floor":10,"turns":5},{"damage":24,"enemies":"Gremlin Gang","floor":11,"turns":4},{"damage":7,"enemies":"Large Slime","floor":13,"turns":7},{"damage":27,"enemies":"Hexaghost","floor":16,"turns":10},{"damage":4,"enemies":"Chosen","floor":18,"turns":3},{"damage":12,"enemies":"Shell Parasite","floor":19,"turns":3},{"damage":0,"enemies":"Snake Plant","floor":20,"turns":1},{"damage":39,"enemies":"Slaver and Parasite","floor":22,"turns":7},{"damage":18,"enemies":"Sentry and Sphere","floor":23,"turns":4},{"damage":23,"enemies":"Snake Plant","floor":27,"turns":3},{"damage":5,"enemies":"Snecko","floor":30,"turns":5},{"damage":58,"enemies":"Sentry and Sphere","floor":31,"turns":7}],"event_choices":[{"event_name":"Golden Wing","player_choice":"Gained Gold","floor":4,"damage_taken":0},{"event_name":"The Lab","player_choice":"Got Potions","floor":14,"damage_taken":0},{"event_name":"N\u0027loth","player_choice":"Traded a Happy Flower","floor":25,"damage_taken":0},{"event_name":"Beggar","player_choice":"Gave Gold","floor":29,"damage_taken":0}],"boss_relics":[{"not_picked":["Sozu","Snecko Eye"],"picked":"Astrolabe"}],"potions_floor_spawned":[1,2,3,5,7,8,10,11,13,16,18,19,20,22,23,27,30],"seed_played":"-582714253977570213","killed_by":"Sentry and Sphere","ascension_level":3,"is_trial":false}