{"gold_per_floor":[117,117,127,140,155,155,189,201,227,227,227,244,6,18,18,93,93,113,42,42,56,106,106,121,141,141,141,155,155],"floor_reached":29,"playtime":2380,"items_purged":["Strike_G"],"score":401,"play_id":"fc4e4bce-2eb2-4c54-8613-ba10c7bfdb16","local_time":"20190718141826","is_ascension_mode":true,"campfire_choices":[{"data":"Neutralize","floor":6,"key":"SMITH"},{"floor":11,"key":"REST"},{"floor":15,"key":"REST"},{"floor":23,"key":"REST"},{"floor":27,"key":"REST"}],"neow_cost":"NONE","seed_source_timestamp":12830918513683,"circlet_count":0,"master_deck":["AscendersBane","Strike_G","Strike_G","Strike_G","Defend_G","Defend_G","Defend_G","Defend_G","Defend_G","Survivor","Neutralize+1","Choke","Escape Plan","Cloak And Dagger","Dodge and Roll","Prepared","Noxious Fumes","Riddle With Holes","Doppelganger","Sucker Punch","Well Laid Plans","Trip","Deadly Poison","A Thousand Cuts","Die Die Die","Dagger Spray","Catalyst","Prepared+1","Heel Hook","After Image","Outmaneuver"],"relics":["Ring of the Snake","NeowsBlessing","Bronze Scales","Dream Catcher","Runic Pyramid","Bottled Lightning","StoneCalendar"],"potions_floor_usage":[5,7,16,25,29,29,29],"damage_taken":[{"damage":0,"enemies":"Jaw Worm","floor":1,"turns":1},{"damage":0,"enemies":"Cultist","floor":3,"turns":1},{"damage":0,"enemies":"2 Louse","floor":4,"turns":1},{"damage":13,"enemies":"Lots of Slimes","floor":5,"turns":2},{"damage":40,"enemies":"Lagavulin","floor":7,"turns":9},{"damage":5,"enemies":"3 Louse","floor":8,"turns":3},{"damage":4,"enemies":"Exordium Thugs","floor":12,"turns":4},{"damage":7,"enemies":"Large Slime","floor":14,"turns":4},{"damage":23,"enemies":"Slime Boss","floor":16,"turns":6},{"damage":12,"enemies":"Shell Parasite","floor":18,"turns":6},{"damage":29,"enemies":"Spheric Guardian","floor":21,"turns":7},{"damage":4,"enemies":"Snecko","floor":24,"turns":6},{"damage":18,"enemies":"Cultist and Chosen","floor":25,"turns":7},{"damage":8,"enemies":"Centurion and Healer","floor":28,"turns":7},{"damage":22,"enemies":"Book of Stabbing","floor":29,"turns":2}],"seed_played":"-8217065684436438663","potions_obtained":[{"floor":1,"key":"Regen Potion"},{"floor":2,"key":"SkillPotion"},{"floor":2,"key":"Fire Potion"},{"floor":14,"key":"Strength Potion"},{"floor":21,"key":"Weak Potion"},{"floor":25,"key":"EntropicBrew"},{"floor":28,"key":"Poison Potion"}],"is_trial":false,"path_per_floor":["M","?","M","M","M","R","E","M","T","?","R","M","$","M","R","B",null,"M","$","T","M","?","R","M","M","T","R","M","E"],"character_chosen":"THE_SILENT","items_purchased":["Well Laid Plans","Trip","Catalyst"],"campfire_rested":4,"item_purchase_floors":[13,13,19],"current_hp_per_floor":[59,59,59,59,46,46,6,1,1,1,20,16,16,9,28,5,51,39,39,39,10,10,29,25,7,7,26,18,0],"gold":155,"neow_bonus":"THREE_ENEMY_KILL","is_prod":false,"is_daily":false,"chose_seed":false,"campfire_upgraded":1,"win_rate":0,"timestamp":1563423506,"path_taken":["M","?","?","M","?","R","E","M","T","?","R","M","$","M","R","BOSS","M","$","?","M","?","R","M","M","T","R","M","E"],"build_version":"2019-07-17","purchased_purges":1,"victory":false,"max_hp_per_floor":[66,66,66,66,66,66,66,66,66,66,66,66,66,66,66,66,66,66,66,66,66,66,66,66,66,66,66,66,66],"card_choices":[{"not_picked":["Skewer","Dodge and Roll"],"picked":"Choke","floor":1},{"not_picked":["Slice","Quick Slash"],"picked":"Escape Plan","floor":3},{"not_picked":["Deadly Poison","Bane"],"picked":"Cloak And Dagger","floor":4},{"not_picked":["Flechettes","Slice"],"picked":"Dodge and Roll","floor":5},{"not_picked":["Infinite Blades","Flechettes"],"picked":"Prepared","floor":7},{"not_picked":["Blade Dance","Tactician"],"picked":"Noxious Fumes","floor":8},{"not_picked":["Slice","Riddle With Holes"],"picked":"Doppelganger","floor":11},{"not_picked":["Blur","Catalyst"],"picked":"Sucker Punch","floor":12},{"not_picked":["Blade Dance","Flying Knee"],"picked":"Deadly Poison","floor":14},{"not_picked":["Dash","Deflect"],"picked":"A Thousand Cuts","floor":15},{"not_picked":["Envenom","Glass Knife"],"picked":"Die Die Die","floor":16},{"not_picked":["Escape Plan","Underhanded Strike"],"picked":"Dagger Spray","floor":18},{"not_picked":["Backflip","Setup"],"picked":"Prepared+1","floor":21},{"not_picked":["Dodge and Roll","Bouncing Flask"],"picked":"Heel Hook","floor":23},{"not_picked":["Skewer","Dagger Spray+1","Prepared"],"picked":"SKIP","floor":24},{"not_picked":["Infinite Blades+1","Deflect","Bane"],"picked":"SKIP","floor":25},{"not_picked":["Backflip","Bane"],"picked":"After Image","floor":27},{"not_picked":["Terror","Sucker Punch"],"picked":"Outmaneuver","floor":28}],"player_experience":1018645,"relics_obtained":[{"floor":7,"key":"Bronze Scales"},{"floor":9,"key":"Dream Catcher"},{"floor":20,"key":"Bottled Lightning"},{"floor":26,"key":"StoneCalendar"}],"event_choices":[{"damage_healed":0,"gold_gain":0,"player_choice":"Got Potions","damage_taken":0,"max_hp_gain":0,"max_hp_loss":0,"event_name":"Lab","floor":2,"gold_loss":0},{"damage_healed":0,"gold_gain":0,"cards_transformed":["Strike_G"],"player_choice":"Transformed","damage_taken":0,"max_hp_gain":0,"max_hp_loss":0,"event_name":"Transmorgrifier","floor":10,"gold_loss":0,"cards_obtained":["Riddle With Holes"]},{"damage_healed":0,"gold_gain":50,"player_choice":"Pray","damage_taken":0,"max_hp_gain":0,"max_hp_loss":0,"event_name":"Golden Shrine","floor":22,"gold_loss":0}],"is_beta":false,"boss_relics":[{"not_picked":["Calling Bell","Orrery"],"picked":"Runic Pyramid"}],"items_purged_floors":[13],"is_endless":false,"potions_floor_spawned":[1,4,14,21,25,28],"killed_by":"Book of Stabbing","ascension_level":15}