{"gold_per_floor":[115,5,5,5,5,5,39,60,85,85,124,124,124,124,124,124],"floor_reached":16,"playtime":520,"items_purged":["Strike_G"],"score":187,"play_id":"6d82ba22-07b4-4096-b718-412ac273daaa","local_time":"20181030101804","is_ascension_mode":true,"campfire_choices":[{"data":"Masterful Stab","floor":6,"key":"SMITH"},{"data":"Blur","floor":12,"key":"SMITH"},{"data":"Slice","floor":15,"key":"SMITH"}],"neow_cost":"NONE","seed_source_timestamp":222166468325282,"circlet_count":0,"master_deck":["Defend_G","Defend_G","Defend_G","Defend_G","Defend_G","Strike_G","Strike_G","Strike_G","Survivor+1","Neutralize+1","Masterful Stab+1","Blur+1","Underhanded Strike","All Out Attack","Slice+1"],"relics":["Ring of the Snake","NeowsBlessing","Golden Idol","Boot","Snake Skull","Bag of Preparation"],"potions_floor_usage":[11],"damage_taken":[{"damage":0,"enemies":"Jaw Worm","floor":1,"turns":1},{"damage":0,"enemies":"3 Sentries","floor":7,"turns":1},{"damage":0,"enemies":"Small Slimes","floor":8,"turns":1},{"damage":25,"enemies":"Gremlin Nob","floor":11,"turns":4},{"damage":44,"enemies":"The Guardian","floor":16,"turns":20}],"seed_played":"-3280923101235404965","potions_obtained":[{"floor":1,"key":"SteroidPotion"}],"is_trial":false,"path_per_floor":["M","$","?","$","?","R","E","M","T","?","E","R","?","?","R"],"character_chosen":"THE_SILENT","items_purchased":["Blur"],"campfire_rested":0,"item_purchase_floors":[2],"current_hp_per_floor":[63,63,68,68,68,68,68,68,68,61,36,36,36,36,36,0],"gold":124,"neow_bonus":"THREE_ENEMY_KILL","is_prod":false,"is_daily":false,"chose_seed":false,"campfire_upgraded":3,"win_rate":0,"timestamp":1540909084,"path_taken":["M","$","?","?","?","R","E","?","T","?","E","R","?","?","R","BOSS"],"build_version":"2018-10-25v2","purchased_purges":1,"victory":false,"max_hp_per_floor":[70,70,75,75,69,69,69,69,69,69,69,69,69,69,69,69],"card_choices":[{"not_picked":["Catalyst","Dash"],"picked":"Masterful Stab","floor":1},{"not_picked":["Noxious Fumes","Acrobatics"],"picked":"Underhanded Strike","floor":7},{"not_picked":["Poisoned Stab","Terror"],"picked":"All Out Attack","floor":8},{"not_picked":["Outmaneuver","All Out Attack"],"picked":"Slice","floor":11}],"player_experience":568457,"relics_obtained":[{"floor":7,"key":"Boot"},{"floor":9,"key":"Snake Skull"},{"floor":11,"key":"Bag of Preparation"}],"event_choices":[{"damage_healed":0,"gold_gain":0,"player_choice":"Donut","damage_taken":0,"max_hp_gain":5,"max_hp_loss":0,"event_name":"Big Fish","floor":3,"gold_loss":0},{"damage_healed":0,"gold_gain":0,"player_choice":"Lose Max HP","damage_taken":0,"relics_obtained":["Golden Idol"],"max_hp_gain":0,"max_hp_loss":6,"event_name":"Golden Idol","floor":5,"gold_loss":0},{"cards_removed":["Strike_G"],"damage_healed":0,"gold_gain":0,"player_choice":"Card Removal","damage_taken":7,"max_hp_gain":0,"max_hp_loss":0,"event_name":"Golden Wing","floor":10,"gold_loss":0},{"damage_healed":0,"gold_gain":0,"player_choice":"Forge","damage_taken":0,"max_hp_gain":0,"max_hp_loss":0,"event_name":"Accursed Blacksmith","floor":13,"gold_loss":0,"cards_upgraded":["Survivor"]},{"damage_healed":0,"gold_gain":0,"player_choice":"Upgraded","damage_taken":0,"max_hp_gain":0,"max_hp_loss":0,"event_name":"Upgrade Shrine","floor":14,"gold_loss":0,"cards_upgraded":["Neutralize"]}],"is_beta":false,"boss_relics":[],"items_purged_floors":[2],"is_endless":false,"potions_floor_spawned":[1],"killed_by":"The Guardian","ascension_level":9}