{"gold_per_floor":[115,115,115,131,143,176,176,193,267,2,2,2,2,20,20,119,119,139,139,152,162,180,180,198,198,198,47,61,61,91,105,105,105],"floor_reached":33,"playtime":1758,"items_purged":["Pain"],"score":350,"play_id":"92ebf568-cdfb-4358-a172-72b2f73c8295","local_time":"20190522213049","is_ascension_mode":true,"campfire_choices":[{"floor":7.0,"key":"REST"},{"floor":15.0,"key":"REST"},{"floor":23.0,"key":"REST"},{"floor":25.0,"key":"REST"},{"floor":32.0,"key":"REST"}],"neow_cost":"NONE","seed_source_timestamp":0,"circlet_count":0,"master_deck":["Strike_B","Strike_B","Strike_B+1","Defend_B","Defend_B","Defend_B+1","Defend_B","Zap","Dualcast","Glacier","Tempest","Ball Lightning","Force Field","Meteor Strike","Defragment+1","Secret Technique","Leap","Skim","Darkness","Core Surge","Stack+1","Reprogram","Leap","Go for the Eyes","Darkness+1","Storm+1","FTL","Echo Form+1","Reinforced Body","Stack+1"],"special_seed":0,"relics":["Cracked Core","StoneCalendar","Frozen Egg 2","Fusion Hammer","WarpedTongs","Turnip","Oddly Smooth Stone"],"potions_floor_usage":[33,33],"damage_taken":[{"damage":4.0,"enemies":"Small Slimes","floor":1.0,"turns":4.0},{"damage":0.0,"enemies":"Jaw Worm","floor":4.0,"turns":3.0},{"damage":0.0,"enemies":"2 Louse","floor":5.0,"turns":2.0},{"damage":27.0,"enemies":"3 Sentries","floor":6.0,"turns":7.0},{"damage":0.0,"enemies":"Large Slime","floor":8.0,"turns":5.0},{"damage":4.0,"enemies":"3 Louse","floor":14.0,"turns":3.0},{"damage":36.0,"enemies":"Hexaghost","floor":16.0,"turns":10.0},{"damage":4.0,"enemies":"Chosen","floor":18.0,"turns":3.0},{"damage":1.0,"enemies":"Spheric Guardian","floor":20.0,"turns":4.0},{"damage":32.0,"enemies":"Centurion and Healer","floor":21.0,"turns":7.0},{"damage":8.0,"enemies":"Snake Plant","floor":22.0,"turns":4.0},{"damage":12.0,"enemies":"Snecko","floor":24.0,"turns":4.0},{"damage":2.0,"enemies":"Centurion and Healer","floor":28.0,"turns":6.0},{"damage":41.0,"enemies":"Slavers","floor":30.0,"turns":5.0},{"damage":14.0,"enemies":"Snake Plant","floor":31.0,"turns":4.0},{"damage":30,"enemies":"Collector","floor":33,"turns":8}],"seed_played":"5296147906198342634","potions_obtained":[{"floor":5.0,"key":"Dexterity Potion"},{"floor":8.0,"key":"Dexterity Potion"},{"floor":14.0,"key":"SteroidPotion"},{"floor":20.0,"key":"EssenceOfSteel"},{"floor":22.0,"key":"SteroidPotion"},{"floor":24.0,"key":"Fire Potion"}],"is_trial":false,"path_per_floor":["M","?","?","M","M","E","R","M","T","$","$","?","?","M","R","B",null,"M","?","M","M","M","R","M","R","T","$","M","?","E","M","R","B"],"character_chosen":"DEFECT","items_purchased":["Defragment+1","Secret Technique","Leap","Storm+1"],"campfire_rested":5,"item_purchase_floors":[10,10,10,27],"current_hp_per_floor":[71,71,55,55,55,28,52,52,52,52,52,52,52,48,72,36,71,67,67,66,34,26,50,38,62,62,62,60,60,19,5,29,0],"gold":105,"neow_bonus":"TEN_PERCENT_HP_BONUS","is_prod":false,"is_daily":false,"chose_seed":false,"campfire_upgraded":0,"win_rate":0,"timestamp":1558524649,"path_taken":["M","?","?","M","M","E","R","M","T","?","$","?","?","M","R","BOSS","M","?","M","M","M","R","?","R","T","$","M","?","E","M","R","BOSS"],"build_version":"2019-01-23","purchased_purges":1,"victory":false,"max_hp_per_floor":[82,82,82,82,82,82,82,82,82,82,82,82,82,82,82,82,82,82,82,82,82,82,82,82,82,82,82,82,82,82,82,82,82],"card_choices":[{"not_picked":["Go for the Eyes","Melter"],"picked":"Glacier","floor":1.0},{"not_picked":["Sweeping Beam","Hello World"],"picked":"Tempest","floor":4.0},{"not_picked":["Streamline","Loop"],"picked":"Ball Lightning","floor":5.0},{"not_picked":["Streamline","Tempest"],"picked":"Force Field","floor":6.0},{"not_picked":["Steam","Leap"],"picked":"Meteor Strike","floor":8.0},{"not_picked":["Stack","Sweeping Beam"],"picked":"Darkness","floor":14.0},{"not_picked":["All For One","Creative AI+1"],"picked":"Core Surge","floor":16.0},{"not_picked":["Gash","Compile Driver"],"picked":"Stack+1","floor":18.0},{"not_picked":["Tempest","Streamline+1"],"picked":"Reprogram","floor":20.0},{"not_picked":["Ball Lightning","Skim"],"picked":"Leap","floor":21.0},{"not_picked":["Creative AI+1","Coolheaded"],"picked":"Go for the Eyes","floor":22.0},{"not_picked":["Barrage","Go for the Eyes"],"picked":"Darkness+1","floor":24.0},{"not_picked":["Stack","Coolheaded"],"picked":"FTL","floor":28.0},{"not_picked":["Lockon","Barrage+1"],"picked":"Reinforced Body","floor":30.0},{"not_picked":["Coolheaded","Melter+1"],"picked":"Stack+1","floor":31.0}],"player_experience":696945,"relics_obtained":[{"floor":6.0,"key":"StoneCalendar"},{"floor":9.0,"key":"Frozen Egg 2"},{"floor":26.0,"key":"Turnip"},{"floor":30.0,"key":"Oddly Smooth Stone"}],"event_choices":[{"damage_healed":0.0,"max_hp_gain":0.0,"max_hp_loss":0.0,"gold_gain":0.0,"event_name":"Golden Wing","player_choice":"Ignored","floor":2.0,"gold_loss":0.0,"damage_taken":0.0},{"damage_healed":0.0,"max_hp_gain":0.0,"max_hp_loss":0.0,"gold_gain":0.0,"event_name":"Shining Light","player_choice":"Entered Light","floor":3.0,"gold_loss":0.0,"damage_taken":16.0,"cards_upgraded":["Strike_B","Defend_B"]},{"damage_healed":0.0,"max_hp_gain":0.0,"max_hp_loss":0.0,"gold_gain":0.0,"event_name":"Liars Game","player_choice":"Ignored","floor":12.0,"gold_loss":0.0,"damage_taken":0.0},{"damage_healed":0.0,"max_hp_gain":0.0,"max_hp_loss":0.0,"gold_gain":0.0,"cards_transformed":["Strike_B"],"event_name":"Living Wall","player_choice":"Change","floor":13.0,"gold_loss":0.0,"damage_taken":0.0,"cards_obtained":["Skim"]},{"damage_healed":0.0,"max_hp_gain":0.0,"max_hp_loss":0.0,"gold_gain":0.0,"event_name":"Accursed Blacksmith","player_choice":"Rummage","floor":19.0,"gold_loss":0.0,"damage_taken":0.0,"relics_obtained":["WarpedTongs"],"cards_obtained":["Pain"]},{"damage_healed":0.0,"max_hp_gain":0.0,"max_hp_loss":0.0,"gold_gain":0.0,"event_name":"The Library","player_choice":"Read","floor":29.0,"gold_loss":0.0,"damage_taken":0.0,"cards_obtained":["Echo Form"]}],"is_beta":false,"boss_relics":[{"not_picked":["Pandora\u0027s Box","Runic Dome"],"picked":"Fusion Hammer"}],"items_purged_floors":[27],"is_endless":false,"potions_floor_spawned":[5,8,14,20,22,24],"killed_by":"Collector","ascension_level":6}