{"gold_per_floor":[369,369,386,22,37,67,67,84,111,124,124,124,158,72,72,150,150,166,176,176,196,196],"floor_reached":22,"playtime":1057,"items_purged":[],"score":442,"play_id":"ee0408b9-aa92-4988-a3ad-3980d91a9648","local_time":"20190429065415","is_ascension_mode":true,"campfire_choices":[{"floor":7,"key":"REST"},{"floor":11,"key":"REST"},{"data":"Dagger Spray","floor":15,"key":"SMITH"}],"neow_cost":"PERCENT_DAMAGE","seed_source_timestamp":419234237590363,"circlet_count":0,"master_deck":["AscendersBane","Defend_G","Defend_G","Defend_G","Defend_G","Defend_G","Strike_G","Strike_G","Strike_G","Strike_G","Survivor","Neutralize","Choke+1","Dagger Spray+1","Backstab+1","Slice+1","Well Laid Plans","Sucker Punch+1","Dagger Throw+1","Deflect","Bullet Time","Cloak And Dagger","All Out Attack+1","Footwork"],"relics":["Ring of the Snake","Molten Egg 2","Art of War","Omamori","Oddly Smooth Stone","Letter Opener","Philosopher\u0027s Stone","Paper Crane"],"potions_floor_usage":[16,16,22],"damage_taken":[{"damage":6,"enemies":"Cultist","floor":1,"turns":5},{"damage":1,"enemies":"Jaw Worm","floor":3,"turns":3},{"damage":0,"enemies":"Small Slimes","floor":5,"turns":3},{"damage":36,"enemies":"Lagavulin","floor":6,"turns":6},{"damage":0,"enemies":"Gremlin Gang","floor":8,"turns":3},{"damage":5,"enemies":"Red Slaver","floor":10,"turns":2},{"damage":0,"enemies":"Gremlin Nob","floor":13,"turns":2},{"damage":25,"enemies":"Slime Boss","floor":16,"turns":9},{"damage":25,"enemies":"Shell Parasite","floor":18,"turns":3},{"damage":12,"enemies":"Spheric Guardian","floor":19,"turns":4},{"damage":5,"enemies":"3 Cultists","floor":21,"turns":5},{"damage":23,"enemies":"Cultist and Chosen","floor":22,"turns":5}],"seed_played":"3070792102074300598","potions_obtained":[{"floor":6,"key":"AttackPotion"},{"floor":8,"key":"Swift Potion"},{"floor":19,"key":"SpeedPotion"}],"is_trial":false,"path_per_floor":["M","?","M","$","M","E","R","M","T","M","R","?","E","?","R","B",null,"M","M","T","M","M"],"character_chosen":"THE_SILENT","items_purchased":["Molten Egg 2","Backstab+1","Slice+1"],"campfire_rested":2,"item_purchase_floors":[4,4,4],"current_hp_per_floor":[38,38,37,37,37,1,20,20,20,15,34,34,34,34,34,9,52,27,15,15,10,0],"gold":196,"neow_bonus":"TWO_FIFTY_GOLD","is_prod":false,"is_daily":false,"chose_seed":false,"campfire_upgraded":1,"win_rate":0,"timestamp":1556535255,"path_taken":["M","?","M","?","M","E","R","M","T","M","R","?","E","?","R","BOSS","M","?","?","M","M"],"build_version":"2019-01-23","purchased_purges":0,"victory":false,"max_hp_per_floor":[66,66,66,66,66,66,66,66,66,66,66,66,66,66,66,66,66,66,66,66,66,66],"card_choices":[{"not_picked":["Deflect","Acrobatics"],"picked":"Choke","floor":1},{"not_picked":["Cloak And Dagger","Blade Dance"],"picked":"Dagger Spray","floor":3},{"not_picked":["Acrobatics","Blade Dance"],"picked":"Well Laid Plans","floor":5},{"not_picked":["Cloak And Dagger","Predator+1"],"picked":"Sucker Punch+1","floor":6},{"not_picked":["Underhanded Strike+1","Infinite Blades"],"picked":"Dagger Throw+1","floor":8},{"not_picked":["Sucker Punch+1","Blade Dance","Underhanded Strike+1"],"picked":"SKIP","floor":10},{"not_picked":["Unload+1","Underhanded Strike+1"],"picked":"Deflect","floor":13},{"not_picked":["Night Terror","Corpse Explosion"],"picked":"Bullet Time","floor":16},{"not_picked":["Deadly Poison","Concentrate"],"picked":"Cloak And Dagger","floor":18},{"not_picked":["Skewer+1","Bane+1"],"picked":"All Out Attack+1","floor":19},{"not_picked":["Endless Agony+1","Calculated Gamble"],"picked":"Footwork","floor":21}],"player_experience":1298882,"relics_obtained":[{"floor":6,"key":"Art of War"},{"floor":9,"key":"Omamori"},{"floor":13,"key":"Oddly Smooth Stone"},{"floor":20,"key":"Paper Crane"}],"event_choices":[{"cards_removed":["Strike_G"],"damage_healed":0,"gold_gain":0,"player_choice":"Purged","damage_taken":0,"max_hp_gain":0,"max_hp_loss":0,"event_name":"Purifier","floor":2,"gold_loss":0},{"damage_healed":0,"gold_gain":0,"player_choice":"Grow","damage_taken":0,"max_hp_gain":0,"max_hp_loss":0,"event_name":"Living Wall","floor":12,"gold_loss":0,"cards_upgraded":["Choke"]},{"damage_healed":0,"gold_gain":0,"player_choice":"Paid Gold","damage_taken":0,"relics_obtained":["Letter Opener"],"max_hp_gain":0,"max_hp_loss":0,"event_name":"WeMeetAgain","floor":14,"gold_loss":86}],"is_beta":false,"boss_relics":[{"not_picked":["Ring of the Serpent","Pandora\u0027s Box"],"picked":"Philosopher\u0027s Stone"}],"items_purged_floors":[],"is_endless":false,"potions_floor_spawned":[6,8,10,13,19],"killed_by":"Cultist and Chosen","ascension_level":20}