{"gold_per_floor":[114,124,124,140,157,190,190,221,248,248,264,274,291,291,291,395,395,380,399,413,413],"floor_reached":21,"playtime":940,"items_purged":[],"score":205,"play_id":"e545bc00-219a-45d6-bf0a-0562f68a9e54","local_time":"20190421001806","is_ascension_mode":true,"campfire_choices":[{"floor":7,"key":"REST"},{"floor":10,"key":"REST"},{"floor":15,"key":"REST"}],"neow_cost":"NONE","seed_source_timestamp":36882185081648,"circlet_count":0,"master_deck":["Defend_G","Defend_G+1","Defend_G+1","Defend_G","Defend_G","Strike_G","Strike_G","Strike_G","Strike_G","Strike_G","Survivor","Neutralize","Noxious Fumes","Choke","Distraction","Noxious Fumes","Poisoned Stab","Bane","Quick Slash","Crippling Poison","Bullet Time","Deflect","Distraction+1","Blur"],"relics":["Eternal Feather","Shovel","Omamori","Art of War","Sozu"],"potions_floor_usage":[6,11,12,13,20],"damage_taken":[{"damage":1,"enemies":"Jaw Worm","floor":1,"turns":6},{"damage":1,"enemies":"2 Louse","floor":2,"turns":3},{"damage":0,"enemies":"Small Slimes","floor":4,"turns":3},{"damage":6,"enemies":"3 Louse","floor":5,"turns":5},{"damage":65,"enemies":"Gremlin Nob","floor":6,"turns":5},{"damage":29,"enemies":"3 Sentries","floor":8,"turns":7},{"damage":10,"enemies":"Lots of Slimes","floor":11,"turns":3},{"damage":20,"enemies":"Exordium Thugs","floor":12,"turns":4},{"damage":7,"enemies":"Exordium Wildlife","floor":13,"turns":4},{"damage":32,"enemies":"The Guardian","floor":16,"turns":8},{"damage":16,"enemies":"2 Thieves","floor":18,"turns":4},{"damage":3,"enemies":"3 Byrds","floor":19,"turns":5},{"damage":38,"enemies":"Cultist and Chosen","floor":20,"turns":8},{"damage":21,"enemies":"Chosen and Byrds","floor":21,"turns":4}],"seed_played":"2405366340330339889","potions_obtained":[{"floor":4,"key":"FairyPotion"},{"floor":5,"key":"Strength Potion"},{"floor":8,"key":"Strength Potion"},{"floor":11,"key":"Poison Potion"},{"floor":12,"key":"EssenceOfSteel"},{"floor":16,"key":"EssenceOfSteel"}],"is_trial":false,"path_per_floor":["M","M","?","M","M","E","R","E","T","R","M","M","M","?","R","B",null,"M","M","M","M"],"character_chosen":"THE_SILENT","items_purchased":[],"campfire_rested":3,"item_purchase_floors":[],"current_hp_per_floor":[69,68,54,54,48,7,37,8,8,38,28,8,1,18,51,19,70,54,51,13,0],"gold":413,"neow_bonus":"BOSS_RELIC","is_prod":false,"is_daily":false,"chose_seed":false,"campfire_upgraded":0,"win_rate":0,"timestamp":1555769886,"path_taken":["M","M","?","M","M","E","R","E","T","R","M","M","M","?","R","BOSS","M","M","M","M"],"build_version":"2019-01-23","purchased_purges":0,"victory":false,"max_hp_per_floor":[70,70,70,70,70,70,70,70,70,70,70,70,70,70,70,70,70,70,70,70,70],"card_choices":[{"not_picked":["Blade Dance","Flying Knee"],"picked":"Noxious Fumes","floor":1},{"not_picked":["Skewer","Outmaneuver"],"picked":"Choke","floor":2},{"not_picked":["Sucker Punch","Setup"],"picked":"Distraction","floor":4},{"not_picked":["Blade Dance","Sucker Punch"],"picked":"Noxious Fumes","floor":5},{"not_picked":["Outmaneuver","Calculated Gamble"],"picked":"Poisoned Stab","floor":6},{"not_picked":["Storm of Steel","Underhanded Strike"],"picked":"Bane","floor":8},{"not_picked":["Setup","Prepared"],"picked":"Quick Slash","floor":11},{"not_picked":["Slice","Masterful Stab"],"picked":"Crippling Poison","floor":12},{"not_picked":["Backflip","Riddle With Holes","Eviscerate"],"picked":"SKIP","floor":13},{"not_picked":["After Image","Storm of Steel"],"picked":"Bullet Time","floor":16},{"not_picked":["Escape Plan","Crippling Poison"],"picked":"Deflect","floor":18},{"not_picked":["Slice","Sucker Punch+1"],"picked":"Distraction+1","floor":19},{"not_picked":["Deadly Poison","Phantasmal Killer"],"picked":"Blur","floor":20}],"player_experience":367674,"relics_obtained":[{"floor":6,"key":"Shovel"},{"floor":8,"key":"Omamori"},{"floor":9,"key":"Art of War"}],"event_choices":[{"damage_healed":0,"gold_gain":0,"player_choice":"Entered Light","damage_taken":14,"max_hp_gain":0,"max_hp_loss":0,"event_name":"Shining Light","floor":3,"gold_loss":0,"cards_upgraded":["Defend_G","Defend_G"]},{"damage_healed":17,"gold_gain":0,"player_choice":"Healed and dodged fight","damage_taken":0,"max_hp_gain":0,"max_hp_loss":0,"event_name":"Mushrooms","floor":14,"gold_loss":0,"cards_obtained":["Parasite"]}],"is_beta":false,"boss_relics":[{"not_picked":["WristBlade","White Beast Statue"],"picked":"Sozu"}],"items_purged_floors":[],"is_endless":false,"potions_floor_spawned":[4,5,8,11,12,16,20],"killed_by":"Chosen and Byrds","ascension_level":1}