{"gold_per_floor":[116,135,149,149,167,167,195,160,160,160,193,207,207,220,220,298,298,318,243,253,253,253],"floor_reached":22,"playtime":1039,"items_purged":[],"score":368,"play_id":"9e750012-aad5-496b-aa0f-8e04b8619992","local_time":"20190718224506","is_ascension_mode":true,"campfire_choices":[{"floor":6,"key":"REST"},{"floor":10,"key":"REST"},{"data":"Neutralize","floor":13,"key":"SMITH"},{"data":"Predator","floor":15,"key":"SMITH"}],"neow_cost":"NONE","seed_source_timestamp":8230545911034,"circlet_count":0,"master_deck":["AscendersBane","Defend_G","Defend_G","Defend_G","Defend_G","Defend_G","Survivor","Neutralize+1","Choke","Dagger Throw","Flying Knee","Dash","Leg Sweep","Dagger Spray","Heel Hook","Predator+1","Envenom","Well Laid Plans","Sucker Punch","Bite","Bite","Bite","Bite","Bite"],"relics":["Snecko Eye","Blue Candle","Tingsha","Letter Opener","The Courier","Black Star"],"potions_floor_usage":[7,22],"damage_taken":[{"damage":10,"enemies":"Cultist","floor":1,"turns":6},{"damage":0,"enemies":"2 Louse","floor":2,"turns":2},{"damage":2,"enemies":"Jaw Worm","floor":3,"turns":3},{"damage":21,"enemies":"3 Louse","floor":5,"turns":4},{"damage":29,"enemies":"Gremlin Nob","floor":7,"turns":4},{"damage":6,"enemies":"3 Sentries","floor":11,"turns":7},{"damage":0,"enemies":"2 Fungi Beasts","floor":12,"turns":3},{"damage":2,"enemies":"Exordium Thugs","floor":14,"turns":3},{"damage":18,"enemies":"The Guardian","floor":16,"turns":8},{"damage":26,"enemies":"Shell Parasite","floor":18,"turns":7},{"damage":18,"enemies":"Spheric Guardian","floor":20,"turns":5},{"damage":23,"enemies":"Snake Plant","floor":22,"turns":5}],"seed_played":"3330478169291233487","potions_obtained":[{"floor":5,"key":"Strength Potion"},{"floor":11,"key":"Explosive Potion"},{"floor":12,"key":"Dexterity Potion"}],"is_trial":false,"path_per_floor":["M","M","M","?","M","R","E","?","T","R","E","M","R","M","R","B",null,"M","?","M","?","M"],"character_chosen":"THE_SILENT","items_purchased":[],"campfire_rested":2,"item_purchase_floors":[],"current_hp_per_floor":[49,49,47,47,26,45,16,32,32,51,45,45,45,43,43,25,56,30,30,12,12,0],"gold":253,"neow_bonus":"BOSS_RELIC","is_prod":false,"is_daily":false,"chose_seed":false,"campfire_upgraded":2,"win_rate":0,"timestamp":1563453906,"path_taken":["M","?","M","?","M","R","E","?","T","R","E","M","R","M","R","BOSS","M","?","M","?","M"],"build_version":"2019-07-17","purchased_purges":0,"victory":false,"max_hp_per_floor":[66,66,66,66,66,66,66,66,66,66,66,66,66,66,66,66,66,66,66,66,46,46],"card_choices":[{"not_picked":["Dodge and Roll","Deadly Poison"],"picked":"Choke","floor":1},{"not_picked":["Blade Dance","Slice"],"picked":"Dagger Throw","floor":2},{"not_picked":["Escape Plan","Infinite Blades"],"picked":"Flying Knee","floor":3},{"not_picked":["Poisoned Stab","Glass Knife"],"picked":"Dash","floor":5},{"not_picked":["Outmaneuver","Tools of the Trade"],"picked":"Leg Sweep","floor":7},{"not_picked":["Prepared","Deflect"],"picked":"Dagger Spray","floor":11},{"not_picked":["Blade Dance","Accuracy"],"picked":"Heel Hook","floor":12},{"not_picked":["Flying Knee","Concentrate"],"picked":"Predator","floor":14},{"not_picked":["Wraith Form v2","A Thousand Cuts"],"picked":"Envenom","floor":16},{"not_picked":["Dagger Throw","Quick Slash"],"picked":"Well Laid Plans","floor":18},{"not_picked":["Slice","Deflect"],"picked":"Sucker Punch","floor":20}],"player_experience":1035615,"relics_obtained":[{"floor":7,"key":"Tingsha"},{"floor":9,"key":"Letter Opener"},{"floor":11,"key":"The Courier"}],"event_choices":[{"damage_healed":0,"gold_gain":0,"player_choice":"Box","damage_taken":0,"relics_obtained":["Blue Candle"],"max_hp_gain":0,"max_hp_loss":0,"event_name":"Big Fish","floor":4,"gold_loss":0,"cards_obtained":["Regret"]},{"damage_healed":16,"gold_gain":0,"player_choice":"Healed","damage_taken":0,"max_hp_gain":0,"max_hp_loss":0,"event_name":"The Cleric","floor":8,"gold_loss":35},{"cards_removed":["Regret"],"damage_healed":0,"gold_gain":0,"player_choice":"Gave Gold","damage_taken":0,"max_hp_gain":0,"max_hp_loss":0,"event_name":"Beggar","floor":19,"gold_loss":75},{"damage_healed":0,"gold_gain":0,"player_choice":"Became a vampire","damage_taken":0,"max_hp_gain":0,"max_hp_loss":20,"event_name":"Vampires","floor":21,"gold_loss":0,"cards_obtained":["Bite","Bite","Bite","Bite","Bite"]}],"is_beta":false,"boss_relics":[{"not_picked":["Runic Dome","Pandora\u0027s Box"],"picked":"Black Star"}],"items_purged_floors":[],"is_endless":false,"potions_floor_spawned":[5,11,12,20],"killed_by":"Snake Plant","ascension_level":15}