{"gold_per_floor":[119,21,21,32,48,48,78,78,101,134,134,134,147,164,164,235,285,304,304,323,323],"floor_reached":21,"playtime":841,"items_purged":["Defend_B"],"score":321,"play_id":"762caf30-dc44-4a96-a43a-f544f76d95f8","local_time":"20181225125517","is_ascension_mode":true,"campfire_choices":[{"data":"Streamline","floor":6,"key":"SMITH"},{"data":"Rebound","floor":8,"key":"SMITH"},{"floor":15,"key":"REST"}],"neow_cost":"TEN_PERCENT_HP_LOSS","seed_source_timestamp":387176588367837,"circlet_count":0,"master_deck":["AscendersBane","Strike_B+1","Strike_B","Defend_B","Defend_B+1","Defend_B+1","Zap+1","Dualcast+1","Rebound+1","Beam Cell+1","Streamline+1","Reinforced Body+1","Genetic Algorithm","Hyperbeam","Gash","Genetic Algorithm"],"relics":["Cracked Core","War Paint","Ancient Tea Set","Shuriken","Tiny House"],"potions_floor_usage":[7,10,16],"damage_taken":[{"damage":0,"enemies":"Cultist","floor":1,"turns":4},{"damage":0,"enemies":"Jaw Worm","floor":4,"turns":2},{"damage":0,"enemies":"2 Louse","floor":5,"turns":1},{"damage":20,"enemies":"Lagavulin","floor":7,"turns":3},{"damage":10,"enemies":"Gremlin Nob","floor":10,"turns":3},{"damage":15,"enemies":"Gremlin Gang","floor":13,"turns":4},{"damage":0,"enemies":"3 Louse","floor":14,"turns":2},{"damage":18,"enemies":"Hexaghost","floor":16,"turns":8},{"damage":19,"enemies":"2 Thieves","floor":18,"turns":3},{"damage":12,"enemies":"Chosen","floor":20,"turns":4},{"damage":24,"enemies":"Snake Plant","floor":21,"turns":1}],"seed_played":"5778894621887698184","potions_obtained":[{"floor":1,"key":"SneckoOil"},{"floor":4,"key":"Explosive Potion"},{"floor":14,"key":"Block Potion"},{"floor":17,"key":"EssenceOfSteel"},{"floor":18,"key":"Explosive Potion"},{"floor":20,"key":"Dexterity Potion"}],"is_trial":false,"path_per_floor":["M","$","?","M","M","R","E","R","T","E","?","?","M","M","R","B",null,"M","?","M","M"],"character_chosen":"DEFECT","items_purchased":["Beam Cell"],"campfire_rested":1,"item_purchase_floors":[2],"current_hp_per_floor":[64,64,64,64,64,64,44,44,44,34,21,21,6,6,25,7,55,36,36,24,0],"gold":323,"neow_bonus":"REMOVE_TWO","is_prod":false,"is_daily":false,"chose_seed":false,"campfire_upgraded":2,"win_rate":0,"timestamp":1545760517,"path_taken":["M","$","?","M","?","R","E","R","T","E","?","?","?","M","R","BOSS","M","?","M","?"],"build_version":"2018-12-20","purchased_purges":1,"victory":false,"max_hp_per_floor":[64,64,64,64,64,64,64,64,64,64,64,64,64,64,64,64,69,69,69,69,69],"card_choices":[{"not_picked":["BootSequence","Consume"],"picked":"Rebound","floor":1},{"not_picked":["Hologram","Reprogram"],"picked":"Streamline","floor":4},{"not_picked":["Rebound","Stack","Coolheaded"],"picked":"SKIP","floor":5},{"not_picked":["Lockon","Leap","Multi-Cast"],"picked":"SKIP","floor":7},{"not_picked":["Steam","Rebound"],"picked":"Reinforced Body","floor":10},{"not_picked":["Ball Lightning","Barrage","Compile Driver"],"picked":"SKIP","floor":13},{"not_picked":["Aggregate","Redo"],"picked":"Genetic Algorithm","floor":14},{"not_picked":["Meteor Strike","Fission"],"picked":"Hyperbeam","floor":16},{"not_picked":["Leap","Darkness"],"picked":"Gash","floor":17},{"not_picked":["Ball Lightning+1","Streamline","Stack"],"picked":"SKIP","floor":18},{"not_picked":["Conserve Battery","Darkness","Steam+1"],"picked":"SKIP","floor":20}],"player_experience":984110,"relics_obtained":[{"floor":7,"key":"War Paint"},{"floor":9,"key":"Ancient Tea Set"},{"floor":10,"key":"Shuriken"}],"event_choices":[{"damage_healed":0,"gold_gain":0,"player_choice":"Forge","damage_taken":0,"max_hp_gain":0,"max_hp_loss":0,"event_name":"Accursed Blacksmith","floor":3,"gold_loss":0,"cards_upgraded":["Beam Cell"]},{"damage_healed":0,"gold_gain":0,"player_choice":"Entered Light","damage_taken":13,"max_hp_gain":0,"max_hp_loss":0,"event_name":"Shining Light","floor":11,"gold_loss":0,"cards_upgraded":["Defend_B","Strike_B"]},{"damage_healed":0,"gold_gain":0,"player_choice":"Upgraded","damage_taken":0,"max_hp_gain":0,"max_hp_loss":0,"event_name":"Upgrade Shrine","floor":12,"gold_loss":0,"cards_upgraded":["Reinforced Body"]},{"damage_healed":0,"gold_gain":0,"player_choice":"Copied","damage_taken":0,"max_hp_gain":0,"max_hp_loss":0,"event_name":"Duplicator","floor":19,"gold_loss":0,"cards_obtained":["Genetic Algorithm"]}],"is_beta":false,"boss_relics":[{"not_picked":["Calling Bell","Velvet Choker"],"picked":"Tiny House"}],"items_purged_floors":[2],"is_endless":false,"potions_floor_spawned":[1,4,14,18,20],"killed_by":"Snake Plant","ascension_level":14}