{"gold_per_floor":[118,130,150,169,183,183,218,218,244,260,260,279,295,325,325,325],"floor_reached":16,"playtime":1027,"items_purged":[],"score":197,"play_id":"1f5d33e7-6e8a-47e1-a808-1fe6eabaddab","local_time":"20190707024815","is_ascension_mode":true,"campfire_choices":[{"data":"Poisoned Stab","floor":6.0,"key":"SMITH"},{"floor":8.0,"key":"REST"},{"floor":11,"key":"REST"},{"floor":15,"key":"REST"}],"neow_cost":"NONE","seed_source_timestamp":0,"circlet_count":0,"master_deck":["AscendersBane","Strike_G","Strike_G","Strike_G","Strike_G","Strike_G","Defend_G","Defend_G","Defend_G","Defend_G","Defend_G","Survivor","Neutralize","Escape Plan","Cloak And Dagger","Deflect","Well Laid Plans","Poisoned Stab+1","Distraction","Flechettes","Infinite Blades","Predator","Bullet Time"],"special_seed":0,"relics":["Ring of the Snake","NeowsBlessing","Incense Burner","Regal Pillow","Blood Vial"],"potions_floor_usage":[10,13,16],"damage_taken":[{"damage":0.0,"enemies":"Small Slimes","floor":1.0,"turns":1.0},{"damage":0.0,"enemies":"Jaw Worm","floor":2.0,"turns":1.0},{"damage":0.0,"enemies":"2 Louse","floor":3.0,"turns":1.0},{"damage":3.0,"enemies":"Red Slaver","floor":4.0,"turns":6.0},{"damage":4.0,"enemies":"Large Slime","floor":5.0,"turns":10.0},{"damage":35.0,"enemies":"Lagavulin","floor":7.0,"turns":8.0},{"damage":19,"enemies":"Gremlin Gang","floor":10,"turns":6},{"damage":5,"enemies":"Exordium Thugs","floor":12,"turns":5},{"damage":12,"enemies":"Lots of Slimes","floor":13,"turns":5},{"damage":15,"enemies":"Gremlin Nob","floor":14,"turns":4},{"damage":57,"enemies":"The Guardian","floor":16,"turns":8}],"seed_played":"6224198323325730627","potions_obtained":[{"floor":1.0,"key":"SteroidPotion"},{"floor":4.0,"key":"Energy Potion"},{"floor":10,"key":"EssenceOfSteel"},{"floor":14,"key":"Swift Potion"}],"is_trial":false,"path_per_floor":["M","M","M","M","M","R","E","R","T","M","R","M","M","E","R","B"],"character_chosen":"THE_SILENT","items_purchased":[],"campfire_rested":3,"item_purchase_floors":[],"current_hp_per_floor":[59,59,59,56,52,52,17,36,36,17,51,46,34,19,53,0],"gold":325,"neow_bonus":"THREE_ENEMY_KILL","is_prod":false,"is_daily":false,"chose_seed":false,"campfire_upgraded":1,"win_rate":0,"timestamp":1562431695,"path_taken":["M","M","M","M","M","R","E","R","T","M","R","M","M","E","R","BOSS"],"build_version":"2019-07-05","purchased_purges":0,"victory":false,"max_hp_per_floor":[66,66,66,66,66,66,66,66,66,66,66,66,66,66,66,66],"card_choices":[{"not_picked":["Reflex","Bane"],"picked":"Escape Plan","floor":1.0},{"not_picked":["Dagger Throw","Slice"],"picked":"Cloak And Dagger","floor":2.0},{"not_picked":["Underhanded Strike","Concentrate"],"picked":"Deflect","floor":3.0},{"not_picked":["Dagger Spray","Flechettes"],"picked":"Well Laid Plans","floor":4.0},{"not_picked":["Deadly Poison","Masterful Stab"],"picked":"Poisoned Stab","floor":5.0},{"not_picked":["Terror","Poisoned Stab"],"picked":"Distraction","floor":7.0},{"not_picked":["Slice","Deflect"],"picked":"Flechettes","floor":10},{"not_picked":["Outmaneuver","Accuracy"],"picked":"Infinite Blades","floor":12},{"not_picked":["Deflect","Bouncing Flask"],"picked":"Predator","floor":13},{"not_picked":["Quick Slash","Dagger Spray"],"picked":"Bullet Time","floor":14}],"player_experience":947595,"relics_obtained":[{"floor":7.0,"key":"Incense Burner"},{"floor":9.0,"key":"Regal Pillow"},{"floor":14,"key":"Blood Vial"}],"event_choices":[],"is_beta":false,"boss_relics":[],"items_purged_floors":[],"is_endless":false,"potions_floor_spawned":[1,4,10,14],"killed_by":"The Guardian","ascension_level":14}