{"gold_per_floor":[116,116,41,41,191,222,222,253,253,592,615,7,77,120,120,216,216,236,15,28,28,44,88,88,123,148,168,192,228,228,263,263,263],"floor_reached":33,"playtime":2467,"items_purged":["Doubt"],"score":787,"play_id":"57241f2c-6c59-4814-a431-12c6f6364b19","local_time":"20190716140645","is_ascension_mode":true,"campfire_choices":[{"data":"Whirlwind","floor":7.0,"key":"SMITH"},{"data":"Wild Strike","floor":15.0,"key":"SMITH"},{"data":"Corruption","floor":24,"key":"SMITH"},{"floor":30,"key":"REST"},{"floor":32,"key":"REST"}],"neow_cost":"NONE","seed_source_timestamp":313882999486815,"circlet_count":0,"master_deck":["AscendersBane","Strike_R","Strike_R","Strike_R","Strike_R","Defend_R","Defend_R","Defend_R","Defend_R","Bash","Wild Strike+1","Whirlwind+1","Carnage","Corruption+1","Thunderclap","True Grit+1","Enlightenment+1","Sentinel+1","Disarm+1","Impervious+1","Warcry+1","Shrug It Off+1","Shrug It Off+1","Uppercut","Flex+1","Sentinel+1","Spot Weakness+1","Demon Form","Heavy Blade","True Grit+1","Seeing Red+1","Havoc+1"],"special_seed":0,"relics":["Burning Blood","NeowsBlessing","Golden Idol","Dodecahedron","Omamori","Toxic Egg 2","Old Coin","Ancient Tea Set","Toolbox","Tiny Chest","Orrery","Vajra","Gremlin Horn","Sundial","Dream Catcher","Shuriken","Kunai"],"potions_floor_usage":[20,23,27,29,31],"damage_taken":[{"damage":0.0,"enemies":"Jaw Worm","floor":1.0,"turns":1.0},{"damage":0.0,"enemies":"Lagavulin","floor":6.0,"turns":1.0},{"damage":0.0,"enemies":"Gremlin Nob","floor":8.0,"turns":1.0},{"damage":20.0,"enemies":"3 Sentries","floor":10.0,"turns":5.0},{"damage":0.0,"enemies":"2 Louse","floor":11.0,"turns":2.0},{"damage":32.0,"enemies":"Gremlin Nob","floor":13.0,"turns":4.0},{"damage":0.0,"enemies":"Small Slimes","floor":14.0,"turns":2.0},{"damage":42.0,"enemies":"Hexaghost","floor":16.0,"turns":9.0},{"damage":5.0,"enemies":"Shell Parasite","floor":18.0,"turns":7.0},{"damage":0,"enemies":"Chosen","floor":20,"turns":6},{"damage":2,"enemies":"Snecko","floor":22,"turns":3},{"damage":30,"enemies":"Book of Stabbing","floor":23,"turns":8},{"damage":11,"enemies":"Gremlin Leader","floor":25,"turns":6},{"damage":7,"enemies":"Snake Plant","floor":27,"turns":5},{"damage":37,"enemies":"Sentry and Sphere","floor":28,"turns":7},{"damage":7,"enemies":"Slavers","floor":29,"turns":3},{"damage":3,"enemies":"Gremlin Leader","floor":31,"turns":6},{"damage":77,"enemies":"Collector","floor":33,"turns":7}],"seed_played":"6752485623189171521","potions_obtained":[{"floor":10.0,"key":"Regen Potion"},{"floor":11.0,"key":"Fruit Juice"},{"floor":13.0,"key":"Ancient Potion"},{"floor":16.0,"key":"GamblersBrew"},{"floor":22,"key":"Strength Potion"},{"floor":25,"key":"Block Potion"},{"floor":28,"key":"Block Potion"}],"is_trial":false,"path_per_floor":["M","?","?","?","?","E","R","E","T","E","M","$","E","M","R","B",null,"M","$","M","?","M","E","R","E","T","M","M","E","R","E","R","B"],"character_chosen":"IRONCLAD","items_purchased":["True Grit+1","Enlightenment+1","Ancient Tea Set","Toolbox","Vajra","Flex+1"],"campfire_rested":2,"item_purchase_floors":[12,12,12,12,19,19],"current_hp_per_floor":[74,79,79,72,72,72,72,72,72,58,69,69,43,49,49,28,65,66,66,72,72,76,52,52,47,47,46,15,14,37,40,63,0],"gold":263,"neow_bonus":"THREE_ENEMY_KILL","is_prod":false,"is_daily":false,"chose_seed":false,"campfire_upgraded":3,"win_rate":0,"timestamp":1563300405,"path_taken":["M","?","?","?","?","E","R","E","T","E","M","$","E","M","R","BOSS","M","$","M","?","M","E","R","E","T","M","M","E","R","E","R","BOSS"],"build_version":"2019-07-05","purchased_purges":1,"victory":false,"max_hp_per_floor":[75,80,80,72,72,72,72,72,72,72,77,77,77,77,77,77,77,77,77,77,77,77,77,77,77,77,77,77,77,77,77,77,77],"card_choices":[{"not_picked":["Anger","Perfected Strike"],"picked":"Wild Strike","floor":1.0},{"not_picked":["Anger","Headbutt"],"picked":"Whirlwind","floor":6.0},{"not_picked":["Anger","Body Slam"],"picked":"Carnage","floor":8.0},{"not_picked":["Iron Wave","Dropkick"],"picked":"Corruption","floor":10.0},{"not_picked":["Anger","Twin Strike"],"picked":"Thunderclap","floor":11.0},{"not_picked":["Shrug It Off+1","Headbutt"],"picked":"Sentinel+1","floor":13.0},{"not_picked":["Warcry+1","Clothesline"],"picked":"Disarm+1","floor":14.0},{"not_picked":["Exhume+1","Dark Embrace"],"picked":"Impervious+1","floor":16.0},{"not_picked":["Cleave","Clothesline"],"picked":"Warcry+1","floor":17.0},{"not_picked":["Warcry+1","Clash"],"picked":"Shrug It Off+1","floor":17.0},{"not_picked":["Brutality","True Grit+1"],"picked":"Shrug It Off+1","floor":17.0},{"not_picked":["Heavy Blade","Cleave"],"picked":"Uppercut","floor":17.0},{"not_picked":["Twin Strike","Evolve","Thunderclap"],"picked":"SKIP","floor":18.0},{"not_picked":["Sword Boomerang","Second Wind+1"],"picked":"Sentinel+1","floor":20},{"not_picked":["Second Wind+1","Wild Strike"],"picked":"Demon Form","floor":22},{"not_picked":["Second Wind+1","Combust"],"picked":"Heavy Blade","floor":23},{"not_picked":["Blood for Blood","Corruption","Immolate"],"picked":"SKIP","floor":25},{"not_picked":["Iron Wave","Sword Boomerang"],"picked":"True Grit+1","floor":27},{"not_picked":["Clothesline","Perfected Strike","Havoc+1"],"picked":"SKIP","floor":28},{"not_picked":["Clothesline","Havoc+1"],"picked":"Seeing Red+1","floor":29},{"not_picked":["Fire Breathing","Cleave+1","Dual Wield+1"],"picked":"SKIP","floor":31},{"not_picked":["Pommel Strike","Heavy Blade"],"picked":"Havoc+1","floor":32}],"player_experience":1602052,"relics_obtained":[{"floor":6.0,"key":"Dodecahedron"},{"floor":8.0,"key":"Omamori"},{"floor":9.0,"key":"Toxic Egg 2"},{"floor":10.0,"key":"Old Coin"},{"floor":13.0,"key":"Tiny Chest"},{"floor":23,"key":"Gremlin Horn"},{"floor":25,"key":"Sundial"},{"floor":26,"key":"Dream Catcher"},{"floor":29,"key":"Shuriken"},{"floor":31,"key":"Kunai"}],"event_choices":[{"damage_healed":0.0,"max_hp_gain":5.0,"max_hp_loss":0.0,"gold_gain":0.0,"event_name":"Big Fish","player_choice":"Donut","floor":2.0,"gold_loss":0.0,"damage_taken":0.0},{"cards_removed":["Strike_R"],"damage_healed":0.0,"max_hp_gain":0.0,"max_hp_loss":0.0,"gold_gain":0.0,"event_name":"The Cleric","player_choice":"Card Removal","floor":3.0,"gold_loss":75.0,"damage_taken":0.0},{"damage_healed":0.0,"max_hp_gain":0.0,"max_hp_loss":8.0,"gold_gain":0.0,"event_name":"Golden Idol","player_choice":"Lose Max HP","floor":4.0,"gold_loss":0.0,"damage_taken":0.0,"relics_obtained":["Golden Idol"]},{"damage_healed":0.0,"max_hp_gain":0.0,"max_hp_loss":0.0,"gold_gain":150.0,"event_name":"Liars Game","player_choice":"AGREE","floor":5.0,"gold_loss":0.0,"damage_taken":0.0,"cards_obtained":["Doubt"]},{"damage_healed":0,"gold_gain":0,"player_choice":"Read","damage_taken":0,"max_hp_gain":0,"max_hp_loss":0,"event_name":"The Library","floor":21,"gold_loss":0,"cards_obtained":["Spot Weakness"]}],"is_beta":false,"boss_relics":[{"not_picked":["Lizard Tail","White Beast Statue"],"picked":"Orrery"}],"items_purged_floors":[12],"is_endless":false,"potions_floor_spawned":[10,11,13,16,18,22,25,28],"killed_by":"Collector","ascension_level":18}