{"gold_per_floor":[112,8,38,3,3,33,55,55,79,96,121,121,148,165,165,266,266,278,295,295,312,327,327,202,202,202,202,202,229,249,261,261,359,359,369,369,388,402,56,56,83,83,83,103,103,103,117,117,117,117],"floor_reached":51,"playtime":3607,"items_purged":[],"score":807,"play_id":"fcf33dfb-19dd-4e38-b70c-8237a9535e73","local_time":"20190422015436","is_ascension_mode":true,"campfire_choices":[{"floor":12,"key":"REST"},{"floor":15,"key":"REST"},{"floor":23,"key":"REST"},{"floor":25,"key":"REST"},{"data":"Noxious Fumes","floor":28,"key":"SMITH"},{"floor":32,"key":"REST"},{"floor":40,"key":"REST"},{"floor":42,"key":"REST"},{"floor":46,"key":"REST"},{"data":"Envenom","floor":49,"key":"SMITH"}],"neow_cost":"NONE","seed_source_timestamp":35120997303329,"circlet_count":0,"master_deck":["Survivor","Neutralize","Backflip","Noxious Fumes+1","Poisoned Stab","Burst","Dagger Throw","Prepared","Cloak And Dagger","Sucker Punch+1","Infinite Blades","Envenom+1","Burst","Grand Finale+1","Acrobatics","Infinite Blades","Dodge and Roll","Tools of the Trade","Die Die Die","Acrobatics","Eviscerate","Envenom","Bouncing Flask","Dagger Spray+1","Well Laid Plans","Bandage Up","Backstab","Cloak And Dagger+1","Tactician","Corpse Explosion","Footwork","Cloak And Dagger","Distraction+1","Panache","Distraction","Prepared+1","Thinking Ahead","Parasite","Deflect+1"],"relics":["Ring of the Snake","NeowsBlessing","Tiny Chest","Mummified Hand","Pocketwatch","Odd Mushroom","Blood Vial","Bottled Tornado","Anchor","Pandora\u0027s Box","Question Card","Bottled Flame","Incense Burner","Whetstone","Gremlin Horn","Oddly Smooth Stone"],"potions_floor_usage":[13,16,16,16,18,21,29,30,31,33,44,50,50],"damage_taken":[{"damage":0,"enemies":"Jaw Worm","floor":1,"turns":1},{"damage":0,"enemies":"Gremlin Nob","floor":6,"turns":1},{"damage":0,"enemies":"The Mushroom Lair","floor":7,"turns":1},{"damage":11,"enemies":"Small Slimes","floor":10,"turns":3},{"damage":16,"enemies":"3 Sentries","floor":11,"turns":7},{"damage":23,"enemies":"Gremlin Nob","floor":13,"turns":5},{"damage":0,"enemies":"2 Louse","floor":14,"turns":4},{"damage":19,"enemies":"The Guardian","floor":16,"turns":11},{"damage":33,"enemies":"Spheric Guardian","floor":18,"turns":6},{"damage":20,"enemies":"2 Thieves","floor":19,"turns":5},{"damage":5,"enemies":"Centurion and Healer","floor":21,"turns":8},{"damage":0,"enemies":"Chosen and Byrds","floor":22,"turns":4},{"damage":39,"enemies":"Gremlin Leader","floor":29,"turns":8},{"damage":10,"enemies":"Cultist and Chosen","floor":30,"turns":4},{"damage":8,"enemies":"Centurion and Healer","floor":31,"turns":5},{"damage":42,"enemies":"Champ","floor":33,"turns":11},{"damage":5,"enemies":"3 Shapes","floor":35,"turns":4},{"damage":28,"enemies":"3 Darklings","floor":37,"turns":4},{"damage":34,"enemies":"Spire Growth","floor":38,"turns":5},{"damage":30,"enemies":"Nemesis","floor":41,"turns":7},{"damage":2,"enemies":"Jaw Worm Horde","floor":44,"turns":3},{"damage":40,"enemies":"Writhing Mass","floor":47,"turns":6},{"damage":42,"enemies":"Donu and Deca","floor":50,"turns":8}],"seed_played":"-487733436695883148","potions_obtained":[{"floor":6,"key":"EssenceOfSteel"},{"floor":10,"key":"SpeedPotion"},{"floor":11,"key":"EntropicBrew"},{"floor":19,"key":"Poison Potion"},{"floor":21,"key":"Explosive Potion"},{"floor":30,"key":"GhostInAJar"},{"floor":31,"key":"Weak Potion"},{"floor":37,"key":"SpeedPotion"},{"floor":38,"key":"GamblersBrew"},{"floor":44,"key":"Energy Potion"},{"floor":47,"key":"PowerPotion"}],"is_trial":false,"path_per_floor":["M","$","?","?","T","E","?","?","T","M","E","R","E","M","R","B",null,"M","M","T","M","M","R","$","R","T","?","R","E","M","M","R","B",null,"M","?","M","M","$","R","E","R","T","M","?","R","M","?","R","B",null],"character_chosen":"THE_SILENT","items_purchased":["Noxious Fumes","Poisoned Stab","Well Laid Plans","Bandage Up","Whetstone","Panache"],"campfire_rested":8,"item_purchase_floors":[2,2,24,24,39,39],"current_hp_per_floor":[70,70,45,62,62,62,62,62,62,53,39,60,39,41,62,45,70,37,19,19,16,18,39,39,60,60,60,60,27,27,29,50,18,70,65,70,42,18,18,39,15,36,36,44,44,65,31,61,61,27],"gold":117,"neow_bonus":"THREE_ENEMY_KILL","is_prod":false,"is_daily":false,"chose_seed":false,"campfire_upgraded":2,"win_rate":0,"timestamp":1555862076,"path_taken":["M","$","?","?","?","E","?","?","T","?","E","R","E","M","R","BOSS","M","M","?","M","?","R","?","R","T","?","R","E","M","M","R","BOSS","M","?","M","?","$","R","E","R","T","?","?","R","M","?","R","BOSS"],"build_version":"2019-01-23","purchased_purges":0,"victory":true,"max_hp_per_floor":[70,70,70,70,70,70,70,70,70,70,70,70,70,70,70,70,70,70,70,70,70,70,70,70,70,70,70,70,70,70,70,70,70,70,70,70,70,70,70,70,70,70,70,70,70,70,70,61,61,61],"card_choices":[{"not_picked":["Underhanded Strike","Terror"],"picked":"Backflip","floor":1},{"not_picked":["Crippling Poison","Quick Slash"],"picked":"Burst","floor":6},{"not_picked":["Underhanded Strike","Outmaneuver"],"picked":"Dagger Throw","floor":7},{"not_picked":["Reflex","Accuracy"],"picked":"Prepared","floor":10},{"not_picked":["Deadly Poison","Wraith Form v2"],"picked":"Cloak And Dagger","floor":11},{"not_picked":["Prepared","Distraction"],"picked":"Sucker Punch","floor":13},{"not_picked":["Dodge and Roll","Riddle With Holes"],"picked":"Infinite Blades","floor":14},{"not_picked":["Adrenaline","Storm of Steel"],"picked":"Envenom","floor":16},{"not_picked":["Expertise","Flechettes","Blade Dance"],"picked":"SKIP","floor":18},{"not_picked":["Expertise","Blade Dance"],"picked":"Flechettes","floor":18},{"not_picked":["Slice","Outmaneuver"],"picked":"Bouncing Flask","floor":19},{"not_picked":["Terror","Backstab","Dash+1"],"picked":"Dagger Spray","floor":21},{"not_picked":["Deadly Poison","Heel Hook","Flying Knee"],"picked":"Dagger Spray+1","floor":22},{"not_picked":["Bullet Time","Slice+1","Acrobatics"],"picked":"Backstab","floor":29},{"not_picked":["Sucker Punch+1","Dagger Spray","PiercingWail+1"],"picked":"Cloak And Dagger+1","floor":30},{"not_picked":["Expertise","Setup","Prepared"],"picked":"Tactician","floor":31},{"not_picked":["Glass Knife","Unload","Bullet Time"],"picked":"Corpse Explosion","floor":33},{"not_picked":["All Out Attack+1","Expertise+1","Backflip"],"picked":"Footwork","floor":35},{"not_picked":["Escape Plan","Poisoned Stab+1","Backflip"],"picked":"Cloak And Dagger","floor":37},{"not_picked":["Dash+1","Riddle With Holes+1","Sucker Punch"],"picked":"Distraction+1","floor":38},{"not_picked":["Skewer+1","Deadly Poison","Prepared"],"picked":"Distraction","floor":41},{"not_picked":["Finisher","Blade Dance+1","Sucker Punch"],"picked":"Prepared+1","floor":44},{"not_picked":["Dramatic Entrance","Mind Blast","The Bomb"],"picked":"Thinking Ahead","floor":45},{"not_picked":["Bane+1","Dagger Spray","Backflip+1"],"picked":"Deflect+1","floor":47}],"player_experience":413137,"relics_obtained":[{"floor":5,"key":"Mummified Hand"},{"floor":6,"key":"Pocketwatch"},{"floor":7,"key":"Odd Mushroom"},{"floor":9,"key":"Blood Vial"},{"floor":11,"key":"Bottled Tornado"},{"floor":13,"key":"Anchor"},{"floor":20,"key":"Question Card"},{"floor":26,"key":"Bottled Flame"},{"floor":29,"key":"Incense Burner"},{"floor":41,"key":"Gremlin Horn"},{"floor":43,"key":"Oddly Smooth Stone"}],"event_choices":[{"damage_healed":0,"gold_gain":0,"player_choice":"Success","damage_taken":25,"relics_obtained":["Tiny Chest"],"max_hp_gain":0,"max_hp_loss":0,"event_name":"Scrap Ooze","floor":3,"gold_loss":0},{"damage_healed":17,"gold_gain":0,"player_choice":"Healed","damage_taken":0,"max_hp_gain":0,"max_hp_loss":0,"event_name":"The Cleric","floor":4,"gold_loss":35},{"damage_healed":0,"gold_gain":0,"player_choice":"Fought Mushrooms","damage_taken":0,"max_hp_gain":0,"max_hp_loss":0,"event_name":"Mushrooms","floor":7,"gold_loss":0},{"damage_healed":0,"gold_gain":0,"player_choice":"Ignored","damage_taken":0,"max_hp_gain":0,"max_hp_loss":0,"event_name":"Shining Light","floor":8,"gold_loss":0},{"cards_removed":["Dagger Spray"],"damage_healed":0,"gold_gain":0,"player_choice":"Elegance","damage_taken":0,"max_hp_gain":0,"max_hp_loss":0,"event_name":"Back to Basics","floor":27,"gold_loss":0},{"cards_removed":["Flechettes"],"damage_healed":5,"gold_gain":0,"player_choice":"Offered Uncommon","damage_taken":0,"max_hp_gain":0,"max_hp_loss":0,"event_name":"Bonfire Elementals","floor":36,"gold_loss":0},{"damage_healed":0,"gold_gain":0,"player_choice":"Memory 1","damage_taken":0,"max_hp_gain":0,"max_hp_loss":0,"event_name":"SensoryStone","floor":45,"gold_loss":0},{"damage_healed":61,"gold_gain":0,"player_choice":"Heal","damage_taken":0,"max_hp_gain":0,"max_hp_loss":9,"event_name":"The Moai Head","floor":48,"gold_loss":0}],"is_beta":false,"boss_relics":[{"not_picked":["Sozu","Philosopher\u0027s Stone"],"picked":"Pandora\u0027s Box"},{"not_picked":["Snecko Eye","Coffee Dripper","Fusion Hammer"]}],"items_purged_floors":[],"is_endless":false,"potions_floor_spawned":[6,10,11,19,21,30,31,37,38,44,47],"ascension_level":2}