{"gold_per_floor":[112,262,262,276,276,276,289,289,312,312,328,340,351,19,19,19],"floor_reached":16,"playtime":449,"items_purged":[],"score":161,"play_id":"ae3d892d-d81d-43b8-8a86-4a934b5681cb","local_time":"20190716222158","is_ascension_mode":true,"campfire_choices":[{"data":"Zap","floor":6,"key":"SMITH"},{"data":"Recycle","floor":8,"key":"SMITH"},{"data":"Hologram","floor":10,"key":"SMITH"},{"floor":15,"key":"REST"}],"neow_cost":"CURSE","seed_source_timestamp":59743535480990,"circlet_count":0,"master_deck":["AscendersBane","Strike_B","Strike_B","Strike_B","Strike_B","Defend_B","Defend_B","Defend_B","Defend_B","Zap+1","Dualcast","Decay","Hologram+1","Recycle+1","Regret","Compile Driver","Coolheaded","Ball Lightning","Static Discharge","Stack"],"relics":["Cracked Core","Calipers","Juzu Bracelet","Ice Cream"],"potions_floor_usage":[13],"damage_taken":[{"damage":7,"enemies":"Jaw Worm","floor":1,"turns":3},{"damage":0,"enemies":"2 Louse","floor":4,"turns":3},{"damage":3,"enemies":"Small Slimes","floor":7,"turns":4},{"damage":13,"enemies":"2 Fungi Beasts","floor":11,"turns":3},{"damage":17,"enemies":"Exordium Wildlife","floor":12,"turns":6},{"damage":19,"enemies":"Gremlin Gang","floor":13,"turns":5},{"damage":43,"enemies":"Hexaghost","floor":16,"turns":10}],"seed_played":"6792453648086824902","potions_obtained":[{"floor":1,"key":"FearPotion"},{"floor":13,"key":"Explosive Potion"}],"is_trial":false,"path_per_floor":["M","?","?","M","?","R","M","R","T","R","M","M","M","$","R","B"],"character_chosen":"DEFECT","items_purchased":["Ice Cream","Stack"],"campfire_rested":1,"item_purchase_floors":[14,14],"current_hp_per_floor":[71,71,64,64,64,64,61,61,61,61,48,31,12,12,37,0],"gold":19,"neow_bonus":"TWENTY_PERCENT_HP_BONUS","is_prod":false,"is_daily":false,"chose_seed":false,"campfire_upgraded":3,"win_rate":0,"timestamp":1563279718,"path_taken":["M","?","?","M","?","R","M","R","T","R","M","M","M","$","R","BOSS"],"build_version":"2019-07-05","purchased_purges":0,"victory":false,"max_hp_per_floor":[85,85,85,85,85,85,85,85,85,85,85,85,85,85,85,85],"card_choices":[{"not_picked":["Beam Cell","Storm"],"picked":"Hologram","floor":1},{"not_picked":["Stack","Go for the Eyes"],"picked":"Recycle","floor":4},{"not_picked":["Beam Cell","Leap"],"picked":"Compile Driver","floor":7},{"not_picked":["Steam","Gash"],"picked":"Coolheaded","floor":11},{"not_picked":["Conserve Battery","Go for the Eyes"],"picked":"Ball Lightning","floor":12},{"not_picked":["Beam Cell","Ball Lightning"],"picked":"Static Discharge","floor":13}],"player_experience":993799,"relics_obtained":[{"floor":9,"key":"Juzu Bracelet"}],"event_choices":[{"damage_healed":0,"gold_gain":150,"player_choice":"AGREE","damage_taken":0,"max_hp_gain":0,"max_hp_loss":0,"event_name":"Liars Game","floor":2,"gold_loss":0,"cards_obtained":["Doubt"]},{"cards_removed":["Doubt"],"damage_healed":0,"gold_gain":0,"player_choice":"Card Removal","damage_taken":7,"max_hp_gain":0,"max_hp_loss":0,"event_name":"Golden Wing","floor":3,"gold_loss":0},{"damage_healed":0,"gold_gain":0,"player_choice":"Box","damage_taken":0,"relics_obtained":["Calipers"],"max_hp_gain":0,"max_hp_loss":0,"event_name":"Big Fish","floor":5,"gold_loss":0,"cards_obtained":["Regret"]}],"is_beta":false,"boss_relics":[],"items_purged_floors":[],"is_endless":false,"potions_floor_spawned":[1,13],"killed_by":"Hexaghost","ascension_level":15}