{"path_per_floor":["M","M","M","?","M","E","M","M","T","E","R","$","M","M","R","B",null,"M","$","?","M","M","E","R","M","T","R","M","M","M"],"character_chosen":"IRONCLAD","items_purchased":["Flex","Strength Potion","Metallicize","Blood Vial"],"gold_per_floor":[109,121,132,132,142,176,190,204,204,232,232,139,153,168,168,268,268,282,55,55,73,92,124,124,141,141,141,155,175,191,191],"floor_reached":31,"campfire_rested":2,"playtime":1809,"current_hp_per_floor":[84,87,86,79,47,34,37,45,45,39,65,65,71,75,75,63,87,85,85,85,73,77,51,51,51,51,77,79,64,37,0],"items_purged":[],"gold":191,"score":303,"play_id":"f29910dd-961b-46f4-8741-667f85a82c78","local_time":"20180330025356","is_prod":false,"is_daily":false,"is_ascension_mode":true,"campfire_upgraded":2,"timestamp":1522392836,"path_taken":["M","M","M","?","M","E","M","M","T","E","R","$","M","?","R","BOSS","M","$","?","M","M","E","R","?","T","R","M","M","M","E"],"build_version":"2018-03-29","purchased_purges":0,"victory":false,"master_deck":["Strike_R","Strike_R","Strike_R","Strike_R","Strike_R","Defend_R","Defend_R","Defend_R","Whirlwind","Pommel Strike","Armaments+1","Twin Strike","Perfected Strike","Intimidate","Havoc","True Grit","Flex","Feel No Pain","Ghostly Armor","Juggernaut","Armaments+1","Metallicize","Flame Barrier","Immolate","Dual Wield+1","Shrug It Off","Shrug It Off"],"max_hp_per_floor":[87,87,87,87,87,87,87,87,87,87,87,87,87,87,87,87,87,87,87,87,87,87,87,87,87,87,87,87,87,87,87],"relics":["Burning Blood","Strawberry","Magic Flower","Ice Cream","Bronze Scales","Philosopher\u0027s Stone","Blood Vial","Paper Frog","Peace Pipe"],"card_choices":[{"not_picked":["Cleave","Rupture"],"picked":"Whirlwind","floor":1},{"not_picked":["Cleave","Anger"],"picked":"Pommel Strike","floor":2},{"not_picked":["Anger","Carnage"],"picked":"Armaments","floor":3},{"not_picked":["Anger","Uppercut"],"picked":"Twin Strike","floor":5},{"not_picked":["Feel No Pain","Flex"],"picked":"Perfected Strike","floor":6},{"not_picked":["Rupture","Perfected Strike"],"picked":"Intimidate","floor":7},{"not_picked":["Cleave","Perfected Strike"],"picked":"Havoc","floor":8},{"not_picked":["Berserk","Reckless Charge"],"picked":"True Grit","floor":10},{"not_picked":["Cleave","Twin Strike"],"picked":"Feel No Pain","floor":13},{"not_picked":["Clash","Headbutt"],"picked":"Ghostly Armor","floor":14},{"not_picked":["Berserk","Double Tap"],"picked":"Juggernaut","floor":16},{"not_picked":["Perfected Strike","Evolve"],"picked":"Armaments","floor":18},{"not_picked":["True Grit","Bloodletting"],"picked":"Flame Barrier","floor":21},{"not_picked":["Searing Blow","Intimidate"],"picked":"Immolate","floor":23},{"not_picked":["Evolve","Cleave"],"picked":"Dual Wield","floor":28},{"not_picked":["True Grit","Thunderclap"],"picked":"Shrug It Off","floor":29},{"not_picked":["Twin Strike","True Grit"],"picked":"Shrug It Off","floor":30}],"player_experience":155295,"potions_floor_usage":[6,7,16,16,18,23,29,29,30,31],"damage_taken":[{"damage":9,"enemies":"Jaw Worm","floor":1,"turns":4},{"damage":1,"enemies":"Cultist","floor":2,"turns":4},{"damage":7,"enemies":"Small Slimes","floor":3,"turns":3},{"damage":38,"enemies":"Gremlin Gang","floor":5,"turns":7},{"damage":19,"enemies":"3 Sentries","floor":6,"turns":6},{"damage":16,"enemies":"Blue Slaver","floor":7,"turns":3},{"damage":1,"enemies":"3 Louse","floor":8,"turns":3},{"damage":15,"enemies":"Gremlin Nob","floor":10,"turns":4},{"damage":3,"enemies":"Red Slaver","floor":13,"turns":3},{"damage":5,"enemies":"Exordium Wildlife","floor":14,"turns":2},{"damage":21,"enemies":"The Guardian","floor":16,"turns":9},{"damage":11,"enemies":"Chosen","floor":18,"turns":5},{"damage":23,"enemies":"Spheric Guardian","floor":21,"turns":5},{"damage":8,"enemies":"3 Cultists","floor":22,"turns":5},{"damage":38,"enemies":"Book of Stabbing","floor":23,"turns":6},{"damage":12,"enemies":"Centurion and Healer","floor":25,"turns":8},{"damage":10,"enemies":"Snecko","floor":28,"turns":5},{"damage":27,"enemies":"Cultist and Chosen","floor":29,"turns":5},{"damage":39,"enemies":"3 Cultists","floor":30,"turns":6},{"damage":40,"enemies":"Gremlin Leader","floor":31,"turns":5}],"event_choices":[{"event_name":"Golden Wing","player_choice":"Card Removal","floor":4,"damage_taken":0},{"event_name":"Bonfire Elementals","player_choice":"BASIC","floor":20,"damage_taken":0}],"boss_relics":[{"not_picked":["Runic Pyramid","Snecko Eye"],"picked":"Philosopher\u0027s Stone"}],"potions_floor_spawned":[1,2,6,10,13,16,21,25,29,30],"seed_played":"-3528257211880144867","killed_by":"Gremlin Leader","ascension_level":2,"is_trial":false}