{"gold_per_floor":[116,136,32,32,32,32,60,79,106,117,144,144,163,177,177,254,254,271,304,324,337,337,337,371,391,391,391,408,419,419,419],"floor_reached":31,"playtime":1757,"items_purged":[],"score":590,"play_id":"0882ea41-3519-4d04-8c64-1bbe21bc2d05","local_time":"20190830230008","is_ascension_mode":true,"campfire_choices":[{"data":"Dualcast","floor":6.0,"key":"SMITH"},{"data":"Zap","floor":12.0,"key":"SMITH"},{"data":"Coolheaded","floor":15.0,"key":"SMITH"},{"data":"Conserve Battery","floor":23.0,"key":"SMITH"},{"data":"Buffer","floor":27.0,"key":"SMITH"},{"data":"Gash","floor":30.0,"key":"SMITH"}],"neow_cost":"NONE","seed_source_timestamp":99943780052562,"circlet_count":0,"master_deck":["AscendersBane","Strike_B","Strike_B","Strike_B","Strike_B","Defend_B","Defend_B","Defend_B","Defend_B","Zap+1","Dualcast+1","Ball Lightning","FTL","Conserve Battery+1","Gash+1","White Noise","Leap","Leap","Gash","Coolheaded+1","Electrodynamics","Gash+1","BootSequence","Self Repair","Buffer+1"],"special_seed":0,"relics":["Cracked Core","NeowsBlessing","Blood Vial","Vajra","Ornamental Fan","Coffee Dripper","Red Mask","Kunai","Shuriken"],"potions_floor_usage":[],"damage_taken":[{"damage":0.0,"enemies":"Small Slimes","floor":1.0,"turns":1.0},{"damage":0.0,"enemies":"2 Louse","floor":2.0,"turns":1.0},{"damage":0.0,"enemies":"3 Sentries","floor":7.0,"turns":1.0},{"damage":6.0,"enemies":"Cultist","floor":8.0,"turns":3.0},{"damage":11.0,"enemies":"Looter","floor":10.0,"turns":3.0},{"damage":0.0,"enemies":"Gremlin Nob","floor":11.0,"turns":4.0},{"damage":0.0,"enemies":"3 Louse","floor":13.0,"turns":2.0},{"damage":8.0,"enemies":"2 Fungi Beasts","floor":14.0,"turns":3.0},{"damage":34.0,"enemies":"Hexaghost","floor":16.0,"turns":9.0},{"damage":0.0,"enemies":"3 Byrds","floor":18.0,"turns":3.0},{"damage":3.0,"enemies":"Masked Bandits","floor":19.0,"turns":3.0},{"damage":13.0,"enemies":"Spheric Guardian","floor":20.0,"turns":4.0},{"damage":0.0,"enemies":"Centurion and Healer","floor":21.0,"turns":5.0},{"damage":14.0,"enemies":"Gremlin Leader","floor":24.0,"turns":6.0},{"damage":23.0,"enemies":"3 Cultists","floor":25.0,"turns":5.0},{"damage":21.0,"enemies":"Shelled Parasite and Fungi","floor":28.0,"turns":5.0},{"damage":13.0,"enemies":"Snecko","floor":29.0,"turns":5.0},{"damage":21,"enemies":"Snake Plant","floor":31,"turns":3}],"seed_played":"3834232370594663561","potions_obtained":[{"floor":5.0,"key":"Regen Potion"},{"floor":8.0,"key":"EssenceOfSteel"},{"floor":11.0,"key":"SpeedPotion"},{"floor":13.0,"key":"SteroidPotion"},{"floor":16.0,"key":"Fire Potion"},{"floor":20.0,"key":"Strength Potion"},{"floor":21.0,"key":"Strength Potion"},{"floor":24.0,"key":"FocusPotion"},{"floor":29.0,"key":"FocusPotion"}],"is_trial":false,"path_per_floor":["M","M","$","?","?","R","E","M","T","M","E","R","M","M","R","B",null,"M","?","M","M","?","R","E","M","T","R","M","M","R","M"],"character_chosen":"DEFECT","items_purchased":["Conserve Battery","Explosive Potion"],"campfire_rested":0,"item_purchase_floors":[3,3],"current_hp_per_floor":[64,64,64,64,64,64,64,60,60,51,65,65,67,61,61,29,61,63,62,51,53,53,53,48,34,34,34,22,18,18,0],"gold":419,"neow_bonus":"THREE_ENEMY_KILL","is_prod":false,"is_daily":false,"chose_seed":false,"campfire_upgraded":6,"win_rate":0,"timestamp":1567224008,"path_taken":["M","M","$","?","?","R","E","M","T","M","E","R","?","M","R","BOSS","M","?","M","M","?","R","E","M","T","R","M","M","R","M"],"build_version":"2019-07-17","purchased_purges":0,"victory":false,"max_hp_per_floor":[71,71,71,71,71,71,71,71,71,71,71,71,71,71,71,71,71,71,71,71,71,71,71,71,71,71,71,71,71,71,71],"card_choices":[{"not_picked":["Doom and Gloom","Skim"],"picked":"Ball Lightning","floor":1.0},{"not_picked":["Redo","Rebound"],"picked":"FTL","floor":2.0},{"not_picked":["Consume","Sweeping Beam"],"picked":"Gash","floor":7.0},{"not_picked":["Rainbow","Darkness"],"picked":"White Noise","floor":8.0},{"not_picked":["Compile Driver","Redo"],"picked":"Leap","floor":10.0},{"not_picked":["Sweeping Beam","Rebound"],"picked":"Leap","floor":11.0},{"not_picked":["Leap","Rebound"],"picked":"Gash","floor":13.0},{"not_picked":["Tempest","Conserve Battery"],"picked":"Coolheaded","floor":14.0},{"not_picked":["Rainbow","Echo Form"],"picked":"Electrodynamics","floor":16.0},{"not_picked":["Beam Cell","Consume"],"picked":"Gash+1","floor":18.0},{"not_picked":["Leap","Sweeping Beam"],"picked":"BootSequence","floor":20.0},{"not_picked":["BootSequence","Turbo"],"picked":"Self Repair","floor":21.0},{"not_picked":["Hologram","Cold Snap"],"picked":"Buffer","floor":24.0},{"not_picked":["Recycle","Aggregate","Steam"],"picked":"SKIP","floor":25.0},{"not_picked":["Consume","Rebound","Coolheaded"],"picked":"SKIP","floor":28.0},{"not_picked":["Coolheaded","Barrage","Aggregate"],"picked":"SKIP","floor":29.0}],"player_experience":291557,"relics_obtained":[{"floor":7.0,"key":"Blood Vial"},{"floor":9.0,"key":"Vajra"},{"floor":11.0,"key":"Ornamental Fan"},{"floor":19.0,"key":"Red Mask"},{"floor":24.0,"key":"Kunai"},{"floor":26.0,"key":"Shuriken"}],"event_choices":[{"damage_healed":0.0,"max_hp_gain":0.0,"max_hp_loss":0.0,"gold_gain":0.0,"event_name":"Liars Game","player_choice":"Ignored","floor":4.0,"gold_loss":0.0,"damage_taken":0.0},{"damage_healed":0.0,"max_hp_gain":0.0,"max_hp_loss":0.0,"gold_gain":0.0,"event_name":"Lab","player_choice":"Got Potions","floor":5.0,"gold_loss":0.0,"damage_taken":0.0},{"damage_healed":0.0,"max_hp_gain":0.0,"max_hp_loss":0.0,"gold_gain":0.0,"event_name":"Masked Bandits","player_choice":"Fought Bandits","floor":19.0,"gold_loss":0.0,"damage_taken":0.0},{"damage_healed":0.0,"max_hp_gain":0.0,"max_hp_loss":0.0,"gold_gain":0.0,"event_name":"Cursed Tome","player_choice":"Ignored","floor":22.0,"gold_loss":0.0,"damage_taken":0.0}],"is_beta":false,"boss_relics":[{"not_picked":["Eternal Feather","Black Star"],"picked":"Coffee Dripper"}],"items_purged_floors":[],"is_endless":false,"potions_floor_spawned":[7,8,11,13,16,20,21,24,29],"killed_by":"Snake Plant","ascension_level":17}