{"gold_per_floor":[117,117,117,143,143,170,170,201,280,280,292,12,27,54,54,125,125,112,132,152,152,152,180,180,207,234,253,178,208,208,222,222,222],"floor_reached":33,"playtime":1683,"items_purged":["Strike_G"],"score":673,"play_id":"fdad3717-0f16-4f0d-a5a2-ab502d846291","local_time":"20181220004246","is_ascension_mode":true,"campfire_choices":[{"floor":7.0,"key":"RECALL"},{"data":"Panache","floor":15.0,"key":"SMITH"},{"data":"Acrobatics","floor":24,"key":"SMITH"},{"data":"Phantasmal Killer","floor":30,"key":"SMITH"},{"data":"Predator","floor":32,"key":"SMITH"}],"neow_cost":"NONE","seed_source_timestamp":536068959502085,"circlet_count":0,"master_deck":["AscendersBane","Defend_G+1","Defend_G","Defend_G","Defend_G","Defend_G","Strike_G","Strike_G","Strike_G","Survivor","Neutralize+1","Heel Hook","Underhanded Strike","Acrobatics+1","Predator+1","Trip","Panache+1","Prepared","Escape Plan","Venomology","PiercingWail","Prepared","Phantasmal Killer+1"],"special_seed":0,"relics":["Ring of the Snake","NeowsBlessing","Juzu Bracelet","GremlinMask","Ancient Tea Set","Ginger","Kunai","Anchor","Busted Crown","MutagenicStrength","Ornamental Fan","Question Card","Meat on the Bone"],"potions_floor_usage":[23,23,25,27,29,33,33],"damage_taken":[{"damage":0.0,"enemies":"2 Louse","floor":1.0,"turns":1.0},{"damage":0.0,"enemies":"Lagavulin","floor":6.0,"turns":1.0},{"damage":0.0,"enemies":"3 Sentries","floor":8.0,"turns":1.0},{"damage":0.0,"enemies":"Jaw Worm","floor":11.0,"turns":2.0},{"damage":6.0,"enemies":"Cultist","floor":13.0,"turns":3.0},{"damage":9.0,"enemies":"Gremlin Nob","floor":14.0,"turns":4.0},{"damage":16.0,"enemies":"Hexaghost","floor":16.0,"turns":8.0},{"damage":10.0,"enemies":"2 Thieves","floor":18.0,"turns":4.0},{"damage":13.0,"enemies":"Spheric Guardian","floor":19.0,"turns":4.0},{"damage":9.0,"enemies":"Snake Plant","floor":20.0,"turns":3.0},{"damage":0,"enemies":"Book of Stabbing","floor":23,"turns":5},{"damage":24,"enemies":"Gremlin Leader","floor":25,"turns":7},{"damage":1,"enemies":"Centurion and Healer","floor":27,"turns":6},{"damage":8,"enemies":"Book of Stabbing","floor":29,"turns":6},{"damage":3,"enemies":"3 Cultists","floor":31,"turns":3},{"damage":73,"enemies":"Champ","floor":33,"turns":9}],"seed_played":"-2359412925113253237","potions_obtained":[{"floor":6.0,"key":"Explosive Potion"},{"floor":8.0,"key":"Explosive Potion"},{"floor":16.0,"key":"SteroidPotion"},{"floor":29,"key":"Ancient Potion"},{"floor":31,"key":"AttackPotion"}],"is_trial":false,"path_per_floor":["M","?","?","T","?","E","R","E","T","?","M","$","M","E","R","B",null,"M","M","M","?","?","E","R","E","T","M","?","E","R","M","R","B"],"character_chosen":"THE_SILENT","items_purchased":["Panache","Prepared"],"campfire_rested":0,"item_purchase_floors":[12,12],"current_hp_per_floor":[59,46,51,51,51,51,51,51,51,51,51,51,45,36,36,20,58,62,61,52,52,52,52,52,43,43,57,57,49,49,46,46,0],"gold":222,"neow_bonus":"THREE_ENEMY_KILL","is_prod":false,"is_daily":false,"chose_seed":false,"campfire_upgraded":4,"win_rate":0,"timestamp":1545284566,"path_taken":["M","?","?","?","?","E","R","E","T","?","M","$","M","E","R","BOSS","M","M","M","?","?","E","R","E","T","M","?","E","R","M","R","BOSS"],"build_version":"2018-12-13","purchased_purges":1,"victory":false,"max_hp_per_floor":[66,66,71,71,71,71,71,71,71,71,71,71,71,71,71,71,71,71,71,71,71,71,71,71,71,71,71,71,71,71,71,71,71],"card_choices":[{"not_picked":["Dagger Throw","Riddle With Holes"],"picked":"Heel Hook","floor":1.0},{"not_picked":["Outmaneuver","Poisoned Stab"],"picked":"Underhanded Strike","floor":6.0},{"not_picked":["Grand Finale","Reflex"],"picked":"Acrobatics","floor":8.0},{"not_picked":["Quick Slash","Sucker Punch","Underhanded Strike"],"picked":"SKIP","floor":11.0},{"not_picked":["Quick Slash","Acrobatics","Accuracy"],"picked":"SKIP","floor":13.0},{"not_picked":["PiercingWail","Backflip"],"picked":"Escape Plan","floor":14.0},{"not_picked":["Bullet Time","Glass Knife"],"picked":"Venomology","floor":16.0},{"not_picked":[],"picked":"PiercingWail","floor":18.0},{"not_picked":[],"picked":"Prepared","floor":19.0},{"not_picked":["Riddle With Holes"],"picked":"SKIP","floor":20.0},{"not_picked":["Deflect"],"picked":"SKIP","floor":23},{"not_picked":["Poisoned Stab"],"picked":"SKIP","floor":25},{"not_picked":["Flechettes","Accuracy"],"picked":"SKIP","floor":27},{"not_picked":["Dagger Throw"],"picked":"Phantasmal Killer","floor":29},{"not_picked":["Outmaneuver","Deadly Poison"],"picked":"SKIP","floor":31}],"player_experience":918933,"relics_obtained":[{"floor":4.0,"key":"Juzu Bracelet"},{"floor":6.0,"key":"Ancient Tea Set"},{"floor":8.0,"key":"Ginger"},{"floor":9.0,"key":"Kunai"},{"floor":14.0,"key":"Anchor"},{"floor":23,"key":"Ornamental Fan"},{"floor":25,"key":"Question Card"},{"floor":29,"key":"Meat on the Bone"}],"event_choices":[{"damage_healed":0.0,"max_hp_gain":0.0,"max_hp_loss":0.0,"gold_gain":0.0,"event_name":"Shining Light","player_choice":"Entered Light","floor":2.0,"gold_loss":0.0,"damage_taken":13.0,"cards_upgraded":["Neutralize","Defend_G"]},{"damage_healed":0.0,"max_hp_gain":5.0,"max_hp_loss":0.0,"gold_gain":0.0,"event_name":"Big Fish","player_choice":"Donut","floor":3.0,"gold_loss":0.0,"damage_taken":0.0},{"damage_healed":0.0,"max_hp_gain":0.0,"max_hp_loss":0.0,"gold_gain":0.0,"event_name":"FaceTrader","player_choice":"Trade","floor":5.0,"gold_loss":0.0,"damage_taken":0.0,"relics_obtained":["GremlinMask"]},{"damage_healed":0.0,"max_hp_gain":0.0,"max_hp_loss":0.0,"gold_gain":0.0,"event_name":"Match and Keep!","player_choice":"2 cards matched","floor":10.0,"gold_loss":0.0,"damage_taken":0.0,"cards_obtained":["Predator","Trip"]},{"damage_healed":0.0,"max_hp_gain":0.0,"max_hp_loss":0.0,"gold_gain":0.0,"event_name":"Drug Dealer","player_choice":"Inject Mutagens","floor":21.0,"gold_loss":0.0,"damage_taken":0.0,"relics_obtained":["MutagenicStrength"]},{"damage_healed":0.0,"max_hp_gain":0.0,"max_hp_loss":0.0,"gold_gain":0.0,"event_name":"Ghosts","player_choice":"Ignored","floor":22.0,"gold_loss":0.0,"damage_taken":0.0},{"cards_removed":["Strike_G"],"damage_healed":0,"gold_gain":0,"player_choice":"Gave Gold","damage_taken":0,"max_hp_gain":0,"max_hp_loss":0,"event_name":"Beggar","floor":28,"gold_loss":75}],"is_beta":false,"boss_relics":[{"not_picked":["Orrery","Ring of the Serpent"],"picked":"Busted Crown"}],"items_purged_floors":[12],"is_endless":false,"potions_floor_spawned":[6,8,16,29,31],"killed_by":"Champ","ascension_level":14}