{"gold_per_floor":[117,133,133,133,98,98,133,133,133,133,174,210,230,251,251,347,347,362,386,386],"floor_reached":20,"playtime":2058,"items_purged":[],"score":464,"play_id":"8e88edac-9514-45b7-943e-be215003cb3d","local_time":"20190901124901","is_ascension_mode":true,"campfire_choices":[{"data":"Scrape","floor":6,"key":"SMITH"},{"floor":8,"key":"REST"},{"data":"Creative AI","floor":15,"key":"SMITH"}],"neow_cost":"PERCENT_DAMAGE","seed_source_timestamp":244876108269637,"circlet_count":0,"master_deck":["AscendersBane","Strike_B","Strike_B","Strike_B","Defend_B","Defend_B","Defend_B","Zap+1","Dualcast","Scrape+1","Seek+1","Lockon","BootSequence+1","All For One","Creative AI+1","Force Field","Reboot","Go for the Eyes"],"relics":["Cracked Core","Lantern","Turnip","Golden Idol","Question Card","Odd Mushroom","Runic Pyramid"],"potions_floor_usage":[11,16,16,19],"damage_taken":[{"damage":0,"enemies":"2 Louse","floor":1,"turns":2},{"damage":0,"enemies":"Small Slimes","floor":2,"turns":2},{"damage":27,"enemies":"3 Sentries","floor":7,"turns":7},{"damage":2,"enemies":"Lagavulin","floor":11,"turns":5},{"damage":0,"enemies":"The Mushroom Lair","floor":12,"turns":4},{"damage":0,"enemies":"Jaw Worm","floor":13,"turns":2},{"damage":10,"enemies":"Gremlin Gang","floor":14,"turns":4},{"damage":0,"enemies":"The Guardian","floor":16,"turns":6},{"damage":10,"enemies":"Spheric Guardian","floor":18,"turns":4},{"damage":34,"enemies":"3 Byrds","floor":19,"turns":4},{"damage":14,"enemies":"Sentry and Sphere","floor":20,"turns":3}],"seed_played":"3126076643465954850","potions_obtained":[{"floor":1,"key":"FearPotion"},{"floor":7,"key":"Swift Potion"},{"floor":12,"key":"SmokeBomb"},{"floor":13,"key":"Ancient Potion"},{"floor":16,"key":"Weak Potion"}],"is_trial":false,"path_per_floor":["M","M","?","?","?","R","E","R","T","?","E","?","M","M","R","B",null,"M","M","M"],"character_chosen":"DEFECT","items_purchased":[],"campfire_rested":1,"item_purchase_floors":[],"current_hp_per_floor":[46,46,25,25,42,42,15,36,36,36,34,34,34,24,24,24,54,44,10,0],"gold":386,"neow_bonus":"TRANSFORM_TWO_CARDS","is_prod":false,"is_daily":false,"chose_seed":false,"campfire_upgraded":2,"win_rate":0,"timestamp":1567356541,"path_taken":["M","M","?","?","?","R","E","R","T","?","E","?","?","M","R","BOSS","M","?","?"],"build_version":"2019-07-17","purchased_purges":0,"victory":false,"max_hp_per_floor":[71,71,71,71,71,71,71,71,71,64,64,64,64,64,64,64,64,64,64,64],"card_choices":[{"not_picked":["Turbo","Beam Cell"],"picked":"Lockon","floor":1},{"not_picked":["Stack","Sunder"],"picked":"BootSequence","floor":2},{"not_picked":["Steam Power","Stack"],"picked":"All For One","floor":7},{"not_picked":["Barrage","Go for the Eyes"],"picked":"Creative AI","floor":11},{"not_picked":["Streamline","Recycle","Leap"],"picked":"Force Field","floor":13},{"not_picked":["Aggregate","Hologram","Multi-Cast","Streamline"],"picked":"SKIP","floor":14},{"not_picked":["Creative AI","Buffer","Hyperbeam"],"picked":"Reboot","floor":16},{"not_picked":["Redo","Lockon","Steam Power","Capacitor"],"picked":"SKIP","floor":18},{"not_picked":["Doom and Gloom","Hello World","Steam"],"picked":"Go for the Eyes","floor":19}],"player_experience":1928509,"relics_obtained":[{"floor":7,"key":"Lantern"},{"floor":9,"key":"Turnip"},{"floor":11,"key":"Question Card"},{"floor":12,"key":"Odd Mushroom"}],"event_choices":[{"damage_healed":0,"gold_gain":0,"player_choice":"Entered Light","damage_taken":21,"max_hp_gain":0,"max_hp_loss":0,"event_name":"Shining Light","floor":3,"gold_loss":0,"cards_upgraded":["BootSequence","Seek"]},{"damage_healed":0,"gold_gain":0,"player_choice":"Grow","damage_taken":0,"max_hp_gain":0,"max_hp_loss":0,"event_name":"Living Wall","floor":4,"gold_loss":0,"cards_upgraded":["Zap"]},{"damage_healed":17,"gold_gain":0,"player_choice":"Healed","damage_taken":0,"max_hp_gain":0,"max_hp_loss":0,"event_name":"The Cleric","floor":5,"gold_loss":35},{"damage_healed":0,"gold_gain":0,"player_choice":"Lose Max HP","damage_taken":0,"relics_obtained":["Golden Idol"],"max_hp_gain":0,"max_hp_loss":7,"event_name":"Golden Idol","floor":10,"gold_loss":0},{"damage_healed":0,"gold_gain":0,"player_choice":"Fought Mushrooms","damage_taken":0,"max_hp_gain":0,"max_hp_loss":0,"event_name":"Mushrooms","floor":12,"gold_loss":0}],"is_beta":false,"boss_relics":[{"not_picked":["Tiny House","Calling Bell"],"picked":"Runic Pyramid"}],"items_purged_floors":[],"is_endless":false,"potions_floor_spawned":[1,7,12,13,16],"killed_by":"Sentry and Sphere","ascension_level":20}