{"gold_per_floor":[117,117,192,212,224,224,251,263,263,290,307,307,332,345,345,445,445,461,461,476,487,487,487,487,487],"floor_reached":25,"playtime":902,"items_purged":[],"score":263,"play_id":"6279cabf-74ed-481e-8e8d-75476d7d3e20","local_time":"20190329094634","is_ascension_mode":false,"campfire_choices":[{"data":"Bash","floor":6,"key":"SMITH"},{"floor":15,"key":"REST"},{"floor":23,"key":"REST"}],"neow_cost":"NONE","seed_source_timestamp":70952795296316,"circlet_count":0,"master_deck":["Strike_R","Strike_R","Strike_R","Defend_R","Defend_R","Defend_R","Defend_R","Bash+1","Flex","Inflame","Perfected Strike","Flex","Anger","Metallicize+1","Perfected Strike","Shrug It Off","Berserk+1","Pommel Strike+1","Wild Strike+1","Flex","Barricade+1","Pummel"],"relics":["Black Blood","NeowsBlessing","Matryoshka","Frozen Egg 2","Pen Nib","Ancient Tea Set","Oddly Smooth Stone","Art of War"],"potions_floor_usage":[7,7,14,18,20,21,25],"damage_taken":[{"damage":0,"enemies":"Small Slimes","floor":1,"turns":1},{"damage":0,"enemies":"Jaw Worm","floor":4,"turns":1},{"damage":0,"enemies":"Cultist","floor":5,"turns":1},{"damage":22,"enemies":"Gremlin Nob","floor":7,"turns":4},{"damage":10,"enemies":"Looter","floor":8,"turns":2},{"damage":14,"enemies":"3 Louse","floor":11,"turns":3},{"damage":18,"enemies":"3 Sentries","floor":13,"turns":6},{"damage":2,"enemies":"2 Fungi Beasts","floor":14,"turns":2},{"damage":0,"enemies":"Slime Boss","floor":16,"turns":7},{"damage":29,"enemies":"2 Thieves","floor":18,"turns":4},{"damage":39,"enemies":"Shell Parasite","floor":20,"turns":4},{"damage":6,"enemies":"Snecko","floor":21,"turns":4},{"damage":55,"enemies":"Book of Stabbing","floor":25,"turns":4}],"seed_played":"-6536256962781815893","potions_obtained":[{"floor":1,"key":"Dexterity Potion"},{"floor":5,"key":"Energy Potion"},{"floor":8,"key":"Strength Potion"},{"floor":11,"key":"Swift Potion"},{"floor":14,"key":"Fruit Juice"},{"floor":20,"key":"Weak Potion"},{"floor":21,"key":"FearPotion"}],"is_trial":false,"path_per_floor":["M","?","?","M","M","R","E","M","T","T","M","?","E","M","R","B",null,"M","?","M","M","?","R","?","E"],"character_chosen":"IRONCLAD","items_purchased":[],"campfire_rested":2,"item_purchase_floors":[],"current_hp_per_floor":[80,80,69,75,80,80,64,60,60,60,52,52,40,49,74,80,85,66,50,21,25,25,52,52,0],"gold":487,"neow_bonus":"THREE_ENEMY_KILL","is_prod":false,"is_daily":false,"chose_seed":false,"campfire_upgraded":1,"win_rate":0,"timestamp":1553816794,"path_taken":["M","?","?","M","M","R","E","?","T","?","M","?","E","M","R","BOSS","M","?","M","M","?","R","?","E"],"build_version":"2019-01-23","purchased_purges":0,"victory":false,"max_hp_per_floor":[80,80,80,80,80,80,80,80,80,80,80,80,80,85,85,85,85,85,90,90,90,90,90,90,90],"card_choices":[{"not_picked":["Searing Blow","Burning Pact"],"picked":"Flex","floor":1},{"not_picked":["Dual Wield","Headbutt"],"picked":"Inflame","floor":4},{"not_picked":["Heavy Blade","Warcry"],"picked":"Perfected Strike","floor":5},{"not_picked":["Shrug It Off","Hemokinesis"],"picked":"Flex","floor":7},{"not_picked":["Clash","Limit Break"],"picked":"Anger","floor":8},{"not_picked":["Rupture+1","Reckless Charge"],"picked":"Metallicize+1","floor":11},{"not_picked":["Shrug It Off","Carnage"],"picked":"Perfected Strike","floor":13},{"not_picked":["Pommel Strike","Cleave"],"picked":"Shrug It Off","floor":14},{"not_picked":["Barricade+1","Double Tap"],"picked":"Berserk+1","floor":16},{"not_picked":["Reckless Charge","Heavy Blade"],"picked":"Pommel Strike+1","floor":18},{"not_picked":["Body Slam","Havoc"],"picked":"Wild Strike+1","floor":20},{"not_picked":["Fire Breathing+1","Second Wind"],"picked":"Flex","floor":21}],"player_experience":286983,"relics_obtained":[{"floor":7,"key":"Frozen Egg 2"},{"floor":9,"key":"Pen Nib"},{"floor":10,"key":"Ancient Tea Set"},{"floor":10,"key":"Oddly Smooth Stone"},{"floor":13,"key":"Art of War"}],"event_choices":[{"damage_healed":0,"gold_gain":0,"player_choice":"Box","damage_taken":0,"relics_obtained":["Matryoshka"],"max_hp_gain":0,"max_hp_loss":0,"event_name":"Big Fish","floor":2,"gold_loss":0,"cards_obtained":["Regret"]},{"damage_healed":0,"gold_gain":75,"player_choice":"Gather Gold","damage_taken":11,"max_hp_gain":0,"max_hp_loss":0,"event_name":"World of Goop","floor":3,"gold_loss":0},{"cards_removed":["Regret"],"damage_healed":0,"gold_gain":0,"player_choice":"Removed Curses","damage_taken":0,"max_hp_gain":0,"max_hp_loss":0,"event_name":"Fountain of Cleansing","floor":12,"gold_loss":0},{"damage_healed":0,"gold_gain":0,"player_choice":"Shed Blood","damage_taken":21,"max_hp_gain":5,"max_hp_loss":0,"event_name":"Forgotten Altar","floor":19,"gold_loss":0},{"damage_healed":0,"gold_gain":0,"player_choice":"Ignored","damage_taken":0,"max_hp_gain":0,"max_hp_loss":0,"event_name":"Vampires","floor":22,"gold_loss":0},{"damage_healed":0,"gold_gain":0,"cards_transformed":["Strike_R","Strike_R"],"player_choice":"Became Test Subject","damage_taken":0,"max_hp_gain":0,"max_hp_loss":0,"event_name":"Drug Dealer","floor":24,"gold_loss":0,"cards_obtained":["Barricade","Pummel"]}],"is_beta":false,"boss_relics":[{"not_picked":["Lizard Tail","Calling Bell"],"picked":"Black Blood"}],"items_purged_floors":[],"is_endless":false,"potions_floor_spawned":[1,5,8,11,14,20,21],"killed_by":"Book of Stabbing","ascension_level":0}