{"gold_per_floor":[109,34,54,54,70,104,104,138,138,138,150,182,182,211,211,310,310,324,324,344,344],"floor_reached":21,"playtime":656,"items_purged":["Strike_B"],"score":315,"play_id":"45c50faa-e22d-4d04-b05a-45f544d55df4","local_time":"20181205010735","is_ascension_mode":true,"campfire_choices":[{"floor":7,"key":"REST"},{"data":"Tempest","floor":10,"key":"SMITH"},{"floor":15,"key":"REST"}],"neow_cost":"NONE","seed_source_timestamp":85790203082101,"circlet_count":0,"master_deck":["AscendersBane","Strike_B","Strike_B","Strike_B","Defend_B","Defend_B","Defend_B","Defend_B","Zap","Dualcast","Loop","Lockon","Tempest+1","Conserve Battery","Turbo","Electrodynamics","Redo","Static Discharge","Lockon","Conserve Battery","Auto Shields"],"relics":["Cracked Core","Omamori","DataDisk","Dead Branch","Bottled Flame","Dream Catcher","Pen Nib","Odd Mushroom","Nuclear Battery","Enchiridion"],"potions_floor_usage":[6,6,8,12,16],"damage_taken":[{"damage":5,"enemies":"2 Louse","floor":1,"turns":3},{"damage":1,"enemies":"Cultist","floor":3,"turns":3},{"damage":9,"enemies":"Jaw Worm","floor":5,"turns":3},{"damage":20,"enemies":"Lagavulin","floor":6,"turns":4},{"damage":18,"enemies":"Gremlin Nob","floor":8,"turns":3},{"damage":11,"enemies":"3 Louse","floor":11,"turns":2},{"damage":13,"enemies":"Lagavulin","floor":12,"turns":5},{"damage":0,"enemies":"The Mushroom Lair","floor":14,"turns":2},{"damage":27,"enemies":"Hexaghost","floor":16,"turns":7},{"damage":12,"enemies":"Chosen","floor":18,"turns":2},{"damage":10,"enemies":"3 Byrds","floor":20,"turns":3},{"damage":24,"enemies":"Snake Plant","floor":21,"turns":2}],"seed_played":"6430648740187272415","potions_obtained":[{"floor":3,"key":"Poison Potion"},{"floor":4,"key":"FocusPotion"},{"floor":4,"key":"Weak Potion"},{"floor":6,"key":"FearPotion"},{"floor":8,"key":"FocusPotion"},{"floor":11,"key":"GamblersBrew"}],"is_trial":false,"path_per_floor":["M","$","M","?","M","E","R","E","T","R","M","E","?","?","R","B",null,"M","?","M","M"],"character_chosen":"DEFECT","items_purchased":[],"campfire_rested":2,"item_purchase_floors":[],"current_hp_per_floor":[63,63,62,62,53,33,55,37,37,37,26,13,10,10,32,5,58,46,30,20,0],"gold":344,"neow_bonus":"RANDOM_COMMON_RELIC","is_prod":false,"is_daily":false,"chose_seed":false,"campfire_upgraded":1,"win_rate":0,"timestamp":1543990055,"path_taken":["M","$","M","?","?","E","R","E","T","R","M","E","?","?","R","BOSS","M","?","M","M"],"build_version":"2018-11-15","purchased_purges":1,"victory":false,"max_hp_per_floor":[75,75,75,75,75,75,75,75,75,75,75,75,75,75,75,75,75,75,75,75,75],"card_choices":[{"not_picked":["Redo","Turbo"],"picked":"Loop","floor":1},{"not_picked":["Capacitor","Barrage"],"picked":"Lockon","floor":3},{"not_picked":["Streamline","Skim"],"picked":"Tempest","floor":5},{"not_picked":["Turbo","Barrage"],"picked":"Conserve Battery","floor":6},{"not_picked":["Stack","Leap"],"picked":"Turbo","floor":8},{"not_picked":["Consume","Hologram"],"picked":"Electrodynamics","floor":11},{"not_picked":["Hologram","Stack"],"picked":"Redo","floor":12},{"not_picked":["Sweeping Beam","Barrage"],"picked":"Static Discharge","floor":14},{"not_picked":["Storm","Loop"],"picked":"Lockon","floor":15},{"not_picked":["Scrape","Chaos"],"picked":"Conserve Battery","floor":18},{"not_picked":["Streamline","Cold Snap"],"picked":"Auto Shields","floor":20}],"player_experience":806411,"relics_obtained":[{"floor":6,"key":"DataDisk"},{"floor":8,"key":"Dead Branch"},{"floor":9,"key":"Bottled Flame"},{"floor":12,"key":"Dream Catcher"},{"floor":14,"key":"Odd Mushroom"},{"floor":19,"key":"Enchiridion"}],"event_choices":[{"damage_healed":0,"gold_gain":0,"player_choice":"Got Potions","damage_taken":0,"max_hp_gain":0,"max_hp_loss":0,"event_name":"Lab","floor":4,"gold_loss":0},{"damage_healed":0,"gold_gain":0,"player_choice":"Success","damage_taken":3,"relics_obtained":["Pen Nib"],"max_hp_gain":0,"max_hp_loss":0,"event_name":"Scrap Ooze","floor":13,"gold_loss":0},{"damage_healed":0,"gold_gain":0,"player_choice":"Fought Mushrooms","damage_taken":0,"max_hp_gain":0,"max_hp_loss":0,"event_name":"Mushrooms","floor":14,"gold_loss":0},{"damage_healed":0,"gold_gain":0,"player_choice":"Obtained Book","damage_taken":16,"max_hp_gain":0,"max_hp_loss":0,"event_name":"Cursed Tome","floor":19,"gold_loss":0}],"is_beta":false,"boss_relics":[{"not_picked":["Coffee Dripper","Cursed Key"],"picked":"Nuclear Battery"}],"items_purged_floors":[2],"is_endless":false,"potions_floor_spawned":[3,6,8,11],"killed_by":"Snake Plant","ascension_level":12}