{"gold_per_floor":[114,126,136,149,161,161,196,196,219,249,249,266,300,318,318,392,392,404,134,149,149,0,0,34,54,54,54,81,101,114,143,143,217,217,235,249,299,299,299,299],"floor_reached":40,"playtime":3750,"items_purged":["Strike_G"],"score":1011,"play_id":"2b3e8dca-500c-4a1e-8827-f969df567183","local_time":"20190512012549","is_ascension_mode":true,"campfire_choices":[{"data":"Neutralize","floor":6.0,"key":"SMITH"},{"floor":8.0,"key":"REST"},{"floor":15.0,"key":"REST"},{"data":"Terror","floor":23.0,"key":"SMITH"},{"floor":27.0,"key":"REST"},{"floor":32.0,"key":"REST"}],"neow_cost":"NONE","seed_source_timestamp":1519756008900315,"circlet_count":0,"master_deck":["AscendersBane","Defend_G","Defend_G","Defend_G","Defend_G","Defend_G","Strike_G","Strike_G","Strike_G","Survivor","Neutralize+1","Dagger Throw","Quick Slash","Flechettes","Finisher","Burst","Terror+1","Footwork","PiercingWail","Dodge and Roll","Blade Dance","Corpse Explosion","Deflect","Panache","Poisoned Stab","Finesse","Prepared","Tactician+1","Dagger Spray+1","Dodge and Roll+1","Cloak And Dagger","Grand Finale","Outmaneuver+1","Jack Of All Trades","Writhe"],"special_seed":0,"relics":["Ring of the Snake","Juzu Bracelet","Ninja Scroll","Bronze Scales","Oddly Smooth Stone","Regal Pillow","Runic Pyramid","Ancient Tea Set","Torii","Question Card","WingedGreaves","WristBlade","StoneCalendar"],"potions_floor_usage":[37],"damage_taken":[{"damage":1.0,"enemies":"Cultist","floor":1.0,"turns":4.0},{"damage":0.0,"enemies":"Jaw Worm","floor":2.0,"turns":5.0},{"damage":2.0,"enemies":"2 Louse","floor":3.0,"turns":2.0},{"damage":8.0,"enemies":"Large Slime","floor":4.0,"turns":8.0},{"damage":6.0,"enemies":"2 Fungi Beasts","floor":5.0,"turns":3.0},{"damage":24.0,"enemies":"Gremlin Nob","floor":7.0,"turns":4.0},{"damage":25.0,"enemies":"3 Sentries","floor":10.0,"turns":6.0},{"damage":0.0,"enemies":"Blue Slaver","floor":12.0,"turns":2.0},{"damage":18.0,"enemies":"Lagavulin","floor":13.0,"turns":4.0},{"damage":0.0,"enemies":"Lots of Slimes","floor":14.0,"turns":4.0},{"damage":19.0,"enemies":"Slime Boss","floor":16.0,"turns":9.0},{"damage":0.0,"enemies":"Spheric Guardian","floor":18.0,"turns":1.0},{"damage":6.0,"enemies":"2 Thieves","floor":20.0,"turns":4.0},{"damage":24.0,"enemies":"Gremlin Leader","floor":24.0,"turns":6.0},{"damage":8.0,"enemies":"Shelled Parasite and Fungi","floor":25.0,"turns":5.0},{"damage":9.0,"enemies":"Slavers","floor":28.0,"turns":4.0},{"damage":1.0,"enemies":"Snake Plant","floor":29.0,"turns":4.0},{"damage":0.0,"enemies":"Chosen and Byrds","floor":30.0,"turns":6.0},{"damage":20.0,"enemies":"Gremlin Leader","floor":31.0,"turns":5.0},{"damage":53.0,"enemies":"Collector","floor":33.0,"turns":11.0},{"damage":0.0,"enemies":"3 Shapes","floor":35.0,"turns":3.0},{"damage":1.0,"enemies":"3 Darklings","floor":36.0,"turns":2.0},{"damage":28,"enemies":"2 Orb Walkers","floor":37,"turns":6},{"damage":68,"enemies":"Giant Head","floor":40,"turns":7}],"seed_played":"-6151595488499030330","potions_obtained":[{"floor":2.0,"key":"Energy Potion"},{"floor":4.0,"key":"PowerPotion"},{"floor":10.0,"key":"Ancient Potion"},{"floor":12.0,"key":"PowerPotion"},{"floor":14.0,"key":"EssenceOfSteel"},{"floor":18.0,"key":"Strength Potion"},{"floor":24.0,"key":"GamblersBrew"},{"floor":33.0,"key":"Strength Potion"},{"floor":37,"key":"FearPotion"}],"is_trial":false,"path_per_floor":["M","M","M","M","M","R","E","R","T","E","?","M","E","M","R","B",null,"M","$","M","?","$","R","E","M","T","R","E","M","M","E","R","B",null,"M","M","?","?","?","E"],"character_chosen":"THE_SILENT","items_purchased":["Panache","Finesse","Prepared"],"campfire_rested":4,"item_purchase_floors":[19,22,22],"current_hp_per_floor":[58,58,56,48,42,42,18,37,37,12,34,34,16,16,50,31,57,57,57,51,51,51,51,27,19,19,53,44,43,43,23,57,4,51,51,50,22,22,35,0],"gold":299,"neow_bonus":"RANDOM_COMMON_RELIC","is_prod":false,"is_daily":false,"chose_seed":false,"campfire_upgraded":2,"win_rate":0,"timestamp":1557638749,"path_taken":["M","M","M","M","M","R","E","R","T","E","?","M","E","M","R","BOSS","M","$","M","?","?","R","E","M","T","R","E","M","M","E","R","BOSS","M","M","?","?","?","E"],"build_version":"2019-01-23","purchased_purges":1,"victory":false,"max_hp_per_floor":[66,66,66,66,66,66,66,66,66,66,66,66,66,66,66,66,66,66,66,66,66,66,66,66,66,66,66,66,66,66,66,66,66,66,66,66,66,66,66,66],"card_choices":[{"not_picked":["Underhanded Strike","Quick Slash"],"picked":"Dagger Throw","floor":1.0},{"not_picked":["Deflect","Slice"],"picked":"Quick Slash","floor":2.0},{"not_picked":["Deadly Poison","Quick Slash"],"picked":"Flechettes","floor":3.0},{"not_picked":["Flechettes","Catalyst"],"picked":"Finisher","floor":4.0},{"not_picked":["Outmaneuver","Tactician"],"picked":"Burst","floor":5.0},{"not_picked":["Quick Slash","Catalyst"],"picked":"Terror","floor":7.0},{"not_picked":["Flechettes","Distraction"],"picked":"Footwork","floor":10.0},{"not_picked":["Poisoned Stab","Acrobatics"],"picked":"PiercingWail","floor":12.0},{"not_picked":["Noxious Fumes","Burst"],"picked":"Dodge and Roll","floor":13.0},{"not_picked":["Poisoned Stab","PiercingWail"],"picked":"Blade Dance","floor":14.0},{"not_picked":["Venomology","After Image"],"picked":"Corpse Explosion","floor":16.0},{"not_picked":["Dagger Throw","Reflex"],"picked":"Deflect","floor":18.0},{"not_picked":["All Out Attack","Deadly Poison","Dagger Spray"],"picked":"SKIP","floor":20.0},{"not_picked":["Crippling Poison","Poisoned Stab"],"picked":"Tactician+1","floor":24.0},{"not_picked":["Terror","Poisoned Stab+1"],"picked":"Dagger Spray+1","floor":25.0},{"not_picked":["Reflex","Cloak And Dagger"],"picked":"Dodge and Roll+1","floor":28.0},{"not_picked":["Phantasmal Killer","Bane","Underhanded Strike","Caltrops"],"picked":"SKIP","floor":29.0},{"not_picked":["Flying Knee","Flechettes","Setup+1"],"picked":"Cloak And Dagger","floor":30.0},{"not_picked":["Sucker Punch","Poisoned Stab","Prepared+1","Concentrate"],"picked":"SKIP","floor":31.0},{"not_picked":["Venomology","Corpse Explosion","Malaise"],"picked":"Grand Finale","floor":33.0},{"not_picked":["Outmaneuver","Prepared","Quick Slash+1","Finisher"],"picked":"SKIP","floor":35.0},{"not_picked":["Slice","Dagger Spray","Bane"],"picked":"Outmaneuver+1","floor":36.0},{"not_picked":["Swift Strike","Discovery","Sadistic Nature"],"picked":"Jack Of All Trades","floor":38}],"player_experience":1498505,"relics_obtained":[{"floor":7.0,"key":"Ninja Scroll"},{"floor":9.0,"key":"Bronze Scales"},{"floor":10.0,"key":"Oddly Smooth Stone"},{"floor":13.0,"key":"Regal Pillow"},{"floor":24.0,"key":"Ancient Tea Set"},{"floor":26.0,"key":"Torii"},{"floor":28.0,"key":"Question Card"},{"floor":31.0,"key":"WingedGreaves"},{"floor":37,"key":"StoneCalendar"}],"event_choices":[{"damage_healed":22.0,"max_hp_gain":0.0,"max_hp_loss":0.0,"gold_gain":0.0,"event_name":"Big Fish","player_choice":"Banana","floor":11.0,"gold_loss":0.0,"damage_taken":0.0},{"damage_healed":0.0,"max_hp_gain":0.0,"max_hp_loss":0.0,"gold_gain":0.0,"cards_transformed":["Strike_G"],"event_name":"Transmorgrifier","player_choice":"Transformed","floor":21.0,"gold_loss":0.0,"damage_taken":0.0,"cards_obtained":["Poisoned Stab"]},{"damage_healed":0,"gold_gain":0,"player_choice":"Fight","damage_taken":0,"max_hp_gain":0,"max_hp_loss":0,"event_name":"Mysterious Sphere","floor":37,"gold_loss":0},{"damage_healed":0,"gold_gain":0,"player_choice":"Memory 1","damage_taken":0,"max_hp_gain":0,"max_hp_loss":0,"event_name":"SensoryStone","floor":38,"gold_loss":0},{"damage_healed":13,"gold_gain":0,"player_choice":"Writhe","damage_taken":0,"max_hp_gain":0,"max_hp_loss":0,"event_name":"Winding Halls","floor":39,"gold_loss":0,"cards_obtained":["Writhe"]}],"is_beta":false,"boss_relics":[{"not_picked":["Cursed Key","Black Star"],"picked":"Runic Pyramid"},{"not_picked":["Snecko Eye","Orrery"],"picked":"WristBlade"}],"items_purged_floors":[19],"is_endless":false,"potions_floor_spawned":[2,4,10,12,14,18,24,33,37],"killed_by":"Giant Head","ascension_level":20}