{"gold_per_floor":[116,116,131,146,158,158,170,170,170,170,71,105,125,200,200,305,305,318,318,329,353,37,37],"floor_reached":23,"playtime":1209,"items_purged":["Strike_G"],"score":239,"play_id":"65725994-caa8-45be-9c33-b4c4e7a537f0","local_time":"20180802012041","is_ascension_mode":true,"campfire_choices":[{"data":"Blade Dance","floor":6,"key":"SMITH"},{"floor":10,"key":"REST"},{"floor":15,"key":"REST"}],"neow_cost":"NONE","seed_source_timestamp":1836079820283014,"circlet_count":0,"master_deck":["Defend_G","Defend_G","Defend_G","Defend_G","Defend_G","Strike_G","Strike_G","Strike_G","Survivor","Neutralize","Underhanded Strike","Dagger Throw","Escape Plan","Well Laid Plans","Underhanded Strike","Envenom","Sucker Punch","Quick Slash","Blade Dance+1","Accuracy","Prepared","Outmaneuver","Tactician","Unload","Cloak And Dagger","Deflect+1","Jack Of All Trades","Blade Dance"],"relics":["Orrery","Dodecahedron","Blue Candle","Matryoshka","Black Star","MawBank","Bag of Marbles","Boot"],"potions_floor_usage":[12,16,16,16,23],"damage_taken":[{"damage":7,"enemies":"Small Slimes","floor":1,"turns":3},{"damage":0,"enemies":"2 Louse","floor":3,"turns":2},{"damage":7,"enemies":"Jaw Worm","floor":4,"turns":4},{"damage":3,"enemies":"Exordium Wildlife","floor":5,"turns":3},{"damage":17,"enemies":"Gremlin Gang","floor":7,"turns":5},{"damage":27,"enemies":"Lagavulin","floor":12,"turns":5},{"damage":3,"enemies":"2 Fungi Beasts","floor":13,"turns":4},{"damage":46,"enemies":"Slime Boss","floor":16,"turns":9},{"damage":19,"enemies":"3 Byrds","floor":18,"turns":8},{"damage":33,"enemies":"Shell Parasite","floor":20,"turns":7},{"damage":13,"enemies":"Book of Stabbing","floor":23,"turns":3}],"seed_played":"8698626719173447265","potions_obtained":[{"floor":1,"key":"Swift Potion"},{"floor":7,"key":"Explosive Potion"},{"floor":12,"key":"Dexterity Potion"},{"floor":13,"key":"GamblersBrew"},{"floor":20,"key":"Block Potion"}],"is_trial":false,"path_per_floor":["M","?","M","M","M","R","M","?","T","R","$","E","M","?","R","B",null,"M","?","M","T","$"],"character_chosen":"THE_SILENT","items_purchased":["Prepared","Jack Of All Trades","Blade Dance","Boot"],"campfire_rested":2,"item_purchase_floors":[11,22,22,22],"current_hp_per_floor":[63,51,51,44,41,41,24,47,47,68,68,41,38,27,48,2,53,34,34,1,1,1,0],"gold":37,"neow_bonus":"BOSS_RELIC","is_prod":false,"is_daily":false,"chose_seed":false,"campfire_upgraded":1,"win_rate":0,"timestamp":1533187241,"path_taken":["M","?","M","M","M","R","M","?","T","R","$","E","M","?","R","BOSS","M","?","M","?","?","E"],"build_version":"2018-07-26","purchased_purges":1,"victory":false,"max_hp_per_floor":[70,70,70,70,70,70,70,70,70,70,70,70,70,70,70,70,70,70,70,70,70,70,70],"card_choices":[{"not_picked":["Concentrate","Bane"],"picked":"Underhanded Strike","floor":0},{"not_picked":["Setup","Terror"],"picked":"Dagger Throw","floor":0},{"not_picked":["Dagger Spray","Dodge and Roll"],"picked":"Escape Plan","floor":0},{"not_picked":["Prepared","Quick Slash"],"picked":"Well Laid Plans","floor":0},{"not_picked":["Blur","Quick Slash"],"picked":"Underhanded Strike","floor":0},{"not_picked":["Dodge and Roll","Cloak And Dagger"],"picked":"Envenom","floor":1},{"not_picked":["Choke","Poisoned Stab"],"picked":"Sucker Punch","floor":3},{"not_picked":["Cloak And Dagger","Poisoned Stab"],"picked":"Quick Slash","floor":4},{"not_picked":["Malaise","Underhanded Strike"],"picked":"Blade Dance","floor":5},{"not_picked":["Riddle With Holes","Crippling Poison"],"picked":"Accuracy","floor":7},{"not_picked":["Terror","Dagger Spray"],"picked":"Outmaneuver","floor":12},{"not_picked":["Choke","Dodge and Roll"],"picked":"Tactician","floor":13},{"not_picked":["Glass Knife","Doppelganger"],"picked":"Unload","floor":16},{"not_picked":["Noxious Fumes+1","Underhanded Strike"],"picked":"Cloak And Dagger","floor":18},{"not_picked":["Flying Knee","Escape Plan"],"picked":"Deflect+1","floor":20}],"player_experience":349573,"relics_obtained":[{"floor":9,"key":"Blue Candle"},{"floor":12,"key":"Matryoshka"},{"floor":21,"key":"MawBank"},{"floor":21,"key":"Bag of Marbles"}],"event_choices":[{"event_name":"Scrap Ooze","player_choice":"success","floor":2,"damage_taken":12},{"event_name":"Big Fish","player_choice":"Banana","floor":8,"damage_taken":0},{"event_name":"World of Goop","player_choice":"Gather Gold","floor":14,"damage_taken":0},{"event_name":"Back to Basics","player_choice":"Elegance","floor":19,"damage_taken":0}],"is_beta":false,"boss_relics":[{"not_picked":["Eternal Feather","Coffee Dripper"],"picked":"Black Star"}],"items_purged_floors":[11],"is_endless":false,"potions_floor_spawned":[1,7,12,13,20],"killed_by":"Book of Stabbing","ascension_level":5}