{"gold_per_floor":[112,132,132,148,164,164,191,205,251,251,106,119,137,97,97,195,195,208,197,112,127,52,52,86,86],"floor_reached":25,"playtime":1240,"items_purged":["Clumsy"],"score":349,"play_id":"5d7631c1-9bb5-4448-af5a-fd8b586f57ab","local_time":"20181110030643","is_ascension_mode":true,"campfire_choices":[{"data":"Creative AI","floor":6,"key":"SMITH"},{"floor":10,"key":"REST"},{"floor":15,"key":"REST"},{"floor":23,"key":"REST"}],"neow_cost":"CURSE","seed_source_timestamp":135367178372368,"circlet_count":0,"master_deck":["AscendersBane","Strike_B","Strike_B","Strike_B","Defend_B","Defend_B","Defend_B","Defend_B","Zap","Dualcast","Rebound","Streamline","Creative AI+1","Rebound","Go for the Eyes","Storm","Stack","Turbo","Chaos","Double Energy","Leap","Darkness","Reboot","Glacier"],"relics":["Cracked Core","Torii","Nunchaku","Regal Pillow","Nuclear Battery","Mummified Hand","Bag of Marbles"],"potions_floor_usage":[24,25],"damage_taken":[{"damage":14,"enemies":"Small Slimes","floor":1,"turns":3},{"damage":1,"enemies":"Cultist","floor":2,"turns":3},{"damage":2,"enemies":"Jaw Worm","floor":4,"turns":3},{"damage":0,"enemies":"3 Louse","floor":5,"turns":2},{"damage":14,"enemies":"3 Sentries","floor":7,"turns":5},{"damage":35,"enemies":"Gremlin Gang","floor":8,"turns":9},{"damage":1,"enemies":"Looter","floor":12,"turns":3},{"damage":13,"enemies":"3 Louse","floor":13,"turns":3},{"damage":39,"enemies":"Hexaghost","floor":16,"turns":12},{"damage":14,"enemies":"Chosen","floor":18,"turns":5},{"damage":23,"enemies":"2 Thieves","floor":19,"turns":4},{"damage":19,"enemies":"Snake Plant","floor":21,"turns":5},{"damage":41,"enemies":"Book of Stabbing","floor":24,"turns":7},{"damage":19,"enemies":"Shelled Parasite and Fungi","floor":25,"turns":3}],"seed_played":"-4323738491052220073","potions_obtained":[{"floor":2,"key":"SteroidPotion"},{"floor":4,"key":"FairyPotion"},{"floor":19,"key":"Dexterity Potion"},{"floor":24,"key":"FocusPotion"}],"is_trial":false,"path_per_floor":["M","M","?","M","M","R","E","M","T","R","$","M","M","$","R","B",null,"M","M","?","M","?","R","E","M"],"character_chosen":"DEFECT","items_purchased":["Chaos","Darkness"],"campfire_rested":3,"item_purchase_floors":[11,14],"current_hp_per_floor":[54,53,53,51,51,51,37,2,2,39,39,38,25,25,62,23,62,48,25,25,6,6,43,2,0],"gold":86,"neow_bonus":"ONE_RARE_RELIC","is_prod":false,"is_daily":false,"chose_seed":false,"campfire_upgraded":1,"win_rate":0,"timestamp":1541837203,"path_taken":["M","M","?","M","?","R","E","?","T","R","?","M","M","$","R","BOSS","M","M","?","M","?","R","E","M"],"build_version":"2018-11-08","purchased_purges":1,"victory":false,"max_hp_per_floor":[75,75,75,75,75,75,75,75,75,75,75,75,75,75,75,75,75,75,75,75,75,75,75,75,75],"card_choices":[{"not_picked":["Rip and Tear","Hologram"],"picked":"Rebound","floor":1},{"not_picked":["Sweeping Beam","Recycle"],"picked":"Streamline","floor":2},{"not_picked":["Static Discharge","Blizzard"],"picked":"Go for the Eyes","floor":4},{"not_picked":["Conserve Battery","Coolheaded"],"picked":"Storm","floor":5},{"not_picked":["Self Repair","Static Discharge"],"picked":"Stack","floor":7},{"not_picked":["Go for the Eyes","Tempest"],"picked":"Turbo","floor":8},{"not_picked":["Beam Cell","Sweeping Beam"],"picked":"Double Energy","floor":12},{"not_picked":["Go for the Eyes","Machine Learning"],"picked":"Leap","floor":13},{"not_picked":["Core Surge","Echo Form"],"picked":"Reboot","floor":16},{"not_picked":["Beam Cell+1","Glacier","Go for the Eyes+1"],"picked":"SKIP","floor":18},{"not_picked":["Barrage+1","Gash","Beam Cell"],"picked":"SKIP","floor":19},{"not_picked":["Scrape","Rip and Tear+1","Aggregate"],"picked":"SKIP","floor":21},{"not_picked":["Conserve Battery","Rebound"],"picked":"Glacier","floor":24}],"player_experience":658344,"relics_obtained":[{"floor":7,"key":"Nunchaku"},{"floor":9,"key":"Regal Pillow"},{"floor":24,"key":"Bag of Marbles"}],"event_choices":[{"damage_healed":0,"gold_gain":0,"player_choice":"2 cards matched","damage_taken":0,"max_hp_gain":0,"max_hp_loss":0,"event_name":"Match and Keep!","floor":3,"gold_loss":0,"cards_obtained":["Creative AI","Rebound"]},{"damage_healed":0,"gold_gain":0,"player_choice":"Obtained Relic","damage_taken":0,"relics_obtained":["Mummified Hand"],"max_hp_gain":0,"max_hp_loss":0,"event_name":"Addict","floor":20,"gold_loss":85},{"cards_removed":["Strike_B"],"damage_healed":0,"gold_gain":0,"player_choice":"Gave Gold","damage_taken":0,"max_hp_gain":0,"max_hp_loss":0,"event_name":"Beggar","floor":22,"gold_loss":75}],"is_beta":false,"boss_relics":[{"not_picked":["Runic Pyramid","Snecko Eye"],"picked":"Nuclear Battery"}],"items_purged_floors":[11],"is_endless":false,"potions_floor_spawned":[2,4,16,19,24],"killed_by":"Shelled Parasite and Fungi","ascension_level":11}