{"gold_per_floor":[116,132,207,227,9,9,39,39,39,71,71,83,109,122,122,195,195,214,227,227,245,245,278,49,49,72,104,123,148,168,168,168,242,242,257,1256,1268,1238,1252,1278,1278,1307,1307,577,594,613,641,653,665,677],"floor_reached":50,"playtime":4309,"items_purged":[],"score":1345,"play_id":"c9759be4-3d61-4b27-8347-6484bbcec575","local_time":"20190816030555","is_ascension_mode":true,"campfire_choices":[{"data":"Defragment","floor":6.0,"key":"SMITH"},{"data":"Lockon","floor":8.0,"key":"SMITH"},{"floor":11.0,"key":"REST"},{"floor":15.0,"key":"REST"},{"floor":25.0,"key":"REST"},{"data":"Doom and Gloom","floor":32.0,"key":"SMITH"},{"floor":41.0,"key":"REST"},{"floor":49,"key":"RECALL"}],"neow_cost":"NONE","seed_source_timestamp":1679443234489139,"circlet_count":0,"master_deck":["AscendersBane","Zap","Dualcast","Glacier","Ball Lightning","Cold Snap","Defragment+1","Seek","Lockon+1","Doom and Gloom+1","Compile Driver","Go for the Eyes","FTL","Steam","Reboot","Amplify","Storm","Redo","Double Energy","FTL","Chill","Rip and Tear","Streamline+1","Redo+1","All For One","Steam+1","Beam Cell","RitualDagger","Biased Cognition","Loop","Aggregate+1","Reinforced Body+1","Heatsinks"],"special_seed":0,"relics":["Cracked Core","Dream Catcher","Bottled Flame","PreservedInsect","Omamori","Pen Nib","Pandora\u0027s Box","Gambling Chip","Sling","Anchor","Pear","Ginger","Black Star","Letter Opener","Meat on the Bone","FossilizedHelix","Bag of Marbles","Turnip","Du-Vu Doll","Strawberry","MawBank"],"potions_floor_usage":[],"damage_taken":[{"damage":2.0,"enemies":"Jaw Worm","floor":1.0,"turns":4.0},{"damage":0.0,"enemies":"Small Slimes","floor":2.0,"turns":2.0},{"damage":0.0,"enemies":"Cultist","floor":4.0,"turns":3.0},{"damage":24.0,"enemies":"Gremlin Nob","floor":7.0,"turns":4.0},{"damage":13.0,"enemies":"Lagavulin","floor":10.0,"turns":5.0},{"damage":3.0,"enemies":"2 Fungi Beasts","floor":12.0,"turns":3.0},{"damage":8.0,"enemies":"Gremlin Nob","floor":13.0,"turns":3.0},{"damage":8.0,"enemies":"Looter","floor":14.0,"turns":2.0},{"damage":4.0,"enemies":"Slime Boss","floor":16.0,"turns":6.0},{"damage":4.0,"enemies":"Chosen","floor":18.0,"turns":4.0},{"damage":1.0,"enemies":"3 Byrds","floor":19.0,"turns":4.0},{"damage":3.0,"enemies":"Sentry and Sphere","floor":21.0,"turns":4.0},{"damage":10.0,"enemies":"Book of Stabbing","floor":23.0,"turns":3.0},{"damage":2.0,"enemies":"Slavers","floor":27.0,"turns":4.0},{"damage":1.0,"enemies":"Centurion and Healer","floor":28.0,"turns":6.0},{"damage":0.0,"enemies":"Gremlin Leader","floor":29.0,"turns":3.0},{"damage":0.0,"enemies":"Snecko","floor":30.0,"turns":5.0},{"damage":48.0,"enemies":"Automaton","floor":33.0,"turns":10.0},{"damage":0.0,"enemies":"3 Shapes","floor":35.0,"turns":4.0},{"damage":0.0,"enemies":"Orb Walker","floor":37.0,"turns":3.0},{"damage":31.0,"enemies":"Writhing Mass","floor":39.0,"turns":6.0},{"damage":60.0,"enemies":"Giant Head","floor":40.0,"turns":7.0},{"damage":10.0,"enemies":"Nemesis","floor":42.0,"turns":6.0},{"damage":0.0,"enemies":"Maw","floor":45.0,"turns":5.0},{"damage":31.0,"enemies":"Spire Growth","floor":46.0,"turns":4.0},{"damage":0,"enemies":"Giant Head","floor":47,"turns":6},{"damage":44,"enemies":"Donu and Deca","floor":50,"turns":5}],"seed_played":"-5663565371721797811","potions_obtained":[{"floor":1.0,"key":"Fire Potion"},{"floor":2.0,"key":"SkillPotion"},{"floor":12.0,"key":"Strength Potion"},{"floor":14.0,"key":"GamblersBrew"},{"floor":16.0,"key":"Fire Potion"},{"floor":21.0,"key":"SkillPotion"},{"floor":27.0,"key":"FearPotion"},{"floor":29.0,"key":"Poison Potion"},{"floor":38.0,"key":"Regen Potion"},{"floor":38.0,"key":"Regen Potion"},{"floor":39.0,"key":"SpeedPotion"},{"floor":42.0,"key":"Weak Potion"},{"floor":47,"key":"Explosive Potion"}],"is_trial":false,"path_per_floor":["M","M","?","M","$","R","E","R","T","E","R","M","E","M","R","B",null,"M","M","?","M","?","E","$","R","T","E","M","E","M","?","R","B",null,"M","?","M","?","M","E","R","E","T","$","M","M","E","?","R","B"],"character_chosen":"DEFECT","items_purchased":["Defragment","Seek","Sling","Turnip","Du-Vu Doll","Heatsinks"],"campfire_rested":4,"item_purchase_floors":[5,5,24,44,44,44],"current_hp_per_floor":[62,62,51,51,51,51,27,27,27,14,35,32,24,16,37,33,62,58,57,57,54,54,44,44,65,65,73,72,72,72,66,66,18,65,65,65,65,65,49,4,28,30,30,30,42,23,42,42,42,0],"gold":677,"neow_bonus":"RANDOM_COMMON_RELIC","is_prod":false,"is_daily":false,"chose_seed":false,"campfire_upgraded":3,"win_rate":0,"timestamp":1565939155,"path_taken":["M","M","?","M","$","R","E","R","T","E","R","M","E","M","R","BOSS","M","M","?","M","?","E","?","R","T","E","M","E","M","?","R","BOSS","M","?","M","?","M","E","R","E","T","$","M","?","E","?","R","BOSS"],"build_version":"2019-07-17","purchased_purges":0,"victory":false,"max_hp_per_floor":[71,71,71,71,71,71,71,71,71,71,71,71,71,71,71,71,71,71,71,71,71,71,71,71,71,71,81,81,81,81,81,81,81,81,81,81,81,81,81,81,81,81,81,81,81,81,88,88,88,88],"card_choices":[{"not_picked":["Tempest","Conserve Battery"],"picked":"Glacier","floor":1.0},{"not_picked":["Compile Driver","Barrage"],"picked":"Ball Lightning","floor":2.0},{"not_picked":["Compile Driver","Stack"],"picked":"Cold Snap","floor":4.0},{"not_picked":["Creative AI","Redo"],"picked":"Lockon","floor":7.0},{"not_picked":["Reprogram","Creative AI"],"picked":"Doom and Gloom","floor":10.0},{"not_picked":["Hello World","Rebound"],"picked":"Compile Driver","floor":11.0},{"not_picked":["Ball Lightning","Rebound"],"picked":"Go for the Eyes","floor":12.0},{"not_picked":["Streamline","Glacier"],"picked":"FTL","floor":13.0},{"not_picked":["Rebound","Multi-Cast","Hologram"],"picked":"SKIP","floor":14.0},{"not_picked":["Hologram","Go for the Eyes"],"picked":"Steam","floor":15.0},{"not_picked":["All For One","Amplify"],"picked":"Reboot","floor":16.0},{"not_picked":["Loop","Barrage"],"picked":"Streamline+1","floor":18.0},{"not_picked":["Steam","Melter"],"picked":"Redo+1","floor":19.0},{"not_picked":["Coolheaded","Leap","Rebound"],"picked":"SKIP","floor":21.0},{"not_picked":["Go for the Eyes","Hello World"],"picked":"All For One","floor":23.0},{"not_picked":["Compile Driver","Gash+1"],"picked":"Steam+1","floor":27.0},{"not_picked":["Tempest","Cold Snap"],"picked":"Beam Cell","floor":28.0},{"not_picked":["Scrape","Tempest","Barrage"],"picked":"SKIP","floor":29.0},{"not_picked":["Sweeping Beam","Turbo","Go for the Eyes"],"picked":"SKIP","floor":30.0},{"not_picked":["Electrodynamics","Amplify"],"picked":"Biased Cognition","floor":33.0},{"not_picked":["Gash+1","Beam Cell","Sweeping Beam"],"picked":"SKIP","floor":35.0},{"not_picked":["Beam Cell","Ball Lightning","BootSequence"],"picked":"SKIP","floor":37.0},{"not_picked":["Doom and Gloom+1","Redo"],"picked":"Loop","floor":39.0},{"not_picked":["Coolheaded","Sweeping Beam","Hologram"],"picked":"SKIP","floor":40.0},{"not_picked":["Heatsinks","Compile Driver"],"picked":"Aggregate+1","floor":41.0},{"not_picked":["Stack","Coolheaded"],"picked":"Reinforced Body+1","floor":42.0},{"not_picked":["Ball Lightning","BootSequence","Redo"],"picked":"SKIP","floor":45.0},{"not_picked":["Hologram","Meteor Strike","Compile Driver"],"picked":"SKIP","floor":46.0},{"not_picked":["Coolheaded","Steam Power+1","Turbo"],"picked":"SKIP","floor":47}],"player_experience":1811519,"relics_obtained":[{"floor":7.0,"key":"Bottled Flame"},{"floor":9.0,"key":"PreservedInsect"},{"floor":10.0,"key":"Omamori"},{"floor":13.0,"key":"Pen Nib"},{"floor":23.0,"key":"Gambling Chip"},{"floor":26.0,"key":"Anchor"},{"floor":27.0,"key":"Pear"},{"floor":29.0,"key":"Ginger"},{"floor":40.0,"key":"Letter Opener"},{"floor":40.0,"key":"Meat on the Bone"},{"floor":42.0,"key":"FossilizedHelix"},{"floor":42.0,"key":"Bag of Marbles"},{"floor":47,"key":"Strawberry"},{"floor":47,"key":"MawBank"}],"event_choices":[{"damage_healed":0.0,"max_hp_gain":0.0,"max_hp_loss":0.0,"gold_gain":75.0,"event_name":"World of Goop","player_choice":"Gather Gold","floor":3.0,"gold_loss":0.0,"damage_taken":11.0},{"damage_healed":0.0,"max_hp_gain":0.0,"max_hp_loss":0.0,"gold_gain":0.0,"event_name":"Ghosts","player_choice":"Ignored","floor":20.0,"gold_loss":0.0,"damage_taken":0.0},{"cards_removed":["Blizzard"],"damage_healed":0.0,"max_hp_gain":0.0,"max_hp_loss":0.0,"gold_gain":0.0,"event_name":"Back to Basics","player_choice":"Elegance","floor":22.0,"gold_loss":0.0,"damage_taken":0.0},{"damage_healed":0.0,"max_hp_gain":0.0,"max_hp_loss":0.0,"gold_gain":0.0,"event_name":"Nest","player_choice":"Joined the Cult","floor":31.0,"gold_loss":0.0,"damage_taken":6.0,"cards_obtained":["RitualDagger"]},{"damage_healed":0.0,"max_hp_gain":0.0,"max_hp_loss":0.0,"gold_gain":999.0,"event_name":"MindBloom","player_choice":"Gold","floor":36.0,"gold_loss":0.0,"damage_taken":0.0,"cards_obtained":["Normality","Normality"]},{"damage_healed":0.0,"max_hp_gain":0.0,"max_hp_loss":0.0,"gold_gain":0.0,"event_name":"The Woman in Blue","player_choice":"Bought 2 Potions","floor":38.0,"gold_loss":0.0,"damage_taken":0.0},{"damage_healed":0,"gold_gain":0,"player_choice":"Ignored","damage_taken":0,"max_hp_gain":0,"max_hp_loss":0,"event_name":"Tomb of Lord Red Mask","floor":48,"gold_loss":0}],"is_beta":false,"boss_relics":[{"not_picked":["White Beast Statue","Sozu"],"picked":"Pandora\u0027s Box"},{"not_picked":["Snecko Eye","Empty Cage"],"picked":"Black Star"}],"items_purged_floors":[],"is_endless":false,"potions_floor_spawned":[1,2,12,14,16,21,27,29,39,42,47],"killed_by":"Donu and Deca","ascension_level":20}