{"gold_per_floor":[109,109,109,8,23,67,67,101,124,124,147,162,162,175,175,271,271,290,290,306,325,340,340],"floor_reached":23,"playtime":1337,"items_purged":["Regret"],"score":388,"play_id":"4c142d55-de48-4f16-94e4-5b6d4824ce9f","local_time":"20181222144249","is_ascension_mode":true,"campfire_choices":[{"data":"Neutralize","floor":10.0,"key":"SMITH"},{"floor":13,"key":"REST"},{"data":"Prepared","floor":15,"key":"SMITH"}],"neow_cost":"NONE","seed_source_timestamp":133838447815077,"circlet_count":0,"master_deck":["AscendersBane","Defend_G","Defend_G","Defend_G","Defend_G","Defend_G","Strike_G","Strike_G","Strike_G","Strike_G","Strike_G","Survivor","Neutralize+1","Deadly Poison","Poisoned Stab","Underhanded Strike","Cloak And Dagger","Venomology","Tactician","Crippling Poison","Prepared+1","Doppelganger","Concentrate"],"special_seed":0,"relics":["Ring of the Snake","NeowsBlessing","Strawberry","Golden Idol","Tingsha","Potion Belt","Anchor","Cursed Key"],"potions_floor_usage":[12,14,16,16,16,20,20,21,21,22,23,23,23],"damage_taken":[{"damage":0.0,"enemies":"Jaw Worm","floor":1.0,"turns":1.0},{"damage":0.0,"enemies":"Small Slimes","floor":5.0,"turns":1.0},{"damage":0.0,"enemies":"Lagavulin","floor":6.0,"turns":1.0},{"damage":48.0,"enemies":"Gremlin Nob","floor":8.0,"turns":6.0},{"damage":0.0,"enemies":"Cultist","floor":11.0,"turns":4.0},{"damage":10,"enemies":"Gremlin Gang","floor":12,"turns":6},{"damage":0,"enemies":"Looter","floor":14,"turns":3},{"damage":13,"enemies":"The Guardian","floor":16,"turns":9},{"damage":19,"enemies":"Spheric Guardian","floor":18,"turns":6},{"damage":0,"enemies":"Chosen","floor":20,"turns":5},{"damage":7,"enemies":"Sentry and Sphere","floor":21,"turns":7},{"damage":18,"enemies":"Snecko","floor":22,"turns":7},{"damage":12,"enemies":"Book of Stabbing","floor":23,"turns":2}],"seed_played":"5822829554417176639","potions_obtained":[{"floor":1.0,"key":"Ancient Potion"},{"floor":8.0,"key":"SteroidPotion"},{"floor":11.0,"key":"LiquidBronze"},{"floor":14,"key":"SpeedPotion"},{"floor":20,"key":"Energy Potion"},{"floor":21,"key":"AttackPotion"}],"is_trial":false,"path_per_floor":["M","?","?","$","M","E","$","E","T","R","M","M","R","M","R","B",null,"M","?","M","M","M","E"],"character_chosen":"THE_SILENT","items_purchased":["Poisoned Stab"],"campfire_rested":1,"item_purchase_floors":[4],"current_hp_per_floor":[59,66,66,66,66,66,66,18,18,18,18,8,28,28,28,15,55,36,36,36,29,11,0],"gold":340,"neow_bonus":"THREE_ENEMY_KILL","is_prod":false,"is_daily":false,"chose_seed":false,"campfire_upgraded":2,"win_rate":0,"timestamp":1545507769,"path_taken":["M","?","?","?","M","E","$","E","T","R","M","?","R","M","R","BOSS","M","?","M","M","M","E"],"build_version":"2018-12-20","purchased_purges":1,"victory":false,"max_hp_per_floor":[66,73,68,68,68,68,68,68,68,68,68,68,68,68,68,68,68,68,68,68,68,68,68],"card_choices":[{"not_picked":["Blade Dance","Acrobatics"],"picked":"Deadly Poison","floor":1.0},{"not_picked":["Well Laid Plans","PiercingWail"],"picked":"Underhanded Strike","floor":5.0},{"not_picked":["Sucker Punch","Riddle With Holes"],"picked":"Cloak And Dagger","floor":6.0},{"not_picked":["Slice","Deadly Poison"],"picked":"Venomology","floor":8.0},{"not_picked":["Accuracy","PiercingWail"],"picked":"Tactician","floor":11.0},{"not_picked":["Cloak And Dagger","Blade Dance"],"picked":"Crippling Poison","floor":12},{"not_picked":["Crippling Poison","Blade Dance"],"picked":"Prepared","floor":14},{"not_picked":["Burst","A Thousand Cuts"],"picked":"Doppelganger","floor":16},{"not_picked":["Finisher","Dagger Spray","Underhanded Strike"],"picked":"SKIP","floor":18},{"not_picked":["Finisher","Dagger Spray","Underhanded Strike"],"picked":"SKIP","floor":18},{"not_picked":["Blur+1","Outmaneuver","Blade Dance"],"picked":"SKIP","floor":20},{"not_picked":["Setup","Prepared"],"picked":"Concentrate","floor":21},{"not_picked":["PiercingWail","Setup","Deadly Poison"],"picked":"SKIP","floor":22}],"player_experience":943212,"relics_obtained":[{"floor":6.0,"key":"Tingsha"},{"floor":8.0,"key":"Potion Belt"},{"floor":9.0,"key":"Anchor"}],"event_choices":[{"damage_healed":0.0,"max_hp_gain":0.0,"max_hp_loss":0.0,"gold_gain":0.0,"event_name":"Big Fish","player_choice":"Box","floor":2.0,"gold_loss":0.0,"damage_taken":0.0,"relics_obtained":["Strawberry"],"cards_obtained":["Regret"]},{"damage_healed":0.0,"max_hp_gain":0.0,"max_hp_loss":5.0,"gold_gain":0.0,"event_name":"Golden Idol","player_choice":"Lose Max HP","floor":3.0,"gold_loss":0.0,"damage_taken":0.0,"relics_obtained":["Golden Idol"]},{"damage_healed":0,"gold_gain":0,"player_choice":"Ignored","damage_taken":0,"max_hp_gain":0,"max_hp_loss":0,"event_name":"N\u0027loth","floor":19,"gold_loss":0}],"is_beta":false,"boss_relics":[{"not_picked":["Tiny House","Ectoplasm"],"picked":"Cursed Key"}],"items_purged_floors":[4],"is_endless":false,"potions_floor_spawned":[1,8,11,14,20,21],"killed_by":"Book of Stabbing","ascension_level":14}