{"path_per_floor":["M","M","$","?","?","E","?","?","T","M","M","M","R","M","R","B",null,"M","M","?","M","M","R","M","R","T","?","M","?","M","?","R","B",null,"M","M","M","M","T","R","$","R","T"],"character_chosen":"IRONCLAD","items_purchased":["Seeing Red","Block Potion"],"gold_per_floor":[119,137,9,9,9,36,36,36,36,48,68,85,85,104,104,205,205,205,205,205,205,205,205,205,205,205,205,205,205,205,120,120,120,120,120,120,120,120,120,120,45,45,45],"floor_reached":44,"campfire_rested":7,"playtime":3387,"current_hp_per_floor":[65,62,62,46,46,35,35,35,35,31,25,8,32,32,56,48,80,46,44,44,27,15,39,20,44,44,49,31,31,40,40,64,29,80,40,29,33,12,12,36,36,60,67],"items_purged":["Regret"],"gold":45,"score":414,"play_id":"d1df35fc-06a7-4566-8327-e261061a1cb0","local_time":"20180319232403","is_prod":false,"is_daily":false,"is_ascension_mode":false,"campfire_upgraded":0,"timestamp":1521516243,"path_taken":["M","M","$","?","?","E","?","?","T","M","M","?","R","?","R","BOSS","M","M","?","M","M","R","M","R","T","?","M","?","M","?","R","BOSS","M","M","M","M","?","R","$","R","T","M"],"build_version":"2018-03-15v3","purchased_purges":1,"victory":false,"master_deck":["Strike_R+1","Strike_R+1","Strike_R+1","Strike_R+1","Strike_R+1","Defend_R+1","Defend_R+1","Defend_R+1","Defend_R+1","Bash","Rage","Juggernaut+1","Seeing Red+1","Rage","Headbutt","Twin Strike","Reaper","Juggernaut","Whirlwind+1","Twin Strike+1","Metallicize","Iron Wave+1","Flex+1","Thunderclap+1","Limit Break","Anger+1","Rampage+1","Body Slam+1","Impervious","Decay"],"max_hp_per_floor":[80,80,80,80,80,80,80,80,80,80,80,80,80,80,80,80,80,80,80,80,80,80,80,80,80,80,80,80,80,80,80,80,80,80,80,80,80,80,80,80,80,80,87],"relics":["Runic Pyramid","Bottled Flame","Unceasing Top","Ectoplasm","Old Coin","Blood Vial","Cursed Key","Oddly Smooth Stone","Strawberry"],"card_choices":[{"not_picked":["Pommel Strike","Body Slam"],"picked":"Rage"},{"not_picked":["Shrug It Off","Reckless Charge"],"picked":"Juggernaut"},{"not_picked":["Flex","Inflame"],"picked":"Rage"},{"not_picked":["Clothesline","Flame Barrier"],"picked":"Headbutt"},{"not_picked":["Whirlwind","Second Wind"],"picked":"Twin Strike"},{"not_picked":["Reckless Charge","Pommel Strike"],"picked":"Reaper"},{"not_picked":["True Grit","Clash"],"picked":"Armaments"},{"not_picked":["Dark Embrace","Impervious"],"picked":"Juggernaut"},{"not_picked":["Fire Breathing","Corruption"],"picked":"Whirlwind"},{"not_picked":["Armaments","Rupture"],"picked":"Twin Strike"},{"not_picked":["Iron Wave","Twin Strike"],"picked":"Metallicize"},{"not_picked":["Combust","Anger"],"picked":"Iron Wave"},{"not_picked":["Rampage","Dropkick"],"picked":"Flex"},{"not_picked":["Spot Weakness","Shrug It Off"],"picked":"Thunderclap"},{"not_picked":["Demon Form","Juggernaut"],"picked":"Limit Break"},{"not_picked":["Iron Wave","Second Wind"],"picked":"Anger"},{"not_picked":["Cleave","Flex"],"picked":"Rampage"},{"not_picked":["Thunderclap","True Grit"],"picked":"Body Slam"},{"not_picked":["True Grit","Cleave"],"picked":"Impervious"}],"player_experience":11455,"potions_floor_usage":[6,10,14,16,16,16,21,30,37],"damage_taken":[{"damage":15,"enemies":"Jaw Worm","floor":1,"turns":6},{"damage":3,"enemies":"2 Louse","floor":2,"turns":4},{"damage":11,"enemies":"3 Sentries","floor":6,"turns":8},{"damage":4,"enemies":"Small Slimes","floor":10,"turns":3},{"damage":6,"enemies":"2 Fungi Beasts","floor":11,"turns":4},{"damage":17,"enemies":"Lots of Slimes","floor":12,"turns":4},{"damage":0,"enemies":"Large Slime","floor":14,"turns":4},{"damage":20,"enemies":"Slime Boss","floor":16,"turns":10},{"damage":40,"enemies":"3 Byrds","floor":18,"turns":6},{"damage":2,"enemies":"Spheric Guardian","floor":19,"turns":4},{"damage":17,"enemies":"Slaver and Parasite","floor":21,"turns":3},{"damage":12,"enemies":"Sentry and Sphere","floor":22,"turns":4},{"damage":29,"enemies":"Cultist and Chosen","floor":24,"turns":7},{"damage":26,"enemies":"Snake Plant","floor":28,"turns":4},{"damage":7,"enemies":"Chosen and Byrds","floor":30,"turns":3},{"damage":45,"enemies":"Automaton","floor":33,"turns":10},{"damage":40,"enemies":"3 Darklings","floor":35,"turns":4},{"damage":25,"enemies":"3 Shapes","floor":36,"turns":4},{"damage":6,"enemies":"Maw","floor":37,"turns":8},{"damage":23,"enemies":"3 Darklings","floor":38,"turns":5},{"damage":69,"enemies":"4 Shapes","floor":44,"turns":4}],"event_choices":[{"event_name":"Shining Light","player_choice":"Entered Light","floor":4,"damage_taken":0},{"event_name":"The Cleric","player_choice":"Leave","floor":5,"damage_taken":0},{"event_name":"Living Wall","player_choice":"Grow","floor":7,"damage_taken":0},{"event_name":"The Lab","player_choice":"Got Potions","floor":8,"damage_taken":0},{"event_name":"Back to Basics","player_choice":"Simplicity","floor":20,"damage_taken":0},{"event_name":"Bonfire Elementals","player_choice":"COMMON","floor":27,"damage_taken":0},{"event_name":"The Mausoleum","player_choice":"No","floor":29,"damage_taken":0},{"event_name":"Addict","player_choice":"Obtained Relic","floor":31,"damage_taken":0}],"boss_relics":[{"not_picked":["Orrery","Mark of Pain"],"picked":"Ectoplasm"},{"not_picked":["Astrolabe","Philosopher\u0027s Stone"],"picked":"Cursed Key"}],"potions_floor_spawned":[11,12,14,19,24,33,37],"seed_played":"-2408381704815929432","killed_by":"4 Shapes","ascension_level":0,"is_trial":false}