{"path_per_floor":["M","?","?","M","M","R","E","M","T","?","R","E","?","M","R","B",null,"M","?","M","M","$","E","M","E","T","E","$","R","M","M","R","B",null,"M","?","M","?","M","E","R","M","T","M","$","?","E","?","R","B"],"character_chosen":"IRONCLAD","items_purchased":["Mummified Hand","Torii","Panache"],"gold_per_floor":[111,111,111,121,136,136,168,187,239,239,239,273,273,293,293,389,389,401,401,411,431,181,213,232,263,286,319,27,27,46,56,56,152,152,172,172,187,187,197,223,223,242,292,312,123,123,154,0,0,0],"floor_reached":51,"campfire_rested":2,"playtime":2421,"current_hp_per_floor":[77,77,77,80,80,80,60,60,60,65,85,85,78,75,75,42,85,76,60,60,57,57,51,54,42,42,38,38,67,73,77,77,84,99,92,99,97,97,97,99,99,92,92,99,99,99,98,98,98,70],"items_purged":[],"gold":0,"score":1010,"play_id":"d772164b-f829-4e90-9f9c-85223b2c3bfa","local_time":"20180330232709","is_prod":false,"is_daily":false,"is_ascension_mode":true,"campfire_upgraded":5,"timestamp":1522466829,"path_taken":["M","?","?","M","M","R","E","M","T","?","R","E","?","M","R","BOSS","M","?","M","M","$","E","M","E","T","E","?","R","M","M","R","BOSS","M","?","M","?","M","E","R","M","T","M","$","?","E","?","R","BOSS"],"build_version":"2018-03-29v2","purchased_purges":0,"victory":true,"master_deck":["Strike_R","Strike_R","Strike_R+1","Strike_R","Defend_R","Defend_R","Defend_R","Bash","Heavy Blade+1","Pommel Strike","Combust","Rupture+1","Flame Barrier+1","Iron Wave","Anger","Iron Wave","Offering","Shrug It Off","Necronomicurse","Clothesline+1","Uppercut+1","Fire Breathing","Headbutt+1","Carnage+1","Brutality","Clash","Limit Break","Writhe","Havoc+1","True Grit+1","Searing Blow+4","Inflame","Twin Strike+1","Shrug It Off+1","Panache","Rampage","Spot Weakness"],"max_hp_per_floor":[80,80,80,80,80,80,80,80,80,85,85,85,85,85,85,85,85,85,85,85,85,85,85,85,85,85,99,99,99,99,99,99,99,99,99,99,99,99,99,99,99,99,99,99,99,99,99,99,99,99],"relics":["Burning Blood","Juzu Bracelet","Oddly Smooth Stone","Orichalcum","Kunai","Black Star","Necronomicon","Mummified Hand","Ginger","Unceasing Top","Vajra","Blood Vial","Ancient Tea Set","Mango","Bird Faced Urn","Torii","Sozu","Prayer Wheel","Pen Nib","Anchor","Whetstone","Bag of Preparation","Red Mask"],"card_choices":[{"not_picked":["Armaments","Disarm"],"picked":"Heavy Blade","floor":1},{"not_picked":["Uppercut","Sword Boomerang"],"picked":"Combust","floor":4},{"not_picked":["Armaments","Thunderclap"],"picked":"Rupture","floor":5},{"not_picked":["Pommel Strike","Second Wind"],"picked":"Flame Barrier","floor":7},{"not_picked":["Sentinel","Battle Trance"],"picked":"Iron Wave","floor":8},{"not_picked":["Wild Strike","Bludgeon"],"picked":"Anger","floor":12},{"not_picked":["Perfected Strike","Sword Boomerang"],"picked":"Iron Wave","floor":14},{"not_picked":["Berserk","Demon Form"],"picked":"Offering","floor":16},{"not_picked":["Sword Boomerang","Whirlwind"],"picked":"Shrug It Off","floor":18},{"not_picked":["Combust","Rampage"],"picked":"Clothesline","floor":20},{"not_picked":["Body Slam","Seeing Red"],"picked":"Uppercut","floor":21},{"not_picked":["Blood for Blood","Anger"],"picked":"Fire Breathing","floor":23},{"not_picked":["Twin Strike","Clothesline"],"picked":"Headbutt","floor":24},{"not_picked":["Entrench","Reckless Charge"],"picked":"Carnage","floor":25},{"not_picked":["Entrench","Intimidate"],"picked":"Brutality","floor":27},{"not_picked":["True Grit","Clothesline"],"picked":"Clash","floor":30},{"not_picked":["Juggernaut","Berserk"],"picked":"Limit Break","floor":33},{"not_picked":["Wild Strike","Rampage"],"picked":"Havoc","floor":37},{"not_picked":["Perfected Strike","Entrench"],"picked":"True Grit","floor":39},{"not_picked":["Seeing Red","Perfected Strike"],"picked":"Searing Blow","floor":40},{"not_picked":["Wild Strike","Reaper"],"picked":"Inflame","floor":42},{"not_picked":["True Grit","Body Slam"],"picked":"Twin Strike","floor":43},{"not_picked":["Feel No Pain","Thunderclap"],"picked":"Shrug It Off","floor":44},{"not_picked":["Headbutt","Fire Breathing"],"picked":"Spot Weakness","floor":47}],"player_experience":161951,"potions_floor_usage":[7,12,12,16,25,25,30,50],"damage_taken":[{"damage":9,"enemies":"Jaw Worm","floor":1,"turns":4},{"damage":0,"enemies":"Small Slimes","floor":4,"turns":3},{"damage":3,"enemies":"2 Louse","floor":5,"turns":2},{"damage":26,"enemies":"Lagavulin","floor":7,"turns":7},{"damage":6,"enemies":"2 Fungi Beasts","floor":8,"turns":3},{"damage":6,"enemies":"Gremlin Nob","floor":12,"turns":3},{"damage":9,"enemies":"Exordium Wildlife","floor":14,"turns":4},{"damage":39,"enemies":"The Guardian","floor":16,"turns":10},{"damage":15,"enemies":"Shell Parasite","floor":18,"turns":3},{"damage":6,"enemies":"3 Byrds","floor":20,"turns":4},{"damage":9,"enemies":"Centurion and Healer","floor":21,"turns":6},{"damage":12,"enemies":"Book of Stabbing","floor":23,"turns":6},{"damage":3,"enemies":"Snake Plant","floor":24,"turns":3},{"damage":18,"enemies":"Gremlin Leader","floor":25,"turns":4},{"damage":26,"enemies":"Book of Stabbing","floor":27,"turns":5},{"damage":8,"enemies":"Snecko","floor":30,"turns":3},{"damage":12,"enemies":"Centurion and Healer","floor":31,"turns":4},{"damage":9,"enemies":"Automaton","floor":33,"turns":6},{"damage":15,"enemies":"3 Shapes","floor":35,"turns":4},{"damage":8,"enemies":"Orb Walker","floor":37,"turns":3},{"damage":10,"enemies":"Maw","floor":39,"turns":5},{"damage":5,"enemies":"Nemesis","floor":40,"turns":3},{"damage":17,"enemies":"4 Shapes","floor":42,"turns":3},{"damage":1,"enemies":"Sphere and 2 Shapes","floor":44,"turns":3},{"damage":7,"enemies":"2 Orb Walkers","floor":47,"turns":3},{"damage":38,"enemies":"Donu and Deca","floor":50,"turns":7}],"event_choices":[{"event_name":"Living Wall","player_choice":"Change","floor":2,"damage_taken":0},{"event_name":"The Cleric","player_choice":"Leave","floor":3,"damage_taken":0},{"event_name":"Big Fish","player_choice":"Donut","floor":10,"damage_taken":0},{"event_name":"Scrap Ooze","player_choice":"success","floor":13,"damage_taken":7},{"event_name":"Cursed Tome","player_choice":"Obtained Book","floor":19,"damage_taken":0},{"event_name":"Winding Halls","player_choice":"Writhe","floor":36,"damage_taken":0},{"event_name":"The Woman in Blue","player_choice":"Bought 0 Potions","floor":38,"damage_taken":0},{"event_name":"Transmorgrifier","player_choice":"Transform","floor":46,"damage_taken":0},{"event_name":"Tomb of Lord Red Mask","player_choice":"Paid","floor":48,"damage_taken":0}],"boss_relics":[{"not_picked":["White Beast Statue","Eternal Feather"],"picked":"Black Star"},{"not_picked":["Lizard Tail","Mark of Pain"],"picked":"Sozu"}],"potions_floor_spawned":[4,5,7,14,18,21,24,25,27,35,37,42],"seed_played":"-7471251786072443534","ascension_level":2,"is_trial":false}