{"gold_per_floor":[119,136,211,223,240,240,260,260,260,273,273,273,273,301,301,405,405,360,68,68,68,68,68,68,68],"floor_reached":25,"playtime":1572,"items_purged":["Strike_P"],"score":234,"play_id":"efe753e9-d16f-49e6-b729-201fed180a57","local_time":"20190910210319","is_ascension_mode":true,"campfire_choices":[{"data":"Eruption","floor":6.0,"key":"SMITH"},{"floor":12.0,"key":"REST"},{"floor":15.0,"key":"REST"},{"floor":23,"key":"REST"}],"neow_cost":"NONE","seed_source_timestamp":9486156632955,"circlet_count":0,"master_deck":["Strike_P+1","Strike_P+1","Strike_P+1","Defend_P+1","Defend_P+1","Defend_P+1","Defend_P+1","Eruption+1","Vigilance","PathToVictory+1","Perseverance","ThirdEye+1","Meditate+1","CutThroughFate","Crescendo","TalkToTheHand+1","LessonLearned","EmptyMind+1","ClearTheMind+1","Madness+1","Devotion","Protect+1","BowlingBash","Judgement+1"],"special_seed":0,"relics":["PureWater","NeowsBlessing","Shuriken","Blue Candle","Toxic Egg 2","Ectoplasm","Eternal Feather"],"potions_floor_usage":[24,25],"damage_taken":[{"damage":0.0,"enemies":"Small Slimes","floor":1.0,"turns":1.0},{"damage":0.0,"enemies":"Jaw Worm","floor":2.0,"turns":1.0},{"damage":0.0,"enemies":"2 Louse","floor":4.0,"turns":1.0},{"damage":12.0,"enemies":"Large Slime","floor":5.0,"turns":6.0},{"damage":24.0,"enemies":"Blue Slaver","floor":7.0,"turns":2.0},{"damage":0.0,"enemies":"2 Fungi Beasts","floor":10.0,"turns":3.0},{"damage":14.0,"enemies":"Lagavulin","floor":14.0,"turns":5.0},{"damage":32.0,"enemies":"Slime Boss","floor":16.0,"turns":8.0},{"damage":14,"enemies":"2 Thieves","floor":18,"turns":3},{"damage":13,"enemies":"Chosen","floor":20,"turns":8},{"damage":5,"enemies":"Snake Plant","floor":22,"turns":5},{"damage":51,"enemies":"Book of Stabbing","floor":24,"turns":7},{"damage":3,"enemies":"Centurion and Healer","floor":25,"turns":2}],"seed_played":"-4751774597185155131","potions_obtained":[{"floor":1.0,"key":"PowerPotion"},{"floor":5.0,"key":"GamblersBrew"},{"floor":10.0,"key":"Energy Potion"}],"is_trial":false,"path_per_floor":["M","M","?","M","M","R","M","T","T","M","?","R","?","E","R","B",null,"M","$","M","?","M","R","E","M"],"character_chosen":"WATCHER","items_purchased":["ClearTheMind+1","Madness+1","Devotion"],"campfire_rested":3,"item_purchase_floors":[19,19,19],"current_hp_per_floor":[65,65,54,54,42,42,18,18,18,18,39,58,45,31,50,18,65,51,51,38,38,33,52,1,0],"gold":68,"neow_bonus":"THREE_ENEMY_KILL","is_prod":false,"is_daily":false,"chose_seed":false,"campfire_upgraded":1,"win_rate":0,"timestamp":1568113399,"path_taken":["M","M","?","M","M","R","M","?","T","M","?","R","?","E","R","BOSS","M","$","M","?","M","R","E","M"],"build_version":"2019-09-09v2","purchased_purges":1,"victory":false,"max_hp_per_floor":[65,65,65,65,65,65,65,65,65,65,65,65,65,65,65,65,65,65,65,65,65,65,65,65,65],"card_choices":[{"not_picked":["StepAndStrike","DeceiveReality"],"picked":"PathToVictory","floor":1.0},{"not_picked":["EmptyFist","ClearTheMind"],"picked":"Perseverance","floor":2.0},{"not_picked":["CarveReality","JustLucky"],"picked":"ThirdEye","floor":4.0},{"not_picked":["JustLucky","PathToVictory"],"picked":"Meditate","floor":5.0},{"not_picked":["Halt","EmptyMind"],"picked":"CutThroughFate","floor":7.0},{"not_picked":["Worship","CutThroughFate"],"picked":"Crescendo","floor":10.0},{"not_picked":["WreathOfFlame","Sanctity"],"picked":"TalkToTheHand","floor":14.0},{"not_picked":["Omniscience+1","SignatureMove"],"picked":"LessonLearned","floor":16.0},{"not_picked":["EmptyFist","Crescendo+1"],"picked":"EmptyMind+1","floor":18},{"not_picked":["EmptyBody+1","Crescendo+1"],"picked":"Protect+1","floor":20},{"not_picked":["ClearTheMind+1","Meditate+1"],"picked":"BowlingBash","floor":22},{"not_picked":["JustLucky+1","Crescendo+1"],"picked":"Judgement+1","floor":24}],"player_experience":1278732,"relics_obtained":[{"floor":8.0,"key":"Shuriken"},{"floor":9.0,"key":"Blue Candle"},{"floor":14.0,"key":"Toxic Egg 2"},{"floor":24,"key":"Eternal Feather"}],"event_choices":[{"damage_healed":0.0,"max_hp_gain":0.0,"max_hp_loss":0.0,"gold_gain":75.0,"event_name":"World of Goop","player_choice":"Gather Gold","floor":3.0,"gold_loss":0.0,"damage_taken":11.0},{"damage_healed":21.0,"max_hp_gain":0.0,"max_hp_loss":0.0,"gold_gain":0.0,"event_name":"Big Fish","player_choice":"Banana","floor":11.0,"gold_loss":0.0,"damage_taken":0.0},{"damage_healed":0.0,"max_hp_gain":0.0,"max_hp_loss":0.0,"gold_gain":0.0,"event_name":"Shining Light","player_choice":"Entered Light","floor":13.0,"gold_loss":0.0,"damage_taken":13.0,"cards_upgraded":["Defend_P","ThirdEye"]},{"damage_healed":0,"gold_gain":0,"player_choice":"Simplicity","damage_taken":0,"max_hp_gain":0,"max_hp_loss":0,"event_name":"Back to Basics","floor":21,"gold_loss":0,"cards_upgraded":["Strike_P","Strike_P","Strike_P","Defend_P","Defend_P"]}],"is_beta":true,"boss_relics":[{"not_picked":["Sozu","Pandora\u0027s Box"],"picked":"Ectoplasm"}],"items_purged_floors":[19],"is_endless":false,"potions_floor_spawned":[1,5,10,14,18],"killed_by":"Centurion and Healer","ascension_level":1}