{"gold_per_floor":[118,134,154,165,120,135,135,149,149,149],"floor_reached":10,"playtime":501,"items_purged":[],"score":118,"play_id":"657ed9ad-c3dd-404b-a38b-228137ccb14b","local_time":"20190720201042","is_ascension_mode":true,"campfire_choices":[{"data":"Corruption","floor":7,"key":"SMITH"}],"neow_cost":"NONE","seed_source_timestamp":762319616050061,"circlet_count":0,"master_deck":["AscendersBane","Strike_R","Strike_R","Strike_R","Strike_R","Strike_R","Defend_R","Defend_R","Defend_R","Defend_R","Bash","Corruption+1","Twin Strike","Shockwave","Warcry","Flame Barrier","Spot Weakness"],"relics":["Burning Blood","Omamori"],"potions_floor_usage":[3,10],"damage_taken":[{"damage":11,"enemies":"Jaw Worm","floor":1,"turns":4},{"damage":15,"enemies":"Small Slimes","floor":2,"turns":5},{"damage":3,"enemies":"2 Louse","floor":3,"turns":3},{"damage":11,"enemies":"Exordium Thugs","floor":4,"turns":6},{"damage":32,"enemies":"Exordium Wildlife","floor":6,"turns":5},{"damage":4,"enemies":"2 Fungi Beasts","floor":8,"turns":3},{"damage":40,"enemies":"3 Sentries","floor":10,"turns":5}],"seed_played":"4541388481191415025","potions_obtained":[{"floor":1,"key":"Block Potion"},{"floor":6,"key":"PowerPotion"}],"is_trial":false,"path_per_floor":["M","M","M","M","?","M","R","M","T","E"],"character_chosen":"IRONCLAD","items_purchased":[],"campfire_rested":0,"item_purchase_floors":[],"current_hp_per_floor":[70,61,64,59,59,33,33,35,35,0],"gold":149,"neow_bonus":"TEN_PERCENT_HP_BONUS","is_prod":false,"is_daily":false,"chose_seed":false,"campfire_upgraded":1,"win_rate":0,"timestamp":1563667842,"path_taken":["M","M","M","M","?","M","R","M","T","E"],"build_version":"2019-07-17","purchased_purges":0,"victory":false,"max_hp_per_floor":[82,82,82,82,82,82,82,82,82,82],"card_choices":[{"not_picked":["Clothesline","Pommel Strike"],"picked":"Corruption","floor":1},{"not_picked":["Barricade","Body Slam"],"picked":"Twin Strike","floor":2},{"not_picked":["Thunderclap","Pommel Strike"],"picked":"Shockwave","floor":3},{"not_picked":["Clash","Body Slam"],"picked":"Warcry","floor":4},{"not_picked":["Seeing Red","True Grit"],"picked":"Flame Barrier","floor":6},{"not_picked":["Body Slam","Havoc"],"picked":"Spot Weakness","floor":8}],"player_experience":1608794,"relics_obtained":[{"floor":9,"key":"Omamori"}],"event_choices":[{"damage_healed":0,"gold_gain":0,"player_choice":"Left Gold","damage_taken":0,"max_hp_gain":0,"max_hp_loss":0,"event_name":"World of Goop","floor":5,"gold_loss":45}],"is_beta":false,"boss_relics":[],"items_purged_floors":[],"is_endless":false,"potions_floor_spawned":[1,6],"killed_by":"3 Sentries","ascension_level":18}