{"gold_per_floor":[112,187,97,97,115,146,146,159,184,57,90,9,26,201,201,296,296,296],"floor_reached":18,"playtime":2065,"items_purged":[],"score":185,"play_id":"568742ab-8a46-443b-aac6-a2e6ebf10a57","local_time":"20190913025159","is_ascension_mode":true,"campfire_choices":[{"floor":7.0,"key":"REST"},{"floor":15.0,"key":"REST"}],"neow_cost":"NONE","seed_source_timestamp":0,"circlet_count":0,"master_deck":["Strike_B","Strike_B","Strike_B","Defend_B","Defend_B","Defend_B","Defend_B","Zap","Dualcast","Loop","Loop","Steam","Hologram","Steam","Static Discharge","Gash","Hello World","Leap","Skim","Doubt","Biased Cognition"],"special_seed":0,"relics":["Cracked Core","Juzu Bracelet","Bag of Preparation","Centennial Puzzle","Blood Vial","Inserter"],"potions_floor_usage":[],"damage_taken":[{"damage":4.0,"enemies":"Jaw Worm","floor":1.0,"turns":5.0},{"damage":0.0,"enemies":"Cultist","floor":5.0,"turns":4.0},{"damage":49.0,"enemies":"Gremlin Nob","floor":6.0,"turns":6.0},{"damage":9.0,"enemies":"Small Slimes","floor":8.0,"turns":4.0},{"damage":19.0,"enemies":"Lagavulin","floor":11.0,"turns":7.0},{"damage":6.0,"enemies":"3 Louse","floor":13.0,"turns":4.0},{"damage":24.0,"enemies":"The Guardian","floor":16.0,"turns":11.0},{"damage":7,"enemies":"3 Byrds","floor":18,"turns":2}],"seed_played":"-1965559627178120902","potions_obtained":[{"floor":5.0,"key":"Weak Potion"},{"floor":6.0,"key":"PowerPotion"},{"floor":11.0,"key":"EssenceOfSteel"},{"floor":13.0,"key":"Strength Potion"}],"is_trial":false,"path_per_floor":["M","?","?","?","M","E","R","M","T","$","E","$","M","?","R","B",null,"M"],"character_chosen":"DEFECT","items_purchased":["Steam","Static Discharge","Hello World","Leap"],"campfire_rested":2,"item_purchase_floors":[10,10,12,12],"current_hp_per_floor":[78,67,67,67,67,18,42,33,33,33,14,14,10,10,34,12,82,75],"gold":296,"neow_bonus":"TEN_PERCENT_HP_BONUS","is_prod":false,"is_daily":false,"chose_seed":false,"campfire_upgraded":0,"win_rate":0,"timestamp":1568353919,"path_taken":["M","?","?","?","M","E","R","M","T","$","E","$","M","?","R","BOSS","M"],"build_version":"2019-07-17","purchased_purges":0,"victory":false,"max_hp_per_floor":[82,82,82,82,82,82,82,82,82,82,82,82,82,82,82,82,82,82],"card_choices":[{"not_picked":["Hologram","Cold Snap"],"picked":"Loop","floor":1.0},{"not_picked":["Gash","Turbo"],"picked":"Steam","floor":5.0},{"not_picked":["Compile Driver","Scrape"],"picked":"Hologram","floor":6.0},{"not_picked":["Recycle","Beam Cell","Streamline"],"picked":"SKIP","floor":8.0},{"not_picked":["Genetic Algorithm","Coolheaded"],"picked":"Gash","floor":11.0},{"not_picked":["Gash","Lockon"],"picked":"Skim","floor":13.0},{"not_picked":["Echo Form","Fission"],"picked":"Biased Cognition","floor":16.0}],"player_experience":190879,"relics_obtained":[{"floor":6.0,"key":"Bag of Preparation"},{"floor":9.0,"key":"Centennial Puzzle"},{"floor":11.0,"key":"Blood Vial"}],"event_choices":[{"damage_healed":0.0,"max_hp_gain":0.0,"max_hp_loss":0.0,"gold_gain":75.0,"event_name":"World of Goop","player_choice":"Gather Gold","floor":2.0,"gold_loss":0.0,"damage_taken":11.0},{"damage_healed":0.0,"max_hp_gain":0.0,"max_hp_loss":0.0,"gold_gain":0.0,"event_name":"WeMeetAgain","player_choice":"Paid Gold","floor":3.0,"gold_loss":90.0,"damage_taken":0.0,"relics_obtained":["Juzu Bracelet"]},{"damage_healed":0.0,"max_hp_gain":0.0,"max_hp_loss":0.0,"gold_gain":0.0,"cards_transformed":["Strike_B"],"event_name":"Transmorgrifier","player_choice":"Transformed","floor":4.0,"gold_loss":0.0,"damage_taken":0.0,"cards_obtained":["Loop"]},{"damage_healed":0.0,"max_hp_gain":0.0,"max_hp_loss":0.0,"gold_gain":175.0,"event_name":"Liars Game","player_choice":"AGREE","floor":14.0,"gold_loss":0.0,"damage_taken":0.0,"cards_obtained":["Doubt"]}],"is_beta":false,"boss_relics":[{"not_picked":["FrozenCore","Empty Cage"],"picked":"Inserter"}],"items_purged_floors":[],"is_endless":false,"potions_floor_spawned":[5,6,11,13],"killed_by":"3 Byrds","ascension_level":2}