{"gold_per_floor":[110,31,31,31,44,44,9,9,9,42,42,85,85,116,116,215,215,234,234,248,78,28,28,61,75,120,120,135,166,184,219,219,310,310,329,12,37,61,61,61,100,100,123,139,139,177,195,231,231,231,231,231,231,14,14],"floor_reached":55,"playtime":8318,"items_purged":["Clumsy","Strike_B"],"score":2108,"play_id":"d3618aa8-ad5b-4f5e-a015-639c0bebf4db","local_time":"20190821211842","is_ascension_mode":true,"campfire_choices":[{"data":"Doom and Gloom","floor":6.0,"key":"SMITH"},{"data":"Zap","floor":8.0,"key":"SMITH"},{"floor":11.0,"key":"REST"},{"data":"Dualcast","floor":13.0,"key":"SMITH"},{"floor":15.0,"key":"REST"},{"floor":23.0,"key":"REST"},{"floor":27.0,"key":"REST"},{"data":"Reinforced Body","floor":32.0,"key":"SMITH"},{"data":"Compile Driver","floor":40.0,"key":"SMITH"},{"data":"Sunder","floor":42.0,"key":"SMITH"},{"floor":49.0,"key":"RECALL"},{"data":"Buffer","floor":53,"key":"SMITH"}],"neow_cost":"CURSE","seed_source_timestamp":2173332829576647,"circlet_count":0,"master_deck":["AscendersBane","Strike_B+1","Strike_B","Strike_B","Defend_B","Defend_B","Defend_B","Defend_B","Zap+1","Dualcast+1","Ball Lightning+1","Doom and Gloom+1","Compile Driver+1","Rainbow","Seek","Cold Snap","Creative AI","Genetic Algorithm+1","Sunder+1","Conserve Battery+1","Scrape+1","Reinforced Body+1","Echo Form","Skim+1","Sweeping Beam+1","Buffer+1"],"special_seed":0,"relics":["Cracked Core","Emotion Chip","Oddly Smooth Stone","Golden Idol","Sundial","Bag of Marbles","Centennial Puzzle","WingedGreaves","Snecko Eye","Molten Egg 2","Happy Flower","Strawberry","Pantograph","Busted Crown","Chemical X","Blood Vial","Bottled Tornado","Vajra","Runic Capacitor"],"potions_floor_usage":[],"damage_taken":[{"damage":9.0,"enemies":"Jaw Worm","floor":1.0,"turns":4.0},{"damage":1.0,"enemies":"2 Louse","floor":5.0,"turns":3.0},{"damage":16.0,"enemies":"Lagavulin","floor":10.0,"turns":6.0},{"damage":6.0,"enemies":"Gremlin Nob","floor":12.0,"turns":3.0},{"damage":14.0,"enemies":"Lagavulin","floor":14.0,"turns":6.0},{"damage":0.0,"enemies":"Slime Boss","floor":16.0,"turns":5.0},{"damage":23.0,"enemies":"Shell Parasite","floor":18.0,"turns":6.0},{"damage":31.0,"enemies":"2 Thieves","floor":20.0,"turns":3.0},{"damage":7.0,"enemies":"Gremlin Leader","floor":24.0,"turns":3.0},{"damage":4.0,"enemies":"Snecko","floor":25.0,"turns":4.0},{"damage":6.0,"enemies":"Snake Plant","floor":28.0,"turns":3.0},{"damage":7.0,"enemies":"Book of Stabbing","floor":29.0,"turns":4.0},{"damage":4.0,"enemies":"Centurion and Healer","floor":30.0,"turns":6.0},{"damage":7.0,"enemies":"Gremlin Leader","floor":31.0,"turns":7.0},{"damage":20.0,"enemies":"Collector","floor":33.0,"turns":6.0},{"damage":4.0,"enemies":"3 Darklings","floor":35.0,"turns":4.0},{"damage":0.0,"enemies":"3 Shapes","floor":37.0,"turns":4.0},{"damage":1.0,"enemies":"Jaw Worm Horde","floor":38.0,"turns":4.0},{"damage":3.0,"enemies":"Nemesis","floor":41.0,"turns":7.0},{"damage":0.0,"enemies":"3 Darklings","floor":44.0,"turns":4.0},{"damage":15.0,"enemies":"Giant Head","floor":46.0,"turns":10.0},{"damage":7.0,"enemies":"4 Shapes","floor":47.0,"turns":3.0},{"damage":0.0,"enemies":"Reptomancer","floor":48.0,"turns":5.0},{"damage":22.0,"enemies":"Donu and Deca","floor":50.0,"turns":8.0},{"damage":33,"enemies":"Awakened One","floor":51,"turns":11},{"damage":68,"enemies":"Shield and Spear","floor":55,"turns":5}],"seed_played":"8775829684733915776","potions_obtained":[{"floor":1.0,"key":"Ancient Potion"},{"floor":10.0,"key":"Poison Potion"},{"floor":12.0,"key":"Fire Potion"},{"floor":14.0,"key":"SteroidPotion"},{"floor":20.0,"key":"Regen Potion"},{"floor":24.0,"key":"Ancient Potion"},{"floor":25.0,"key":"Strength Potion"},{"floor":31.0,"key":"Dexterity Potion"},{"floor":39.0,"key":"PowerPotion"},{"floor":39.0,"key":"EssenceOfSteel"},{"floor":41.0,"key":"PowerPotion"},{"floor":44.0,"key":"FearPotion"},{"floor":48.0,"key":"FocusPotion"}],"is_trial":false,"path_per_floor":["M","$","?","?","M","R","?","R","T","E","R","E","R","E","R","B",null,"M","?","M","$","?","R","E","M","T","R","M","E","M","E","R","B",null,"M","$","M","M","?","R","E","R","T","M","$","E","M","E","R","B","B",null,"R","$","E"],"character_chosen":"DEFECT","items_purchased":["Doom and Gloom","Sunder","Poison Potion","Chemical X","Runic Capacitor"],"campfire_rested":4,"item_purchase_floors":[2,21,21,36,54],"current_hp_per_floor":[55,55,20,20,19,19,35,35,35,19,38,32,32,18,37,37,57,34,34,3,3,3,22,27,23,23,42,36,36,32,25,25,30,61,57,57,57,56,56,56,53,53,53,55,55,42,37,39,39,44,38,63,63,63,0],"gold":14,"neow_bonus":"ONE_RARE_RELIC","is_prod":false,"is_daily":false,"chose_seed":false,"campfire_upgraded":7,"win_rate":0,"timestamp":1566436722,"path_taken":["M","$","?","?","M","R","?","R","T","E","R","E","R","E","R","BOSS","M","?","?","$","?","R","E","M","T","R","M","E","M","E","R","BOSS","M","$","?","M","?","R","E","R","T","?","?","E","?","E","R","BOSS","BOSS","R","$","E"],"build_version":"2019-07-17","purchased_purges":2,"victory":false,"max_hp_per_floor":[71,71,71,64,64,64,64,64,64,64,64,64,64,64,64,64,64,64,64,64,64,64,64,64,64,64,64,64,71,71,71,71,71,71,71,71,71,71,71,71,71,71,71,71,71,71,71,71,71,71,71,71,71,71,71],"card_choices":[{"not_picked":["Conserve Battery","Heatsinks"],"picked":"Ball Lightning","floor":1.0},{"not_picked":["Reinforced Body","Beam Cell"],"picked":"Compile Driver","floor":5.0},{"not_picked":["Lockon","Redo"],"picked":"Rainbow","floor":10.0},{"not_picked":["Streamline","Barrage"],"picked":"Seek","floor":12.0},{"not_picked":["Go for the Eyes","Cold Snap","Storm"],"picked":"SKIP","floor":14.0},{"not_picked":["Go for the Eyes","Storm"],"picked":"Cold Snap","floor":14.0},{"not_picked":["Machine Learning","Rainbow"],"picked":"Creative AI","floor":16.0},{"not_picked":["Leap","Scrape"],"picked":"Genetic Algorithm","floor":18.0},{"not_picked":["Rebound","Stack","Reprogram"],"picked":"SKIP","floor":20.0},{"not_picked":["Compile Driver","Ball Lightning"],"picked":"Conserve Battery+1","floor":24.0},{"not_picked":["Consume","Undo+1","Chill"],"picked":"SKIP","floor":25.0},{"not_picked":["Genetic Algorithm","Blizzard+1","Conserve Battery"],"picked":"SKIP","floor":28.0},{"not_picked":["Blizzard+1","FTL+1","Skim+1"],"picked":"SKIP","floor":29.0},{"not_picked":["Stack","Multi-Cast"],"picked":"Scrape+1","floor":30.0},{"not_picked":["Amplify","Turbo"],"picked":"Reinforced Body","floor":31.0},{"not_picked":["Seek","Rainbow"],"picked":"Echo Form","floor":33.0},{"not_picked":["Steam"],"picked":"SKIP","floor":35.0},{"not_picked":[],"picked":"Skim+1","floor":37.0},{"not_picked":["Compile Driver+1"],"picked":"SKIP","floor":38.0},{"not_picked":["White Noise+1"],"picked":"SKIP","floor":41.0},{"not_picked":["White Noise+1"],"picked":"SKIP","floor":44.0},{"not_picked":[],"picked":"Sweeping Beam+1","floor":46.0},{"not_picked":[],"picked":"Buffer","floor":47.0},{"not_picked":["Barrage+1"],"picked":"SKIP","floor":48.0}],"player_experience":1823812,"relics_obtained":[{"floor":9.0,"key":"Sundial"},{"floor":10.0,"key":"Bag of Marbles"},{"floor":12.0,"key":"Centennial Puzzle"},{"floor":14.0,"key":"WingedGreaves"},{"floor":24.0,"key":"Molten Egg 2"},{"floor":26.0,"key":"Happy Flower"},{"floor":29.0,"key":"Strawberry"},{"floor":31.0,"key":"Pantograph"},{"floor":41.0,"key":"Blood Vial"},{"floor":46.0,"key":"Bottled Tornado"},{"floor":48.0,"key":"Vajra"}],"event_choices":[{"damage_healed":0.0,"max_hp_gain":0.0,"max_hp_loss":0.0,"gold_gain":0.0,"event_name":"Scrap Ooze","player_choice":"Success","floor":3.0,"gold_loss":0.0,"damage_taken":35.0,"relics_obtained":["Oddly Smooth Stone"]},{"damage_healed":0.0,"max_hp_gain":0.0,"max_hp_loss":7.0,"gold_gain":0.0,"event_name":"Golden Idol","player_choice":"Lose Max HP","floor":4.0,"gold_loss":0.0,"damage_taken":0.0,"relics_obtained":["Golden Idol"]},{"damage_healed":16.0,"max_hp_gain":0.0,"max_hp_loss":0.0,"gold_gain":0.0,"event_name":"The Cleric","player_choice":"Healed","floor":7.0,"gold_loss":35.0,"damage_taken":0.0},{"damage_healed":0.0,"max_hp_gain":0.0,"max_hp_loss":0.0,"gold_gain":0.0,"event_name":"Accursed Blacksmith","player_choice":"Forge","floor":19.0,"gold_loss":0.0,"damage_taken":0.0,"cards_upgraded":["Genetic Algorithm"]},{"damage_healed":0.0,"max_hp_gain":0.0,"max_hp_loss":0.0,"gold_gain":0.0,"event_name":"Designer","player_choice":"Upgraded Two","floor":22.0,"gold_loss":50.0,"damage_taken":0.0,"cards_upgraded":["Strike_B","Ball Lightning"]},{"damage_healed":0.0,"max_hp_gain":0.0,"max_hp_loss":0.0,"gold_gain":0.0,"event_name":"Lab","player_choice":"Got Potions","floor":39.0,"gold_loss":0.0,"damage_taken":0.0}],"is_beta":false,"boss_relics":[{"not_picked":["Nuclear Battery","White Beast Statue"],"picked":"Snecko Eye"},{"not_picked":["Eternal Feather","Calling Bell"],"picked":"Busted Crown"}],"items_purged_floors":[21,36],"is_endless":false,"potions_floor_spawned":[1,10,12,14,20,24,25,31,41,44,48],"killed_by":"Shield and Spear","ascension_level":20}