{"gold_per_floor":[210,222,236,68,87,87,117,127,152,152,181,200,227,227,227,227],"floor_reached":16,"playtime":739,"items_purged":["Strike_R"],"score":146,"play_id":"5779966b-7c59-429e-852b-065292f36fb2","local_time":"20190712184615","is_ascension_mode":true,"campfire_choices":[{"data":"Bash","floor":6,"key":"SMITH"},{"data":"Pommel Strike","floor":10,"key":"SMITH"},{"floor":15,"key":"REST"}],"neow_cost":"NONE","seed_source_timestamp":25301773039686,"circlet_count":0,"master_deck":["Strike_R+1","Strike_R","Strike_R","Defend_R","Defend_R","Defend_R","Defend_R","Bash+1","Dropkick","Twin Strike+1","Shrug It Off","Thunderclap","Pommel Strike+1","Uppercut","Rampage"],"relics":["Burning Blood","Whetstone","PreservedInsect","Dream Catcher","Bag of Marbles"],"potions_floor_usage":[13,13,16],"damage_taken":[{"damage":1,"enemies":"Cultist","floor":1,"turns":3},{"damage":4,"enemies":"Jaw Worm","floor":2,"turns":4},{"damage":7,"enemies":"Small Slimes","floor":3,"turns":4},{"damage":9,"enemies":"Red Slaver","floor":5,"turns":4},{"damage":24,"enemies":"3 Sentries","floor":7,"turns":8},{"damage":6,"enemies":"Looter","floor":8,"turns":2},{"damage":27,"enemies":"Lagavulin","floor":11,"turns":4},{"damage":19,"enemies":"Large Slime","floor":12,"turns":6},{"damage":10,"enemies":"3 Sentries","floor":13,"turns":4},{"damage":58,"enemies":"Hexaghost","floor":16,"turns":9}],"seed_played":"4778304253370465338","potions_obtained":[{"floor":3,"key":"BloodPotion"},{"floor":11,"key":"PowerPotion"},{"floor":12,"key":"PowerPotion"},{"floor":13,"key":"Ancient Potion"}],"is_trial":false,"path_per_floor":["M","M","M","$","M","R","E","M","T","R","E","M","E","?","R","B"],"character_chosen":"IRONCLAD","items_purchased":["Shrug It Off","Thunderclap"],"campfire_rested":1,"item_purchase_floors":[4,4],"current_hp_per_floor":[80,80,79,79,76,76,58,58,58,58,37,24,20,13,37,0],"gold":227,"neow_bonus":"HUNDRED_GOLD","is_prod":false,"is_daily":false,"chose_seed":false,"campfire_upgraded":2,"win_rate":0,"timestamp":1562949975,"path_taken":["M","M","M","$","M","R","E","M","T","R","E","M","E","?","R","BOSS"],"build_version":"2019-07-05","purchased_purges":1,"victory":false,"max_hp_per_floor":[80,80,80,80,80,80,80,80,80,80,80,80,80,80,80,80],"card_choices":[{"not_picked":["Iron Wave","Havoc","Bloodletting"],"picked":"SKIP","floor":1},{"not_picked":["Clothesline","Perfected Strike"],"picked":"Dropkick","floor":2},{"not_picked":["Entrench","Iron Wave"],"picked":"Twin Strike","floor":3},{"not_picked":["Headbutt","Evolve"],"picked":"Pommel Strike","floor":5},{"not_picked":["Blood for Blood","Fire Breathing","Pommel Strike"],"picked":"SKIP","floor":7},{"not_picked":["Sword Boomerang","Searing Blow","Evolve"],"picked":"SKIP","floor":8},{"not_picked":["Flex","Twin Strike"],"picked":"Uppercut","floor":11},{"not_picked":["Armaments","Shockwave"],"picked":"Rampage","floor":12},{"not_picked":["Dark Embrace","Second Wind","Cleave"],"picked":"SKIP","floor":13}],"player_experience":38366,"relics_obtained":[{"floor":7,"key":"Whetstone"},{"floor":9,"key":"PreservedInsect"},{"floor":11,"key":"Dream Catcher"},{"floor":13,"key":"Bag of Marbles"}],"event_choices":[{"cards_removed":["Strike_R"],"damage_healed":0,"gold_gain":0,"player_choice":"Card Removal","damage_taken":7,"max_hp_gain":0,"max_hp_loss":0,"event_name":"Golden Wing","floor":14,"gold_loss":0}],"is_beta":false,"boss_relics":[],"items_purged_floors":[4],"is_endless":false,"potions_floor_spawned":[3,11,12,13],"killed_by":"Hexaghost","ascension_level":4}