{"gold_per_floor":[115,133,133,146,159,159,174,174,174,199,98,112,144,157,157,157],"floor_reached":16,"playtime":620,"items_purged":["Strike_B"],"score":160,"play_id":"ed4b4c3d-1379-4b8c-96c5-5f4e472ecd95","local_time":"20190906203553","is_ascension_mode":true,"campfire_choices":[{"data":"Zap","floor":6,"key":"SMITH"},{"data":"Dualcast","floor":8,"key":"SMITH"},{"floor":15,"key":"REST"}],"neow_cost":"NONE","seed_source_timestamp":12460868273700,"circlet_count":0,"master_deck":["Strike_B","Strike_B","Strike_B","Defend_B","Defend_B","Defend_B","Defend_B","Zap+1","Dualcast+1","Hologram","Genetic Algorithm","Machine Learning","Steam","Capacitor","Go for the Eyes"],"special_seed":0,"relics":["Cracked Core","PreservedInsect","Centennial Puzzle","Matryoshka"],"potions_floor_usage":[5,10,13],"damage_taken":[{"damage":12.0,"enemies":"Jaw Worm","floor":1.0,"turns":3.0},{"damage":1.0,"enemies":"Cultist","floor":2.0,"turns":3.0},{"damage":12.0,"enemies":"Small Slimes","floor":4.0,"turns":3.0},{"damage":3,"enemies":"Blue Slaver","floor":5,"turns":3},{"damage":5,"enemies":"Gremlin Gang","floor":7,"turns":6},{"damage":4,"enemies":"Gremlin Nob","floor":10,"turns":3},{"damage":16,"enemies":"Lots of Slimes","floor":12,"turns":4},{"damage":6,"enemies":"Lagavulin","floor":13,"turns":5},{"damage":11,"enemies":"Looter","floor":14,"turns":3},{"damage":29,"enemies":"Hexaghost","floor":16,"turns":9}],"seed_played":"-5525623275403822043","potions_obtained":[{"floor":2.0,"key":"SpeedPotion"},{"floor":4.0,"key":"Block Potion"},{"floor":10,"key":"Dexterity Potion"}],"is_trial":false,"path_per_floor":["M","M","?","M","M","R","M","R","T","E","$","M","E","M","R","B"],"character_chosen":"DEFECT","items_purchased":["Steam"],"campfire_rested":1,"item_purchase_floors":[11],"current_hp_per_floor":[63,62,62,50,47,47,42,42,42,38,38,22,16,5,29,0],"gold":157,"neow_bonus":"TEN_PERCENT_HP_BONUS","is_prod":false,"is_daily":false,"chose_seed":false,"campfire_upgraded":2,"win_rate":0,"timestamp":1567794953,"path_taken":["M","M","?","M","?","R","M","R","T","E","$","M","E","M","R","BOSS"],"build_version":"2019-07-17","purchased_purges":1,"victory":false,"max_hp_per_floor":[82,82,82,82,82,82,82,82,82,82,82,82,82,82,82,82],"card_choices":[{"not_picked":["Rebound","Ball Lightning","Barrage"],"picked":"SKIP","floor":1.0},{"not_picked":["Steam Power","Skim"],"picked":"Hologram","floor":2.0},{"not_picked":["Gash","Compile Driver","Barrage"],"picked":"SKIP","floor":4.0},{"not_picked":["Leap","Compile Driver"],"picked":"Genetic Algorithm","floor":5},{"not_picked":["Consume","Scrape"],"picked":"Machine Learning","floor":7},{"not_picked":["Beam Cell","Sweeping Beam","White Noise"],"picked":"SKIP","floor":10},{"not_picked":["Streamline","Beam Cell"],"picked":"Capacitor","floor":12},{"not_picked":["Hyperbeam","Lockon","Aggregate"],"picked":"SKIP","floor":13},{"not_picked":["Undo","Redo"],"picked":"Go for the Eyes","floor":14}],"player_experience":138394,"relics_obtained":[{"floor":9,"key":"PreservedInsect"},{"floor":10,"key":"Centennial Puzzle"},{"floor":13,"key":"Matryoshka"}],"event_choices":[{"damage_healed":0.0,"max_hp_gain":0.0,"max_hp_loss":0.0,"gold_gain":0.0,"event_name":"The Woman in Blue","player_choice":"Bought 0 Potions","floor":3.0,"gold_loss":0.0,"damage_taken":0.0}],"is_beta":false,"boss_relics":[],"items_purged_floors":[11],"is_endless":false,"potions_floor_spawned":[2,4,10],"killed_by":"Hexaghost","ascension_level":8}