{"gold_per_floor":[219,230,244,2,13,13,42,42,42,103,103,121,151,151,151,251,251,261,171,183,17,17,42,42,60,83,83,83,3,3,17,17,122,122,135,135,153,133,150,150,150],"floor_reached":41,"playtime":1863,"items_purged":["Decay"],"score":470,"play_id":"405498ea-8391-4d0c-8a30-a74379b1662b","local_time":"20190430160056","is_ascension_mode":true,"campfire_choices":[{"data":"Zap","floor":6,"key":"SMITH"},{"floor":11,"key":"REST"},{"floor":15,"key":"REST"},{"data":"Aggregate","floor":24,"key":"SMITH"},{"data":"Darkness","floor":28,"key":"SMITH"},{"floor":30,"key":"REST"},{"floor":32,"key":"REST"},{"floor":40,"key":"REST"}],"neow_cost":"NONE","seed_source_timestamp":27986782323659,"circlet_count":0,"master_deck":["Strike_B","Strike_B","Strike_B","Defend_B","Defend_B","Defend_B","Defend_B","Zap+1","Dualcast","Darkness+1","Aggregate+1","Coolheaded","BootSequence+1","Undo","Compile Driver+1","Lockon+1","Go for the Eyes+1","Machine Learning+1","Ball Lightning+1","Reprogram","Hologram","Consume","Go for the Eyes+1","Cold Snap+1","Multi-Cast","Cold Snap+1","Heatsinks+1","Glacier"],"relics":["Cracked Core","Cables","Shuriken","Frozen Egg 2","Molten Egg 2","Odd Mushroom","Sundial","Nuclear Battery","Bronze Scales","Omamori","Centennial Puzzle","The Courier","Eternal Feather"],"potions_floor_usage":[13,13,16,16,23,33,33,37,41,41],"damage_taken":[{"damage":2,"enemies":"Jaw Worm","floor":1,"turns":3},{"damage":0,"enemies":"2 Louse","floor":2,"turns":2},{"damage":1,"enemies":"Cultist","floor":3,"turns":3},{"damage":9,"enemies":"2 Fungi Beasts","floor":5,"turns":3},{"damage":27,"enemies":"Gremlin Nob","floor":7,"turns":4},{"damage":27,"enemies":"Lagavulin Event","floor":10,"turns":6},{"damage":0,"enemies":"Large Slime","floor":12,"turns":5},{"damage":5,"enemies":"The Mushroom Lair","floor":13,"turns":3},{"damage":32,"enemies":"The Guardian","floor":16,"turns":10},{"damage":0,"enemies":"Spheric Guardian","floor":18,"turns":3},{"damage":21,"enemies":"3 Byrds","floor":20,"turns":4},{"damage":9,"enemies":"Book of Stabbing","floor":23,"turns":5},{"damage":11,"enemies":"Snecko","floor":25,"turns":4},{"damage":10,"enemies":"Snake Plant","floor":31,"turns":3},{"damage":62,"enemies":"Collector","floor":33,"turns":10},{"damage":5,"enemies":"Orb Walker","floor":35,"turns":3},{"damage":12,"enemies":"3 Darklings","floor":37,"turns":4},{"damage":55,"enemies":"4 Shapes","floor":39,"turns":5},{"damage":56,"enemies":"Giant Head","floor":41,"turns":9}],"seed_played":"8756551275197202753","potions_obtained":[{"floor":1,"key":"Explosive Potion"},{"floor":7,"key":"Fire Potion"},{"floor":10,"key":"SkillPotion"},{"floor":12,"key":"AttackPotion"},{"floor":13,"key":"Block Potion"},{"floor":16,"key":"SpeedPotion"},{"floor":20,"key":"FocusPotion"},{"floor":31,"key":"LiquidBronze"},{"floor":35,"key":"SkillPotion"},{"floor":37,"key":"Poison Potion"},{"floor":38,"key":"Poison Potion"}],"is_trial":false,"path_per_floor":["M","M","M","$","M","R","E","?","T","?","R","M","?","T","R","B",null,"M","?","M","$","?","E","R","M","T","?","R","$","R","M","R","B",null,"M","?","M","?","M","R","E"],"character_chosen":"DEFECT","items_purchased":["Cables","Bronze Scales","Hologram","Go for the Eyes+1"],"campfire_rested":5,"item_purchase_floors":[4,21,21,29],"current_hp_per_floor":[73,73,72,72,63,63,36,36,36,9,31,31,26,26,48,16,75,75,75,54,54,54,45,45,34,34,34,34,34,56,46,68,6,75,70,75,63,63,8,45,0],"gold":150,"neow_bonus":"HUNDRED_GOLD","is_prod":false,"is_daily":false,"chose_seed":false,"campfire_upgraded":3,"win_rate":0,"timestamp":1556604056,"path_taken":["M","M","M","$","M","R","E","?","T","?","R","M","?","?","R","BOSS","M","?","?","$","?","E","R","M","T","?","R","?","R","M","R","BOSS","M","?","M","?","?","R","E"],"build_version":"2019-01-23","purchased_purges":1,"victory":false,"max_hp_per_floor":[75,75,75,75,75,75,75,75,75,75,75,75,75,75,75,75,75,75,75,75,75,75,75,75,75,75,75,75,75,75,75,75,75,75,75,75,75,75,75,75,75],"card_choices":[{"not_picked":["Stack","Redo"],"picked":"Darkness","floor":1},{"not_picked":["Streamline","Rebound"],"picked":"Aggregate","floor":2},{"not_picked":["Barrage","Melter"],"picked":"Coolheaded","floor":3},{"not_picked":["Redo","Fission"],"picked":"BootSequence","floor":5},{"not_picked":["Beam Cell","Double Energy"],"picked":"Undo","floor":7},{"not_picked":["Hello World+1","Beam Cell"],"picked":"Compile Driver","floor":10},{"not_picked":["Melter+1","Auto Shields"],"picked":"Lockon+1","floor":12},{"not_picked":["Sweeping Beam+1","Scrape+1"],"picked":"Go for the Eyes+1","floor":13},{"not_picked":["Reboot","Creative AI+1"],"picked":"Machine Learning+1","floor":16},{"not_picked":["Rebound+1","Steam"],"picked":"Ball Lightning+1","floor":18},{"not_picked":["Leap","Compile Driver+1"],"picked":"Reprogram","floor":20},{"not_picked":["Streamline+1","Reinforced Body","Sweeping Beam+1"],"picked":"SKIP","floor":23},{"not_picked":["Rebound+1","Stack"],"picked":"Consume","floor":25},{"not_picked":["Stack+1","Rebound+1"],"picked":"Cold Snap+1","floor":31},{"not_picked":["Seek","Hyperbeam+1"],"picked":"Multi-Cast","floor":33},{"not_picked":["Coolheaded","Scrape+1"],"picked":"Cold Snap+1","floor":35},{"not_picked":["Heatsinks+1","Storm+1","Reprogram+1"],"picked":"SKIP","floor":37},{"not_picked":["Storm+1","Reprogram+1"],"picked":"Heatsinks+1","floor":37},{"not_picked":["Ball Lightning+1","Stack"],"picked":"Glacier","floor":39}],"player_experience":530481,"relics_obtained":[{"floor":7,"key":"Shuriken"},{"floor":9,"key":"Frozen Egg 2"},{"floor":10,"key":"Molten Egg 2"},{"floor":13,"key":"Odd Mushroom"},{"floor":14,"key":"Sundial"},{"floor":23,"key":"Omamori"},{"floor":26,"key":"Centennial Puzzle"}],"event_choices":[{"damage_healed":0,"gold_gain":0,"player_choice":"Ignored","damage_taken":0,"max_hp_gain":0,"max_hp_loss":0,"event_name":"Golden Wing","floor":8,"gold_loss":0},{"damage_healed":0,"gold_gain":30,"player_choice":"Searched \u00273\u0027 times","damage_taken":0,"max_hp_gain":0,"max_hp_loss":0,"event_name":"Dead Adventurer","floor":10,"gold_loss":0},{"damage_healed":0,"gold_gain":0,"player_choice":"Fought Mushrooms","damage_taken":0,"max_hp_gain":0,"max_hp_loss":0,"event_name":"Mushrooms","floor":13,"gold_loss":0},{"cards_removed":["Strike_B"],"damage_healed":0,"gold_gain":0,"player_choice":"Upgrade and Remove","damage_taken":0,"max_hp_gain":0,"max_hp_loss":0,"event_name":"Designer","floor":19,"gold_loss":90,"cards_upgraded":["BootSequence"]},{"damage_healed":0,"gold_gain":0,"player_choice":"Smashed Altar","damage_taken":0,"max_hp_gain":0,"max_hp_loss":0,"event_name":"Forgotten Altar","floor":22,"gold_loss":0,"cards_obtained":["Decay"]},{"damage_healed":0,"gold_gain":0,"player_choice":"Stole Relic","damage_taken":0,"relics_obtained":["The Courier"],"max_hp_gain":0,"max_hp_loss":0,"event_name":"Addict","floor":27,"gold_loss":0,"cards_obtained":["Shame"]},{"damage_healed":19,"gold_gain":0,"player_choice":"Writhe","damage_taken":0,"max_hp_gain":0,"max_hp_loss":0,"event_name":"Winding Halls","floor":36,"gold_loss":0,"cards_obtained":["Writhe"]},{"damage_healed":0,"gold_gain":0,"player_choice":"Bought 1 Potion","damage_taken":0,"max_hp_gain":0,"max_hp_loss":0,"event_name":"The Woman in Blue","floor":38,"gold_loss":0}],"is_beta":false,"boss_relics":[{"not_picked":["White Beast Statue","Runic Pyramid"],"picked":"Nuclear Battery"},{"not_picked":["Pandora\u0027s Box","Astrolabe"],"picked":"Eternal Feather"}],"items_purged_floors":[29],"is_endless":false,"potions_floor_spawned":[1,7,10,12,13,16,20,31,35,37],"killed_by":"Giant Head","ascension_level":3}