{"gold_per_floor":[114,131,131,146,45,45,79,79,149,149,160,174,174,187,187,292,292,307,319,319,319,332,332,364,364,390,402,402],"floor_reached":28,"playtime":865,"items_purged":[],"score":312,"play_id":"f7bd2b2a-878f-46a7-8d77-3f0c147a9c75","local_time":"20190523141919","is_ascension_mode":true,"campfire_choices":[{"data":"Zap","floor":6,"key":"SMITH"},{"data":"Defragment","floor":8,"key":"SMITH"},{"floor":10,"key":"REST"},{"floor":15,"key":"REST"},{"floor":23,"key":"DIG"},{"floor":25,"key":"REST"}],"neow_cost":"NONE","seed_source_timestamp":4789021413613,"circlet_count":0,"master_deck":["Strike_B","Strike_B","Strike_B","Defend_B","Defend_B","Defend_B+1","Defend_B+1","Zap+1","Dualcast","Cold Snap","Conserve Battery","Melter","Hello World","Leap","Defragment+1","Loop","Stack","Ball Lightning","Defragment","Echo Form","Streamline","Redo+1","Loop","Doom and Gloom","Turbo"],"relics":["Cracked Core","NeowsBlessing","NlothsMask","Oddly Smooth Stone","Eternal Feather","Shovel","Mummified Hand","Bottled Flame","War Paint"],"potions_floor_usage":[7,11,16,24,27,28],"damage_taken":[{"damage":0,"enemies":"Cultist","floor":1,"turns":1},{"damage":0,"enemies":"2 Louse","floor":2,"turns":1},{"damage":0,"enemies":"Small Slimes","floor":4,"turns":1},{"damage":29,"enemies":"Lagavulin","floor":7,"turns":9},{"damage":3,"enemies":"3 Louse","floor":11,"turns":4},{"damage":5,"enemies":"2 Fungi Beasts","floor":12,"turns":3},{"damage":4,"enemies":"Red Slaver","floor":14,"turns":3},{"damage":10,"enemies":"Slime Boss","floor":16,"turns":8},{"damage":2,"enemies":"Spheric Guardian","floor":18,"turns":4},{"damage":9,"enemies":"Shell Parasite","floor":19,"turns":6},{"damage":20,"enemies":"Sentry and Sphere","floor":22,"turns":4},{"damage":34,"enemies":"Book of Stabbing","floor":24,"turns":5},{"damage":18,"enemies":"Snake Plant","floor":27,"turns":4},{"damage":44,"enemies":"Slavers","floor":28,"turns":3}],"seed_played":"4270373874818640783","potions_obtained":[{"floor":4,"key":"FearPotion"},{"floor":7,"key":"SkillPotion"},{"floor":11,"key":"Fire Potion"},{"floor":19,"key":"Energy Potion"},{"floor":24,"key":"Fruit Juice"},{"floor":27,"key":"Strength Potion"}],"is_trial":false,"path_per_floor":["M","M","?","M","$","R","E","R","T","R","M","M","?","M","R","B",null,"M","M","?","?","M","R","E","R","T","M","E"],"character_chosen":"DEFECT","items_purchased":["Hello World","Leap"],"campfire_rested":3,"item_purchase_floors":[5,5],"current_hp_per_floor":[68,68,68,68,68,68,39,39,39,61,58,53,53,49,71,61,72,70,61,61,61,41,53,19,53,53,40,0],"gold":402,"neow_bonus":"THREE_ENEMY_KILL","is_prod":false,"is_daily":false,"chose_seed":false,"campfire_upgraded":2,"win_rate":0,"timestamp":1558585159,"path_taken":["M","?","?","?","$","R","E","R","T","R","M","M","?","M","R","BOSS","M","M","?","?","?","R","E","R","T","?","E"],"build_version":"2019-01-23","purchased_purges":0,"victory":false,"max_hp_per_floor":[75,75,75,75,75,75,75,75,75,75,75,75,75,75,75,75,75,75,75,75,75,75,75,75,75,75,80,80],"card_choices":[{"not_picked":["Gash","Go for the Eyes"],"picked":"Cold Snap","floor":1},{"not_picked":["Hologram","Auto Shields"],"picked":"Conserve Battery","floor":2},{"not_picked":["Reprogram","Scrape"],"picked":"Melter","floor":4},{"not_picked":["Go for the Eyes","Conserve Battery"],"picked":"Defragment","floor":7},{"not_picked":["Leap","Skim"],"picked":"Loop","floor":11},{"not_picked":["Conserve Battery","White Noise"],"picked":"Stack","floor":12},{"not_picked":["All For One","Stack"],"picked":"Defragment","floor":14},{"not_picked":["Meteor Strike","All For One"],"picked":"Echo Form","floor":16},{"not_picked":["Barrage","FTL"],"picked":"Streamline","floor":18},{"not_picked":["Sunder","Fusion+1"],"picked":"Redo+1","floor":19},{"not_picked":["Tempest","Compile Driver"],"picked":"Loop","floor":22},{"not_picked":["Steam","Streamline+1"],"picked":"Doom and Gloom","floor":24},{"not_picked":["Rebound+1","Genetic Algorithm"],"picked":"Turbo","floor":27}],"player_experience":708313,"relics_obtained":[{"floor":7,"key":"Oddly Smooth Stone"},{"floor":23,"key":"Mummified Hand"},{"floor":24,"key":"Bottled Flame"},{"floor":26,"key":"War Paint"}],"event_choices":[{"damage_healed":0,"gold_gain":0,"player_choice":"Trade","damage_taken":0,"relics_obtained":["NlothsMask"],"max_hp_gain":0,"max_hp_loss":0,"event_name":"FaceTrader","floor":3,"gold_loss":0},{"damage_healed":0,"gold_gain":0,"cards_transformed":["Strike_B"],"player_choice":"Change","damage_taken":0,"max_hp_gain":0,"max_hp_loss":0,"event_name":"Living Wall","floor":13,"gold_loss":0,"cards_obtained":["Ball Lightning"]},{"damage_healed":0,"gold_gain":0,"player_choice":"Opened","damage_taken":0,"relics_obtained":["Shovel"],"max_hp_gain":0,"max_hp_loss":0,"event_name":"The Mausoleum","floor":20,"gold_loss":0,"cards_obtained":["Writhe"]},{"cards_removed":["Writhe"],"damage_healed":0,"gold_gain":0,"player_choice":"Removed Curses","damage_taken":0,"max_hp_gain":0,"max_hp_loss":0,"event_name":"Fountain of Cleansing","floor":21,"gold_loss":0}],"is_beta":false,"boss_relics":[{"not_picked":["Fusion Hammer","Sozu"],"picked":"Eternal Feather"}],"items_purged_floors":[],"is_endless":false,"potions_floor_spawned":[4,7,11,19,24,27],"killed_by":"Slavers","ascension_level":6}