{"gold_per_floor":[112,139,157,170,188,188,218,218,296,326,342,352,387,404,404,480,480,490,510,510,94,94,124,124,149,149,167,179,206,223,234,234,234],"floor_reached":33,"playtime":2442,"items_purged":["Strike_G"],"score":712,"play_id":"23582740-2c26-42b4-8c30-7f233addebd1","local_time":"20190429133949","is_ascension_mode":true,"campfire_choices":[{"data":"Bane","floor":6.0,"key":"SMITH"},{"floor":8.0,"key":"REST"},{"data":"Bouncing Flask","floor":15.0,"key":"SMITH"},{"data":"Cloak And Dagger","floor":24.0,"key":"SMITH"},{"floor":32.0,"key":"REST"}],"neow_cost":"NONE","seed_source_timestamp":442063985953734,"circlet_count":0,"master_deck":["AscendersBane","Defend_G","Defend_G","Defend_G","Defend_G+1","Defend_G","Survivor+1","Neutralize","Poisoned Stab","Bouncing Flask+1","Skewer","Bane+1","Bouncing Flask","Malaise","Cloak And Dagger+1","Doppelganger","Quick Slash+1","Adrenaline+1","Dagger Spray+1","Backflip","PiercingWail+1","PiercingWail","Calculated Gamble","Crippling Poison","Cloak And Dagger","Endless Agony"],"special_seed":0,"relics":["Ring of the Snake","Bag of Preparation","Meat on the Bone","Shuriken","Sundial","StoneCalendar","Astrolabe","Bronze Scales","War Paint","Dead Branch","Happy Flower","The Courier","Omamori"],"potions_floor_usage":[33],"damage_taken":[{"damage":5.0,"enemies":"Cultist","floor":1.0,"turns":6.0},{"damage":0.0,"enemies":"2 Louse","floor":3.0,"turns":4.0},{"damage":3.0,"enemies":"Small Slimes","floor":4.0,"turns":4.0},{"damage":0.0,"enemies":"3 Louse","floor":5.0,"turns":3.0},{"damage":30.0,"enemies":"Gremlin Nob","floor":7.0,"turns":4.0},{"damage":15.0,"enemies":"Lagavulin","floor":10.0,"turns":6.0},{"damage":3.0,"enemies":"Looter","floor":11.0,"turns":2.0},{"damage":1.0,"enemies":"2 Fungi Beasts","floor":12.0,"turns":2.0},{"damage":25.0,"enemies":"3 Sentries","floor":13.0,"turns":8.0},{"damage":1.0,"enemies":"Large Slime","floor":14.0,"turns":5.0},{"damage":8.0,"enemies":"Hexaghost","floor":16.0,"turns":7.0},{"damage":1.0,"enemies":"Chosen","floor":18.0,"turns":4.0},{"damage":0.0,"enemies":"Spheric Guardian","floor":19.0,"turns":3.0},{"damage":31.0,"enemies":"Gremlin Leader","floor":23.0,"turns":6.0},{"damage":23.0,"enemies":"Slavers","floor":25.0,"turns":4.0},{"damage":4.0,"enemies":"Cultist and Chosen","floor":27.0,"turns":4.0},{"damage":5.0,"enemies":"Snake Plant","floor":28.0,"turns":4.0},{"damage":0.0,"enemies":"Book of Stabbing","floor":29.0,"turns":4.0},{"damage":0.0,"enemies":"3 Cultists","floor":30.0,"turns":3.0},{"damage":3.0,"enemies":"Snecko","floor":31.0,"turns":4.0},{"damage":69,"enemies":"Automaton","floor":33,"turns":6}],"seed_played":"9218656213814724492","potions_obtained":[{"floor":0.0,"key":"Dexterity Potion"},{"floor":0.0,"key":"SkillPotion"},{"floor":12.0,"key":"Explosive Potion"},{"floor":14.0,"key":"Regen Potion"},{"floor":16.0,"key":"EssenceOfSteel"},{"floor":25.0,"key":"Swift Potion"},{"floor":27.0,"key":"Block Potion"},{"floor":28.0,"key":"AttackPotion"},{"floor":29.0,"key":"Weak Potion"},{"floor":30.0,"key":"Poison Potion"}],"is_trial":false,"path_per_floor":["M","T","M","M","M","R","E","R","T","E","M","M","E","M","R","B",null,"M","M","?","$","?","E","R","E","T","M","M","E","M","M","R","B"],"character_chosen":"THE_SILENT","items_purchased":["Bronze Scales","War Paint"],"campfire_rested":2,"item_purchase_floors":[21,21],"current_hp_per_floor":[54,54,54,51,51,51,21,40,40,37,34,45,32,43,43,50,62,61,61,61,61,61,42,42,31,31,39,34,34,34,43,62,0],"gold":234,"neow_bonus":"THREE_SMALL_POTIONS","is_prod":false,"is_daily":false,"chose_seed":false,"campfire_upgraded":3,"win_rate":0,"timestamp":1556559589,"path_taken":["M","?","M","M","?","R","E","R","T","E","M","M","E","M","R","BOSS","M","M","?","$","?","E","R","E","T","M","?","E","M","M","R","BOSS"],"build_version":"2019-01-23","purchased_purges":1,"victory":false,"max_hp_per_floor":[66,66,66,66,66,66,66,66,66,66,66,66,66,66,66,66,66,66,66,66,66,66,66,66,66,66,66,66,66,66,66,66,66],"card_choices":[{"not_picked":["Reflex","Acrobatics"],"picked":"Poisoned Stab","floor":1.0},{"not_picked":["Dodge and Roll","Outmaneuver"],"picked":"Bouncing Flask","floor":3.0},{"not_picked":["Quick Slash","Reflex"],"picked":"Skewer","floor":4.0},{"not_picked":["Deflect","Prepared"],"picked":"Bane","floor":5.0},{"not_picked":["Poisoned Stab","Reflex"],"picked":"Bouncing Flask","floor":7.0},{"not_picked":["Cloak And Dagger","Prepared"],"picked":"Malaise","floor":10.0},{"not_picked":["Expertise","Caltrops","Prepared"],"picked":"SKIP","floor":11.0},{"not_picked":["Dagger Spray","Terror","Concentrate"],"picked":"SKIP","floor":12.0},{"not_picked":["Outmaneuver","Corpse Explosion"],"picked":"Cloak And Dagger","floor":13.0},{"not_picked":["Blur","Flying Knee","Dodge and Roll"],"picked":"SKIP","floor":14.0},{"not_picked":["A Thousand Cuts","Bullet Time"],"picked":"Doppelganger","floor":16.0},{"not_picked":["Eviscerate","Leg Sweep"],"picked":"Backflip","floor":18.0},{"not_picked":["Deadly Poison","Finisher","Underhanded Strike"],"picked":"SKIP","floor":19.0},{"not_picked":["Cloak And Dagger","Tactician"],"picked":"PiercingWail+1","floor":23.0},{"not_picked":["Outmaneuver","Leg Sweep"],"picked":"PiercingWail","floor":25.0},{"not_picked":["Flying Knee","Distraction"],"picked":"Calculated Gamble","floor":27.0},{"not_picked":["Wraith Form v2","Finisher"],"picked":"Crippling Poison","floor":28.0},{"not_picked":["Dash","Eviscerate"],"picked":"Cloak And Dagger","floor":29.0},{"not_picked":["Deadly Poison","Prepared"],"picked":"Endless Agony","floor":30.0},{"not_picked":["Bouncing Flask","Dagger Throw","Dagger Spray"],"picked":"SKIP","floor":31.0}],"player_experience":1318160,"relics_obtained":[{"floor":2.0,"key":"Bag of Preparation"},{"floor":7.0,"key":"Meat on the Bone"},{"floor":9.0,"key":"Shuriken"},{"floor":10.0,"key":"Sundial"},{"floor":13.0,"key":"StoneCalendar"},{"floor":23.0,"key":"Dead Branch"},{"floor":25.0,"key":"Happy Flower"},{"floor":26.0,"key":"The Courier"},{"floor":29.0,"key":"Omamori"}],"event_choices":[{"damage_healed":0.0,"max_hp_gain":0.0,"max_hp_loss":0.0,"gold_gain":0.0,"event_name":"Ghosts","player_choice":"Ignored","floor":20.0,"gold_loss":0.0,"damage_taken":0.0},{"cards_removed":["Strike_G"],"damage_healed":0.0,"max_hp_gain":0.0,"max_hp_loss":0.0,"gold_gain":0.0,"event_name":"Wheel of Change","player_choice":"Card Removal","floor":22.0,"gold_loss":0.0,"damage_taken":0.0}],"is_beta":false,"boss_relics":[{"not_picked":["HoveringKite","Orrery"],"picked":"Astrolabe"}],"items_purged_floors":[21],"is_endless":false,"potions_floor_spawned":[1,7,12,14,16,25,27,28,29,30],"killed_by":"Automaton","ascension_level":20}