{"gold_per_floor":[114,114,128,144,162,191,191,203,227,227,227,253,253,271,271,367,367,377,25,25,45,62,62,88,105,105,97,109],"floor_reached":28,"playtime":1183,"items_purged":["Strike_G"],"score":400,"play_id":"4b273bed-a075-41dc-9003-dbc87e127f36","local_time":"20190702165242","is_ascension_mode":true,"campfire_choices":[{"floor":7,"key":"REST"},{"floor":11,"key":"REST"},{"data":"1","floor":15,"key":"LIFT"},{"floor":23,"key":"REST"}],"neow_cost":"NONE","seed_source_timestamp":6427337561900,"circlet_count":0,"master_deck":["AscendersBane","Strike_G","Strike_G","Strike_G+1","Defend_G","Defend_G","Defend_G","Defend_G","Defend_G","Survivor","Neutralize+1","Setup","Neutralize","Deadly Poison","Poisoned Stab","PiercingWail","Backstab","Dagger Throw","PiercingWail","Noxious Fumes+1","Envenom+1","Leg Sweep","Crippling Poison","Escape Plan","Night Terror","Quick Slash","Envenom+1","Die Die Die","Bullet Time","Prepared","Bouncing Flask+1"],"relics":["Runic Pyramid","Frozen Egg 2","Whetstone","Girya","Smiling Mask","Orrery","Boot","MawBank"],"potions_floor_usage":[16,16,24,24,25,28],"damage_taken":[{"damage":6,"enemies":"Small Slimes","floor":1,"turns":5},{"damage":0,"enemies":"Cultist","floor":3,"turns":4},{"damage":0,"enemies":"2 Louse","floor":4,"turns":3},{"damage":16,"enemies":"Exordium Thugs","floor":5,"turns":6},{"damage":22,"enemies":"Lagavulin","floor":6,"turns":8},{"damage":6,"enemies":"Red Slaver","floor":8,"turns":4},{"damage":13,"enemies":"Gremlin Nob","floor":12,"turns":4},{"damage":2,"enemies":"3 Louse","floor":14,"turns":3},{"damage":14,"enemies":"Hexaghost","floor":16,"turns":8},{"damage":7,"enemies":"Chosen","floor":18,"turns":7},{"damage":13,"enemies":"Shell Parasite","floor":21,"turns":5},{"damage":10,"enemies":"Chosen and Byrds","floor":22,"turns":5},{"damage":46,"enemies":"Book of Stabbing","floor":24,"turns":6},{"damage":0,"enemies":"Snake Plant","floor":25,"turns":4},{"damage":10,"enemies":"Centurion and Healer","floor":28,"turns":1}],"seed_played":"-6967813112010848053","potions_obtained":[{"floor":1,"key":"Explosive Potion"},{"floor":6,"key":"Strength Potion"},{"floor":16,"key":"Strength Potion"},{"floor":21,"key":"FearPotion"},{"floor":24,"key":"GamblersBrew"},{"floor":25,"key":"Fire Potion"},{"floor":27,"key":"Regen Potion"}],"is_trial":false,"path_per_floor":["M","?","M","M","M","E","R","M","T","T","R","E","?","M","R","B",null,"M","$","?","M","M","R","E","M","T","?","M"],"character_chosen":"THE_SILENT","items_purchased":["Envenom+1","Die Die Die"],"campfire_rested":3,"item_purchase_floors":[19,19],"current_hp_per_floor":[57,57,57,57,41,19,40,34,34,34,55,42,42,40,40,26,59,52,52,52,39,29,50,4,4,4,4,0],"gold":109,"neow_bonus":"BOSS_RELIC","is_prod":false,"is_daily":false,"chose_seed":false,"campfire_upgraded":0,"win_rate":0,"timestamp":1562050362,"path_taken":["M","?","M","M","?","E","R","M","T","?","R","E","?","M","R","BOSS","M","$","?","M","M","R","E","?","T","?","M"],"build_version":"2019-07-01","purchased_purges":1,"victory":false,"max_hp_per_floor":[70,70,70,70,70,70,70,70,70,70,70,70,70,70,70,70,70,70,70,70,70,70,70,70,70,70,70,70],"card_choices":[{"not_picked":["Flechettes","Flying Knee"],"picked":"Setup","floor":1},{"not_picked":["Slice","Infinite Blades"],"picked":"Poisoned Stab","floor":3},{"not_picked":["Skewer","Bane"],"picked":"PiercingWail","floor":4},{"not_picked":["Deadly Poison","Accuracy"],"picked":"Backstab","floor":5},{"not_picked":["Endless Agony","Masterful Stab"],"picked":"Dagger Throw","floor":6},{"not_picked":["Backflip","Expertise"],"picked":"PiercingWail","floor":8},{"not_picked":["Backflip","Bouncing Flask"],"picked":"Well Laid Plans+1","floor":12},{"not_picked":["Blade Dance","Backflip"],"picked":"Noxious Fumes+1","floor":14},{"not_picked":["Die Die Die","Doppelganger"],"picked":"Envenom+1","floor":16},{"not_picked":["Masterful Stab","Deflect"],"picked":"Leg Sweep","floor":17},{"not_picked":["Calculated Gamble","Sucker Punch"],"picked":"Crippling Poison","floor":17},{"not_picked":["Blade Dance","Setup"],"picked":"Escape Plan","floor":17},{"not_picked":["Deflect","Underhanded Strike"],"picked":"Night Terror","floor":17},{"not_picked":["Heel Hook","Dagger Spray+1"],"picked":"Quick Slash","floor":18},{"not_picked":["Dagger Spray","Backstab"],"picked":"Prepared","floor":21},{"not_picked":["Poisoned Stab","Tactician","Bane"],"picked":"SKIP","floor":22},{"not_picked":["Prepared","Bullet Time"],"picked":"Bouncing Flask+1","floor":24}],"player_experience":890733,"relics_obtained":[{"floor":6,"key":"Frozen Egg 2"},{"floor":9,"key":"Whetstone"},{"floor":10,"key":"Girya"},{"floor":12,"key":"Smiling Mask"},{"floor":24,"key":"Boot"},{"floor":26,"key":"MawBank"}],"event_choices":[{"damage_healed":0,"gold_gain":0,"player_choice":"2 cards matched","damage_taken":0,"max_hp_gain":0,"max_hp_loss":0,"event_name":"Match and Keep!","floor":2,"gold_loss":0,"cards_obtained":["Neutralize","Deadly Poison"]},{"cards_removed":["Well Laid Plans"],"damage_healed":0,"gold_gain":0,"player_choice":"Purged","damage_taken":0,"max_hp_gain":0,"max_hp_loss":0,"event_name":"Purifier","floor":13,"gold_loss":0},{"damage_healed":0,"gold_gain":0,"cards_transformed":["Strike_G"],"player_choice":"Transformed","damage_taken":0,"max_hp_gain":0,"max_hp_loss":0,"event_name":"Transmorgrifier","floor":20,"gold_loss":0,"cards_obtained":["Bullet Time"]},{"damage_healed":0,"gold_gain":0,"player_choice":"Bought 1 Potion","damage_taken":0,"max_hp_gain":0,"max_hp_loss":0,"event_name":"The Woman in Blue","floor":27,"gold_loss":0}],"is_beta":false,"boss_relics":[{"not_picked":["Sozu","Fusion Hammer"],"picked":"Orrery"}],"items_purged_floors":[19],"is_endless":false,"potions_floor_spawned":[1,6,16,21,22,24,25],"killed_by":"Centurion and Healer","ascension_level":12}