{"gold_per_floor":[110,185,185,185,203,231,243,33,57,70,70,90,90,102,102,179,179,196,196,206,223,242,242,255,255],"floor_reached":25,"playtime":957,"items_purged":["Strike_R"],"score":464,"play_id":"91c4e909-93d2-4761-b83f-37f55667e81d","local_time":"20190901190053","is_ascension_mode":true,"campfire_choices":[{"floor":11,"key":"REST"},{"data":"Armaments","floor":13,"key":"SMITH"},{"floor":15,"key":"REST"},{"floor":23,"key":"REST"}],"neow_cost":"NONE","seed_source_timestamp":30077844744797,"circlet_count":0,"master_deck":["AscendersBane","Strike_R","Strike_R+1","Strike_R","Defend_R","Defend_R","Defend_R","Defend_R","Bash+1","Twin Strike","Entrench","Hemokinesis","Armaments+1","Shrug It Off","Evolve","Rupture","Battle Trance","Brutality","Shrug It Off+1","Cleave","Sword Boomerang","Ghostly Armor","Juggernaut"],"relics":["Burning Blood","NeowsBlessing","Smiling Mask","Vajra","Cursed Key"],"potions_floor_usage":[10,12,14,16,18,20,24,24,25],"damage_taken":[{"damage":0,"enemies":"Small Slimes","floor":1,"turns":1},{"damage":0,"enemies":"2 Louse","floor":5,"turns":1},{"damage":0,"enemies":"Lagavulin","floor":6,"turns":1},{"damage":2,"enemies":"Jaw Worm","floor":7,"turns":3},{"damage":33,"enemies":"Exordium Thugs","floor":10,"turns":4},{"damage":20,"enemies":"Gremlin Gang","floor":12,"turns":6},{"damage":15,"enemies":"Exordium Wildlife","floor":14,"turns":4},{"damage":46,"enemies":"Slime Boss","floor":16,"turns":9},{"damage":26,"enemies":"2 Thieves","floor":18,"turns":4},{"damage":17,"enemies":"Spheric Guardian","floor":20,"turns":6},{"damage":51,"enemies":"Shelled Parasite and Fungi","floor":21,"turns":6},{"damage":18,"enemies":"Cultist and Chosen","floor":22,"turns":7},{"damage":17,"enemies":"Centurion and Healer","floor":24,"turns":9},{"damage":27,"enemies":"Slavers","floor":25,"turns":3}],"seed_played":"8103935784228716450","potions_obtained":[{"floor":5,"key":"LiquidBronze"},{"floor":10,"key":"Block Potion"},{"floor":12,"key":"Fruit Juice"},{"floor":14,"key":"SteroidPotion"},{"floor":16,"key":"Poison Potion"},{"floor":18,"key":"SkillPotion"},{"floor":21,"key":"EssenceOfSteel"},{"floor":22,"key":"Strength Potion"},{"floor":24,"key":"AttackPotion"}],"is_trial":false,"path_per_floor":["M","?","?","?","M","E","M","$","T","M","R","M","R","M","R","B",null,"M","?","M","M","M","R","M","E"],"character_chosen":"IRONCLAD","items_purchased":["Armaments","Shrug It Off","Evolve"],"campfire_rested":3,"item_purchase_floors":[8,8,8],"current_hp_per_floor":[74,63,56,33,39,45,49,49,49,22,44,30,30,26,50,10,63,43,80,69,24,12,36,25,0],"gold":255,"neow_bonus":"THREE_ENEMY_KILL","is_prod":false,"is_daily":false,"chose_seed":false,"campfire_upgraded":1,"win_rate":0,"timestamp":1567328453,"path_taken":["M","?","?","?","M","E","M","$","T","M","R","M","R","M","R","BOSS","M","?","M","M","M","R","M","E"],"build_version":"2019-07-17","purchased_purges":1,"victory":false,"max_hp_per_floor":[75,75,75,75,75,75,75,75,75,75,75,75,75,80,80,80,80,80,80,80,80,80,80,80,80],"card_choices":[{"not_picked":["True Grit","Hemokinesis"],"picked":"Twin Strike","floor":1},{"not_picked":["Dual Wield","Warcry"],"picked":"Entrench","floor":5},{"not_picked":["Iron Wave","Twin Strike"],"picked":"Carnage","floor":6},{"not_picked":["Reckless Charge","Dual Wield"],"picked":"Hemokinesis","floor":7},{"not_picked":["Bloodletting","Warcry"],"picked":"Rupture","floor":10},{"not_picked":["Flex","Perfected Strike","Entrench"],"picked":"SKIP","floor":12},{"not_picked":["True Grit","Flex"],"picked":"Battle Trance","floor":14},{"not_picked":["Fiend Fire","Barricade"],"picked":"Brutality","floor":16},{"not_picked":["Body Slam","Clash"],"picked":"Shrug It Off+1","floor":18},{"not_picked":["Dropkick","True Grit"],"picked":"Cleave","floor":20},{"not_picked":["Intimidate","Pommel Strike"],"picked":"Sword Boomerang","floor":21},{"not_picked":["Perfected Strike","Sword Boomerang+1"],"picked":"Ghostly Armor","floor":22},{"not_picked":["Flex+1","Hemokinesis"],"picked":"Juggernaut","floor":24}],"player_experience":1240300,"relics_obtained":[{"floor":6,"key":"Smiling Mask"},{"floor":9,"key":"Vajra"}],"event_choices":[{"damage_healed":0,"gold_gain":75,"player_choice":"Gather Gold","damage_taken":11,"max_hp_gain":0,"max_hp_loss":0,"event_name":"World of Goop","floor":2,"gold_loss":0},{"cards_removed":["Strike_R"],"damage_healed":0,"gold_gain":0,"player_choice":"Card Removal","damage_taken":7,"max_hp_gain":0,"max_hp_loss":0,"event_name":"Golden Wing","floor":3,"gold_loss":0},{"damage_healed":0,"gold_gain":0,"player_choice":"Entered Light","damage_taken":23,"max_hp_gain":0,"max_hp_loss":0,"event_name":"Shining Light","floor":4,"gold_loss":0,"cards_upgraded":["Strike_R","Bash"]},{"cards_removed":["Carnage"],"damage_healed":37,"gold_gain":0,"player_choice":"Offered Uncommon","damage_taken":0,"max_hp_gain":0,"max_hp_loss":0,"event_name":"Bonfire Elementals","floor":19,"gold_loss":0}],"is_beta":false,"boss_relics":[{"not_picked":["Philosopher\u0027s Stone","Sozu"],"picked":"Cursed Key"}],"items_purged_floors":[8],"is_endless":false,"potions_floor_spawned":[5,10,12,14,16,18,21,22,24],"killed_by":"Slavers","ascension_level":20}