{"gold_per_floor":[19,38,313,328,328,346,20,38,118,32,56,74,115,213,213,213],"floor_reached":16,"playtime":796,"items_purged":["Regret"],"score":104,"play_id":"dfb826f3-6fd8-46c8-8178-a72bb8288cf5","local_time":"20190329084343","is_ascension_mode":false,"campfire_choices":[{"floor":15,"key":"REST"}],"neow_cost":"NO_GOLD","seed_source_timestamp":67290163931085,"circlet_count":0,"master_deck":["Strike_R","Strike_R","Strike_R","Defend_R","Defend_R","Defend_R","Defend_R","Bash","Spot Weakness","Flame Barrier","Iron Wave","Headbutt","Flame Barrier","Injury","Entrench","Spot Weakness","Shrug It Off","Metallicize","Flex","Perfected Strike","Twin Strike"],"relics":["Burning Blood","Golden Idol","Paper Frog","Blue Candle","Unceasing Top","Tiny Chest"],"potions_floor_usage":[13,13,13,13,13,13,14,16],"damage_taken":[{"damage":2,"enemies":"Jaw Worm","floor":1,"turns":5},{"damage":6,"enemies":"Cultist","floor":2,"turns":3},{"damage":11,"enemies":"Small Slimes","floor":4,"turns":4},{"damage":6,"enemies":"2 Fungi Beasts","floor":6,"turns":4},{"damage":21,"enemies":"Gremlin Gang","floor":8,"turns":5},{"damage":4,"enemies":"3 Louse","floor":11,"turns":6},{"damage":6,"enemies":"Large Slime","floor":12,"turns":10},{"damage":13,"enemies":"Lagavulin","floor":13,"turns":8},{"damage":31,"enemies":"Lagavulin Event","floor":14,"turns":9},{"damage":57,"enemies":"Slime Boss","floor":16,"turns":8}],"seed_played":"-119791385308538946","potions_obtained":[{"floor":1,"key":"GamblersBrew"},{"floor":4,"key":"SpeedPotion"},{"floor":8,"key":"BloodPotion"},{"floor":11,"key":"EntropicBrew"},{"floor":13,"key":"SpeedPotion"},{"floor":14,"key":"Explosive Potion"}],"is_trial":false,"path_per_floor":["M","M","?","M","?","M","$","M","T","$","M","M","E","?","R","B"],"character_chosen":"IRONCLAD","items_purchased":["Paper Frog","Shrug It Off","Metallicize"],"campfire_rested":1,"item_purchase_floors":[7,10,10],"current_hp_per_floor":[80,80,80,75,75,75,75,60,60,60,62,62,55,30,54,0],"gold":213,"neow_bonus":"TRANSFORM_TWO_CARDS","is_prod":false,"is_daily":false,"chose_seed":false,"campfire_upgraded":0,"win_rate":0,"timestamp":1553813023,"path_taken":["M","M","?","?","?","M","?","M","T","$","M","M","E","?","R","BOSS"],"build_version":"2019-01-23","purchased_purges":1,"victory":false,"max_hp_per_floor":[80,80,80,80,80,80,80,80,80,80,80,80,80,80,80,80],"card_choices":[{"not_picked":["Sentinel","Headbutt"],"picked":"Iron Wave","floor":1},{"not_picked":["True Grit","Clash"],"picked":"Headbutt","floor":2},{"not_picked":["Hemokinesis","Fire Breathing"],"picked":"Flame Barrier","floor":4},{"not_picked":["Sword Boomerang","Corruption"],"picked":"Entrench","floor":6},{"not_picked":["Bludgeon","Hemokinesis"],"picked":"Spot Weakness","floor":8},{"not_picked":["Armaments","Uppercut"],"picked":"Flex","floor":11},{"not_picked":["Power Through","Second Wind"],"picked":"Perfected Strike","floor":12},{"not_picked":["Rupture","Havoc"],"picked":"Twin Strike","floor":13}],"player_experience":283385,"relics_obtained":[{"floor":9,"key":"Blue Candle"},{"floor":13,"key":"Unceasing Top"}],"event_choices":[{"damage_healed":0,"gold_gain":275,"player_choice":"Desecrate","damage_taken":0,"max_hp_gain":0,"max_hp_loss":0,"event_name":"Golden Shrine","floor":3,"gold_loss":0,"cards_obtained":["Regret"]},{"damage_healed":0,"gold_gain":0,"player_choice":"Take Wound","damage_taken":0,"relics_obtained":["Golden Idol"],"max_hp_gain":0,"max_hp_loss":0,"event_name":"Golden Idol","floor":5,"gold_loss":0,"cards_obtained":["Injury"]},{"damage_healed":0,"gold_gain":30,"player_choice":"Searched \u00273\u0027 times","damage_taken":0,"relics_obtained":["Tiny Chest"],"max_hp_gain":0,"max_hp_loss":0,"event_name":"Dead Adventurer","floor":14,"gold_loss":0}],"is_beta":false,"boss_relics":[],"items_purged_floors":[7],"is_endless":false,"potions_floor_spawned":[1,4,8,11,13,14],"killed_by":"Slime Boss","ascension_level":0}