{"gold_per_floor":[10,27,44,44,63,63,87,87,87,87,87,87,87,101,101,220,220,234,254,110,32,131,131,149,149,149,22,43,57,57,57,57,57],"floor_reached":33,"playtime":2538,"items_purged":["Strike_B"],"score":237,"play_id":"1c4c699d-3d23-4f6a-89f1-53986bec9df4","local_time":"20190323022433","is_ascension_mode":false,"campfire_choices":[{"data":"Zap","floor":6,"key":"SMITH"},{"data":"Dualcast","floor":8,"key":"SMITH"},{"floor":13,"key":"REST"},{"floor":15,"key":"REST"},{"data":"Chaos","floor":23,"key":"SMITH"},{"floor":30,"key":"REST"},{"data":"Multi-Cast","floor":32,"key":"SMITH"}],"neow_cost":"NO_GOLD","seed_source_timestamp":13899356603379,"circlet_count":0,"master_deck":["Strike_B+1","Strike_B+1","Strike_B+1","Defend_B+1","Defend_B+1","Defend_B+1","Defend_B+1","Zap+1","Dualcast+1","Hologram","Darkness","Go for the Eyes","Consume","Hologram","Conserve Battery","Multi-Cast+1","Conserve Battery+1","Ball Lightning+1","Self Repair","Chaos+1","Reprogram","Steam Power","Stack","Aggregate","Loop"],"relics":["Cracked Core","Pocketwatch","Golden Idol","Gambling Chip","Pear","Black Star","Bottled Lightning"],"potions_floor_usage":[16,16,16,24,33,33],"damage_taken":[{"damage":1,"enemies":"Cultist","floor":1,"turns":3},{"damage":9,"enemies":"Small Slimes","floor":2,"turns":3},{"damage":0,"enemies":"2 Louse","floor":3,"turns":2},{"damage":16,"enemies":"Lots of Slimes","floor":5,"turns":4},{"damage":8,"enemies":"3 Louse","floor":7,"turns":4},{"damage":4,"enemies":"Blue Slaver","floor":14,"turns":3},{"damage":43,"enemies":"Hexaghost","floor":16,"turns":11},{"damage":19,"enemies":"Spheric Guardian","floor":18,"turns":5},{"damage":11,"enemies":"3 Byrds","floor":19,"turns":5},{"damage":23,"enemies":"Snake Plant","floor":24,"turns":5},{"damage":12,"enemies":"Snecko","floor":28,"turns":6},{"damage":9,"enemies":"Chosen and Byrds","floor":29,"turns":5},{"damage":81,"enemies":"Champ","floor":33,"turns":12}],"seed_played":"7904473057081638002","potions_obtained":[{"floor":1,"key":"SkillPotion"},{"floor":2,"key":"AttackPotion"},{"floor":7,"key":"Poison Potion"},{"floor":18,"key":"Dexterity Potion"},{"floor":24,"key":"Regen Potion"},{"floor":29,"key":"Dexterity Potion"}],"is_trial":false,"path_per_floor":["M","M","M","?","M","R","M","R","T","?","?","?","R","M","R","B",null,"M","M","$","$","?","R","M","?","T","$","M","M","R","?","R","B"],"character_chosen":"DEFECT","items_purchased":["Self Repair","Chaos","Steam Power","Stack"],"campfire_rested":3,"item_purchase_floors":[20,21,27,27],"current_hp_per_floor":[74,65,65,65,49,49,41,41,41,34,26,26,51,47,72,29,85,66,55,55,55,55,55,39,39,39,39,34,32,57,57,57,0],"gold":57,"neow_bonus":"ONE_RARE_RELIC","is_prod":false,"is_daily":false,"chose_seed":false,"campfire_upgraded":4,"win_rate":0.0,"timestamp":1553271873,"path_taken":["M","M","M","?","M","R","M","R","T","?","?","?","R","M","R","BOSS","M","M","?","$","?","R","M","?","T","$","M","M","R","?","R","BOSS"],"build_version":"2019-01-23","purchased_purges":1,"victory":false,"max_hp_per_floor":[75,75,75,75,75,75,75,75,75,75,85,85,85,85,85,85,85,85,85,85,85,85,85,85,85,85,85,85,85,85,85,85,85],"card_choices":[{"not_picked":["Skim","Fusion"],"picked":"Hologram","floor":1},{"not_picked":["Gash","Rebound"],"picked":"Darkness","floor":2},{"not_picked":["Leap","Recycle"],"picked":"Go for the Eyes","floor":3},{"not_picked":["Heatsinks","Barrage"],"picked":"Consume","floor":5},{"not_picked":["Steam","Darkness"],"picked":"Hologram","floor":7},{"not_picked":["Streamline","Hologram"],"picked":"Conserve Battery","floor":14},{"not_picked":["Buffer","Biased Cognition"],"picked":"Multi-Cast","floor":16},{"not_picked":["Recycle","Glacier"],"picked":"Conserve Battery+1","floor":18},{"not_picked":["Streamline+1","Sweeping Beam"],"picked":"Ball Lightning+1","floor":19},{"not_picked":["Leap","Hello World"],"picked":"Reprogram","floor":24},{"not_picked":["Hologram","Sweeping Beam"],"picked":"Aggregate","floor":28},{"not_picked":["Leap","Stack"],"picked":"Loop","floor":29}],"player_experience":50553,"relics_obtained":[{"floor":9,"key":"Gambling Chip"},{"floor":26,"key":"Bottled Lightning"}],"event_choices":[{"damage_healed":0,"gold_gain":0,"player_choice":"Take Wound","damage_taken":0,"relics_obtained":["Golden Idol"],"max_hp_gain":0,"max_hp_loss":0,"event_name":"Golden Idol","floor":4,"gold_loss":0,"cards_obtained":["Injury"]},{"cards_removed":["Injury"],"damage_healed":0,"gold_gain":0,"player_choice":"Card Removal","damage_taken":7,"max_hp_gain":0,"max_hp_loss":0,"event_name":"Golden Wing","floor":10,"gold_loss":0},{"damage_healed":0,"gold_gain":0,"player_choice":"Success","damage_taken":18,"relics_obtained":["Pear"],"max_hp_gain":0,"max_hp_loss":0,"event_name":"Scrap Ooze","floor":11,"gold_loss":0},{"damage_healed":0,"gold_gain":0,"player_choice":"Bought 0 Potions","damage_taken":0,"max_hp_gain":0,"max_hp_loss":0,"event_name":"The Woman in Blue","floor":12,"gold_loss":0},{"damage_healed":0,"gold_gain":99,"player_choice":"Stole From Cult","damage_taken":0,"max_hp_gain":0,"max_hp_loss":0,"event_name":"Nest","floor":22,"gold_loss":0},{"damage_healed":0,"gold_gain":0,"player_choice":"Simplicity","damage_taken":0,"max_hp_gain":0,"max_hp_loss":0,"event_name":"Back to Basics","floor":25,"gold_loss":0,"cards_upgraded":["Strike_B","Strike_B","Strike_B","Defend_B","Defend_B","Defend_B","Defend_B"]},{"damage_healed":0,"gold_gain":0,"player_choice":"Ignored","damage_taken":0,"max_hp_gain":0,"max_hp_loss":0,"event_name":"Ghosts","floor":31,"gold_loss":0}],"is_beta":false,"boss_relics":[{"not_picked":["Empty Cage","Fusion Hammer"],"picked":"Black Star"}],"items_purged_floors":[20],"is_endless":false,"potions_floor_spawned":[1,2,7,18,24,29],"killed_by":"Champ","ascension_level":0}