{"gold_per_floor":[110,60,75,91,103,103,131,131,154,172,97,112,212,4,4,105,105,115,125,144,144,144,144,0,0,48,59,59,69,84,84,84,84],"floor_reached":33,"playtime":2568,"items_purged":["Strike_R"],"score":364,"play_id":"685a1ff0-305f-4a2b-9893-0b57a8dd4b9f","local_time":"20180824001303","is_ascension_mode":true,"campfire_choices":[{"data":"Warcry","floor":6,"key":"SMITH"},{"data":"Heavy Blade","floor":15,"key":"SMITH"},{"floor":23,"key":"REST"},{"floor":25,"key":"REST"},{"floor":32,"key":"REST"}],"neow_cost":"","seed_source_timestamp":366481297362092,"circlet_count":0,"master_deck":["Strike_R","Defend_R+1","Defend_R","Defend_R","Bash","Warcry+1","Heavy Blade+1","Disarm","Headbutt","Shockwave+1","Inflame+1","Flex","Fiend Fire","Heavy Blade+1","Combust+1","Reckless Charge+1","Warcry+1","Sentinel+1"],"special_seed":0,"relics":["Burning Blood","Art of War","Centennial Puzzle","Lee\u0027s Waffle","Astrolabe","War Paint","Pen Nib","MutagenicStrength"],"potions_floor_usage":[7,19,22,30,33],"damage_taken":[{"damage":1.0,"enemies":"Small Slimes","floor":1.0,"turns":4.0},{"damage":10.0,"enemies":"2 Louse","floor":3.0,"turns":3.0},{"damage":3,"enemies":"Jaw Worm","floor":4,"turns":5},{"damage":20,"enemies":"Blue Slaver","floor":5,"turns":7},{"damage":33,"enemies":"3 Sentries","floor":7,"turns":11},{"damage":18,"enemies":"Exordium Wildlife","floor":10,"turns":5},{"damage":7,"enemies":"2 Fungi Beasts","floor":12,"turns":3},{"damage":45,"enemies":"Slime Boss","floor":16,"turns":9},{"damage":8,"enemies":"Chosen","floor":18,"turns":4},{"damage":23,"enemies":"2 Thieves","floor":19,"turns":3},{"damage":27,"enemies":"Snake Plant","floor":20,"turns":4},{"damage":34,"enemies":"3 Cultists","floor":22,"turns":6},{"damage":19,"enemies":"Centurion and Healer","floor":27,"turns":6},{"damage":21,"enemies":"Snecko","floor":29,"turns":4},{"damage":30,"enemies":"Snake Plant","floor":30,"turns":4},{"damage":43,"enemies":"Collector","floor":33,"turns":6}],"seed_played":"-6598302884679065044","potions_obtained":[{"floor":5,"key":"AttackPotion"},{"floor":7,"key":"Weak Potion"},{"floor":16,"key":"Dexterity Potion"},{"floor":18,"key":"PowerPotion"},{"floor":27,"key":"Block Potion"},{"floor":29,"key":"GamblersBrew"}],"is_trial":false,"path_per_floor":["M","?","M","M","M","R","E","?","T","M","$","M","?","$","R","B",null,"M","M","M","?","M","R","?","R","T","M","T","M","M","?","R"],"character_chosen":"IRONCLAD","items_purchased":["Lee\u0027s Waffle"],"campfire_rested":3,"item_purchase_floors":[14],"current_hp_per_floor":[77,77,73,76,62,62,35,61,61,49,49,48,48,87,87,48,77,75,58,37,37,9,35,35,61,61,48,48,33,9,9,35,0],"gold":84,"neow_bonus":"","is_prod":false,"is_daily":false,"chose_seed":false,"campfire_upgraded":2,"win_rate":0,"timestamp":1535083983,"path_taken":["M","?","M","M","M","R","E","?","T","M","$","M","?","$","R","BOSS","M","M","M","?","M","R","?","R","T","?","?","M","?","?","R","BOSS"],"build_version":"2018-08-23","purchased_purges":1,"victory":false,"max_hp_per_floor":[80,80,80,80,80,80,80,80,80,80,80,80,80,87,87,87,87,87,87,87,87,87,87,87,87,87,87,87,87,87,87,87,87],"card_choices":[{"not_picked":["Body Slam","Pommel Strike"],"picked":"Warcry","floor":1.0},{"not_picked":["Fire Breathing","Body Slam"],"picked":"Heavy Blade","floor":3},{"not_picked":["Reckless Charge","Heavy Blade"],"picked":"Disarm","floor":4},{"not_picked":["Double Tap","Blood for Blood"],"picked":"Headbutt","floor":5},{"not_picked":["True Grit","Wild Strike"],"picked":"Shockwave","floor":7},{"not_picked":["Fire Breathing","Uppercut"],"picked":"Inflame","floor":10},{"not_picked":["Power Through","Headbutt"],"picked":"Flex","floor":12},{"not_picked":["Barricade","Bludgeon"],"picked":"Fiend Fire","floor":16},{"not_picked":["Clash","Thunderclap","Dual Wield"],"picked":"SKIP","floor":18},{"not_picked":["Shrug It Off","Armaments+1","Evolve+1"],"picked":"SKIP","floor":19},{"not_picked":["Headbutt","Cleave","Hemokinesis"],"picked":"SKIP","floor":20},{"not_picked":["Sword Boomerang","Pommel Strike","Iron Wave"],"picked":"SKIP","floor":22},{"not_picked":["Flex","Warcry","Seeing Red"],"picked":"SKIP","floor":27},{"not_picked":["Burning Pact","Clash"],"picked":"Warcry+1","floor":29},{"not_picked":["Spot Weakness+1","Headbutt"],"picked":"Sentinel+1","floor":30}],"player_experience":494893,"relics_obtained":[{"floor":7,"key":"Art of War"},{"floor":9,"key":"Centennial Puzzle"},{"floor":26,"key":"War Paint"},{"floor":28,"key":"Pen Nib"}],"event_choices":[{"event_name":"The Cleric","player_choice":"Card Removal","floor":2.0,"damage_taken":0.0},{"event_name":"Big Fish","player_choice":"Banana","floor":8,"damage_taken":0},{"event_name":"Golden Shrine","player_choice":"Pray","floor":13,"damage_taken":0},{"event_name":"Upgrade Shrine","player_choice":"Upgraded","floor":21,"damage_taken":0},{"event_name":"Masked Bandits","player_choice":"Paid Fearfully","floor":24,"damage_taken":0},{"event_name":"Drug Dealer","player_choice":"Inject Mutagens","floor":31,"damage_taken":0}],"is_beta":false,"boss_relics":[{"not_picked":["Runic Cube","Tiny House"],"picked":"Astrolabe"}],"items_purged_floors":[11],"is_endless":false,"potions_floor_spawned":[5,7,16,18,22,27,29],"killed_by":"Collector","ascension_level":9}