{"path_per_floor":["M","M","M","$","M","R","M","E","T","R","M","E","M","?","R","B",null,"M","M","?","M","M","R","E","R","T","E","?","T","M","M","R","B",null,"M","?","?","T","?","R","E","M","T","R","E","M"],"character_chosen":"IRONCLAD","items_purchased":["Jack Of All Trades"],"gold_per_floor":[99,99,99,8,8,8,8,8,8,8,8,8,8,8,8,8,8,8,8,8,8,8,8,8,8,8,8,8,8,8,8,8,8,8,8,8,8,8,0,0,0,0,0,0,0,0,0],"floor_reached":47,"campfire_rested":4,"playtime":2809,"current_hp_per_floor":[79,79,77,77,74,74,61,49,49,73,72,70,70,75,75,53,80,75,73,73,59,68,68,18,42,42,25,80,80,75,70,70,3,80,60,60,36,36,36,60,3,3,10,36,2,6,0],"items_purged":[],"gold":0,"score":669,"play_id":"1a6c951d-f772-4d00-9c63-8fd851a8c328","local_time":"20180408211552","is_prod":false,"is_daily":false,"is_ascension_mode":true,"campfire_upgraded":4,"timestamp":1523236552,"path_taken":["M","M","M","?","M","R","M","E","T","R","M","E","M","?","R","BOSS","M","M","?","M","M","R","E","R","T","E","?","?","M","?","R","BOSS","M","?","?","?","?","R","E","M","T","R","E","M","E"],"build_version":"2018-04-05v2","purchased_purges":0,"victory":false,"master_deck":["Strike_R","Strike_R","Strike_R","Strike_R","Defend_R","Defend_R","Defend_R","Defend_R","Bash","Clash","Body Slam","Jack Of All Trades+1","Thunderclap","Pommel Strike","Uppercut","Dual Wield","Infernal Blade+1","Armaments+1","Impervious+1","Shrug It Off","Combust","Carnage","Clash","Offering","Intimidate+1","Wild Strike+1","Jack Of All Trades+1","Inflame+1","Dropkick","Burning Pact+1","Seeing Red+1","Shrug It Off","Power Through+1","Feed","Writhe","Headbutt+1","Iron Wave+1","Corruption+1","Feel No Pain"],"max_hp_per_floor":[80,80,80,80,80,80,80,80,80,80,80,80,80,80,80,80,80,80,80,80,80,80,80,80,80,80,80,80,80,80,80,80,80,80,80,80,80,80,80,80,80,80,87,87,87,91,91],"relics":["Ectoplasm","The Courier","Omamori","Mercury Hourglass","Orrery","Orichalcum","Red Skull","Bag of Preparation","Tiny Chest","Calling Bell","Question Card","Pen Nib","Happy Flower","Peace Pipe","Matryoshka","Red Mask","War Paint","Strawberry","Anchor","Gambling Chip"],"card_choices":[{"not_picked":["Havoc","Iron Wave"],"picked":"Clash","floor":1},{"not_picked":["Havoc","Anger"],"picked":"Body Slam","floor":2},{"not_picked":["Corruption","Cleave"],"picked":"Heavy Blade","floor":3},{"not_picked":["Cleave","Body Slam"],"picked":"Thunderclap","floor":5},{"not_picked":["True Grit","Rupture"],"picked":"Pommel Strike","floor":7},{"not_picked":["Iron Wave","Berserk"],"picked":"Uppercut","floor":8},{"not_picked":["Cleave","Headbutt"],"picked":"Dual Wield","floor":11},{"not_picked":["Sword Boomerang","Rupture"],"picked":"Infernal Blade","floor":12},{"not_picked":["Warcry","Twin Strike"],"picked":"Armaments","floor":13},{"not_picked":["Double Tap","Offering"],"picked":"Impervious","floor":16},{"not_picked":["Armaments","Whirlwind"],"picked":"Shrug It Off","floor":17},{"not_picked":["Twin Strike","Sentinel"],"picked":"Combust","floor":17},{"not_picked":["Searing Blow","Havoc"],"picked":"Carnage","floor":17},{"not_picked":["Heavy Blade","Anger"],"picked":"Clash","floor":17},{"not_picked":["Dual Wield","Havoc"],"picked":"Offering","floor":17},{"not_picked":["Twin Strike","Pommel Strike"],"picked":"Intimidate","floor":18},{"not_picked":["Fire Breathing","Infernal Blade"],"picked":"Wild Strike","floor":19},{"not_picked":["Battle Trance","Body Slam"],"picked":"Inflame","floor":21},{"not_picked":["Hemokinesis","Anger"],"picked":"Dropkick","floor":22},{"not_picked":["Headbutt","Thunderclap"],"picked":"Burning Pact","floor":24},{"not_picked":["Flex","Battle Trance"],"picked":"Seeing Red","floor":27},{"not_picked":["Clash","Wild Strike"],"picked":"Shrug It Off","floor":30},{"not_picked":["Metallicize","Warcry"],"picked":"Power Through","floor":31},{"not_picked":["Reaper","Barricade"],"picked":"Feed","floor":33},{"not_picked":["Flex","Pommel Strike","Feed"],"picked":"Headbutt","floor":35},{"not_picked":["Bloodletting","Wild Strike","Thunderclap"],"picked":"Iron Wave","floor":37},{"not_picked":["Cleave","Heavy Blade","Bloodletting"],"picked":"Corruption","floor":41},{"not_picked":["Whirlwind","Clothesline","Dropkick"],"picked":"Feel No Pain","floor":46}],"player_experience":195005,"potions_floor_usage":[8,11,16,16,19,22,33,33,37,41,45,46],"damage_taken":[{"damage":1,"enemies":"Cultist","floor":1,"turns":3},{"damage":0,"enemies":"Small Slimes","floor":2,"turns":2},{"damage":2,"enemies":"Jaw Worm","floor":3,"turns":2},{"damage":3,"enemies":"3 Louse","floor":5,"turns":2},{"damage":13,"enemies":"Red Slaver","floor":7,"turns":4},{"damage":12,"enemies":"3 Sentries","floor":8,"turns":6},{"damage":1,"enemies":"Large Slime","floor":11,"turns":2},{"damage":6,"enemies":"Gremlin Nob","floor":12,"turns":3},{"damage":0,"enemies":"3 Louse","floor":13,"turns":2},{"damage":27,"enemies":"Slime Boss","floor":16,"turns":8},{"damage":5,"enemies":"Chosen","floor":18,"turns":2},{"damage":2,"enemies":"Spheric Guardian","floor":19,"turns":3},{"damage":14,"enemies":"Cultist and Chosen","floor":21,"turns":5},{"damage":1,"enemies":"Snake Plant","floor":22,"turns":2},{"damage":50,"enemies":"Slavers","floor":24,"turns":4},{"damage":17,"enemies":"Book of Stabbing","floor":27,"turns":5},{"damage":5,"enemies":"Snecko","floor":30,"turns":4},{"damage":5,"enemies":"3 Cultists","floor":31,"turns":4},{"damage":73,"enemies":"Champ","floor":33,"turns":13},{"damage":20,"enemies":"3 Shapes","floor":35,"turns":3},{"damage":30,"enemies":"Mysterious Sphere","floor":37,"turns":4},{"damage":57,"enemies":"2 Orb Walkers","floor":41,"turns":6},{"damage":0,"enemies":"Orb Walker","floor":42,"turns":2},{"damage":34,"enemies":"Giant Head","floor":45,"turns":6},{"damage":0,"enemies":"4 Shapes","floor":46,"turns":3},{"damage":9,"enemies":"2 Orb Walkers","floor":47,"turns":2}],"event_choices":[{"event_name":"Bonfire Elementals","player_choice":"COMMON","floor":14,"damage_taken":0},{"event_name":"Duplicator","player_choice":"One dupe","floor":20,"damage_taken":0},{"event_name":"Wheel of Change","player_choice":"Full Heal","floor":28,"damage_taken":0},{"event_name":"Mysterious Sphere","player_choice":"Fight","floor":37,"damage_taken":0},{"event_name":"Tomb of Lord Red Mask","player_choice":"Paid","floor":39,"damage_taken":0}],"boss_relics":[{"not_picked":["Runic Pyramid","Runic Dome"],"picked":"Orrery"},{"not_picked":["Lizard Tail","Pandora\u0027s Box"],"picked":"Calling Bell"}],"potions_floor_spawned":[5,7,8,11,16,18,21,22,31,35,42,45],"seed_played":"-1269790094311072617","killed_by":"2 Orb Walkers","ascension_level":4,"is_trial":false}