{"path_per_floor":["M","M","M","$","M","R","E","R","T","E","?","$","R","M","R","B",null,"M","M","?","?","?","E","?","M","T","R","$","?","R","E","R","B",null,"M","?","M","?","$","E","R","E","T","M","M","M","$","M","R"],"character_chosen":"IRONCLAD","items_purchased":["Disarm","Pen Nib","Charon\u0027s Ashes","Transmutation","Brutality","Regal Pillow"],"gold_per_floor":[113,125,139,68,80,80,113,113,163,193,193,45,45,60,60,161,161,176,186,186,186,186,511,511,527,527,527,41,41,41,66,66,169,199,212,212,229,276,124,152,152,177,202,221,236,251,105,121,121,121],"floor_reached":50,"campfire_rested":6,"playtime":3613,"current_hp_per_floor":[69,66,66,66,66,66,63,63,63,51,51,51,75,58,80,61,80,74,74,74,74,74,61,46,8,8,33,33,33,58,47,47,60,90,89,89,76,42,42,45,72,61,61,63,55,39,39,15,59,0],"items_purged":[],"gold":121,"score":705,"play_id":"eca02931-95b2-4f22-943c-a0121d821380","local_time":"20180327202413","is_prod":false,"is_daily":false,"is_ascension_mode":true,"campfire_upgraded":3,"timestamp":1522196653,"path_taken":["M","M","M","$","M","R","E","R","T","E","?","?","R","?","R","BOSS","M","M","?","?","?","E","?","M","T","R","$","?","R","E","R","BOSS","M","?","M","?","$","E","R","E","T","M","M","M","$","M","R","BOSS"],"build_version":"2018-03-22v2","purchased_purges":1,"victory":false,"master_deck":["Bash","Clash","Pommel Strike","Clothesline","Evolve+1","Corruption+1","Anger","Flex","Hemokinesis","Clash","Flame Barrier+1","Armaments+1","Armaments+1","Disarm","Disarm","Cleave","Warcry","Shrug It Off","Exhume","Pommel Strike+1","True Grit+1","Wild Strike","Whirlwind","Transmutation","Rupture","Dark Embrace","Dropkick","Wild Strike+1","Spot Weakness","Pommel Strike","Brutality","Iron Wave","Anger","Flame Barrier","Sentinel+1","Hemokinesis+1","Clothesline+1","Iron Wave+1"],"max_hp_per_floor":[80,80,80,80,80,80,80,80,80,80,80,80,80,80,80,80,80,80,80,80,80,80,80,85,85,85,85,85,85,85,85,85,85,90,90,90,90,90,90,90,90,97,97,97,97,97,97,97,97,97],"relics":["Pandora\u0027s Box","Anchor","Vajra","Kunai","Pen Nib","Sozu","Pantograph","Old Coin","Bird Faced Urn","Charon\u0027s Ashes","Prayer Wheel","Tiny House","Champion Belt","Bronze Scales","Strawberry","Blood Vial","Regal Pillow"],"card_choices":[{"not_picked":["Intimidate","Warcry"],"picked":"Flame Barrier","floor":1},{"not_picked":["Dropkick","Wild Strike"],"picked":"Armaments","floor":2},{"not_picked":["Clash","Havoc"],"picked":"Armaments","floor":3},{"not_picked":["Thunderclap","Perfected Strike"],"picked":"Disarm","floor":5},{"not_picked":["Anger","Barricade"],"picked":"Cleave","floor":7},{"not_picked":["Battle Trance","Evolve"],"picked":"Warcry","floor":10},{"not_picked":["Clash","Anger"],"picked":"Shrug It Off","floor":14},{"not_picked":["Berserk","Limit Break"],"picked":"Exhume","floor":16},{"not_picked":["Armaments","Clash"],"picked":"Pommel Strike","floor":18},{"not_picked":["Uppercut","Twin Strike"],"picked":"True Grit","floor":19},{"not_picked":["Disarm","Sword Boomerang"],"picked":"Wild Strike","floor":23},{"not_picked":["Warcry","Heavy Blade"],"picked":"Whirlwind","floor":25},{"not_picked":["Perfected Strike","Battle Trance"],"picked":"Rupture","floor":31},{"not_picked":["Limit Break","Demon Form"],"picked":"Dark Embrace","floor":33},{"not_picked":["Cleave","Rupture"],"picked":"Dropkick","floor":34},{"not_picked":["Evolve","Heavy Blade"],"picked":"Wild Strike","floor":35},{"not_picked":["Body Slam","Flex"],"picked":"Spot Weakness","floor":37},{"not_picked":["Flex","Perfected Strike"],"picked":"Pommel Strike","floor":38},{"not_picked":["Battle Trance","Combust"],"picked":"Iron Wave","floor":40},{"not_picked":["Evolve","Iron Wave"],"picked":"Anger","floor":42},{"not_picked":["Headbutt","Havoc"],"picked":"Flame Barrier","floor":43},{"not_picked":["Anger","Demon Form"],"picked":"Sentinel","floor":44},{"not_picked":["Heavy Blade","Clash"],"picked":"Hemokinesis","floor":45},{"not_picked":["Havoc","Sever Soul"],"picked":"Clothesline","floor":46},{"not_picked":["Pommel Strike","Havoc"],"picked":"Iron Wave","floor":48}],"player_experience":131234,"potions_floor_usage":[5,14,23,23,23],"damage_taken":[{"damage":11,"enemies":"2 Louse","floor":1,"turns":3},{"damage":3,"enemies":"Cultist","floor":2,"turns":2},{"damage":0,"enemies":"Jaw Worm","floor":3,"turns":1},{"damage":0,"enemies":"Exordium Wildlife","floor":5,"turns":3},{"damage":3,"enemies":"Gremlin Nob","floor":7,"turns":3},{"damage":12,"enemies":"Lagavulin","floor":10,"turns":7},{"damage":17,"enemies":"2 Fungi Beasts","floor":14,"turns":3},{"damage":19,"enemies":"Slime Boss","floor":16,"turns":7},{"damage":6,"enemies":"Shell Parasite","floor":18,"turns":5},{"damage":0,"enemies":"3 Byrds","floor":19,"turns":3},{"damage":13,"enemies":"Slavers","floor":23,"turns":4},{"damage":38,"enemies":"3 Cultists","floor":25,"turns":6},{"damage":15,"enemies":"Book of Stabbing","floor":31,"turns":4},{"damage":18,"enemies":"Champ","floor":33,"turns":7},{"damage":4,"enemies":"3 Darklings","floor":35,"turns":4},{"damage":14,"enemies":"Orb Walker","floor":37,"turns":4},{"damage":42,"enemies":"Mysterious Sphere","floor":38,"turns":5},{"damage":9,"enemies":"Nemesis","floor":40,"turns":5},{"damage":34,"enemies":"Giant Head","floor":42,"turns":7},{"damage":8,"enemies":"4 Shapes","floor":44,"turns":7},{"damage":26,"enemies":"Sphere and 2 Shapes","floor":45,"turns":5},{"damage":28,"enemies":"Maw","floor":46,"turns":7},{"damage":32,"enemies":"4 Shapes","floor":48,"turns":6},{"damage":97,"enemies":"Time Eater","floor":50,"turns":10}],"event_choices":[{"event_name":"The Lab","player_choice":"Got Potions","floor":11,"damage_taken":0},{"event_name":"The Mausoleum","player_choice":"Yes","floor":20,"damage_taken":0},{"event_name":"Vampires","player_choice":"Ignored","floor":21,"damage_taken":0},{"event_name":"Back to Basics","player_choice":"Elegance","floor":22,"damage_taken":0},{"event_name":"Forgotten Altar","player_choice":"Shed Blood","floor":24,"damage_taken":0},{"event_name":"Match and Keep!","player_choice":"0 cards matched","floor":29,"damage_taken":0},{"event_name":"Upgrade Shrine","player_choice":"Upgraded","floor":36,"damage_taken":0},{"event_name":"Mysterious Sphere","player_choice":"Fight","floor":38,"damage_taken":0}],"boss_relics":[{"not_picked":["Runic Pyramid","Cursed Key"],"picked":"Sozu"},{"not_picked":["Runic Dome","Snecko Eye"],"picked":"Tiny House"}],"potions_floor_spawned":[2,10,16,25,33,40,42,44,48],"seed_played":"-3957990160859388808","killed_by":"Time Eater","ascension_level":2,"is_trial":false}