{"gold_per_floor":[119,139,156,170,135,135,135,154,225,400,4,31,31,43,43,147,147,165,80,93,93,107,107,120,219,271,271,281,281,293,25,25,25],"floor_reached":33,"playtime":2034,"items_purged":["Regret"],"score":249,"play_id":"e6e7b0b5-0169-4e0d-8fb5-1b1220243cca","local_time":"20190322120931","is_ascension_mode":false,"campfire_choices":[{"data":"Chaos","floor":6,"key":"SMITH"},{"data":"Dualcast","floor":15,"key":"SMITH"},{"floor":23,"key":"REST"},{"data":"Redo","floor":27,"key":"SMITH"},{"data":"Go for the Eyes","floor":29,"key":"SMITH"},{"floor":32,"key":"REST"}],"neow_cost":"NONE","seed_source_timestamp":72990140123794,"circlet_count":0,"master_deck":["Strike_B","Strike_B","Strike_B","Strike_B+1","Defend_B","Defend_B","Defend_B","Defend_B","Zap","Dualcast+1","Rebound","Ball Lightning+1","Cold Snap","Chaos+1","Fusion","Doubt","Storm","Fusion","Sweeping Beam","Biased Cognition","Redo+1","Barrage","Go for the Eyes+1","Cold Snap","Conserve Battery","Static Discharge+1","All For One","Glacier","Ball Lightning","Barrage","Sweeping Beam","Melter","Mind Blast"],"relics":["Cracked Core","Bag of Preparation","Calipers","Darkstone Periapt","Bottled Lightning","Lantern","Bottled Tornado","Orrery","StoneCalendar","Whetstone"],"potions_floor_usage":[12,16,16,28,33],"damage_taken":[{"damage":2,"enemies":"2 Louse","floor":1,"turns":3},{"damage":12,"enemies":"Small Slimes","floor":2,"turns":3},{"damage":1,"enemies":"Jaw Worm","floor":3,"turns":3},{"damage":2,"enemies":"Blue Slaver","floor":4,"turns":2},{"damage":12,"enemies":"Exordium Thugs","floor":8,"turns":4},{"damage":21,"enemies":"Gremlin Nob","floor":12,"turns":4},{"damage":5,"enemies":"2 Fungi Beasts","floor":14,"turns":3},{"damage":41,"enemies":"Slime Boss","floor":16,"turns":10},{"damage":14,"enemies":"Chosen","floor":18,"turns":6},{"damage":6,"enemies":"3 Byrds","floor":20,"turns":2},{"damage":32,"enemies":"Cultist and Chosen","floor":22,"turns":5},{"damage":8,"enemies":"Snake Plant","floor":24,"turns":4},{"damage":24,"enemies":"Centurion and Healer","floor":28,"turns":5},{"damage":14,"enemies":"Snecko","floor":30,"turns":5},{"damage":49,"enemies":"Automaton","floor":33,"turns":4}],"seed_played":"-552800547626078594","potions_obtained":[{"floor":1,"key":"FearPotion"},{"floor":4,"key":"Ancient Potion"},{"floor":8,"key":"FairyPotion"},{"floor":12,"key":"Fire Potion"},{"floor":18,"key":"Weak Potion"},{"floor":28,"key":"GamblersBrew"},{"floor":30,"key":"Weak Potion"}],"is_trial":false,"path_per_floor":["M","M","M","M","?","R","?","M","T","?","$","E","T","M","R","B",null,"M","?","M","?","M","R","M","?","T","R","M","R","M","$","R","B"],"character_chosen":"DEFECT","items_purchased":["Bottled Lightning","Storm","Melter","Mind Blast","FairyPotion"],"campfire_rested":2,"item_purchase_floors":[11,11,31,31,31],"current_hp_per_floor":[73,61,60,58,75,75,75,63,63,69,69,48,48,43,43,2,81,67,67,61,61,29,53,45,45,45,45,21,21,7,7,31,0],"gold":25,"neow_bonus":"RANDOM_COMMON_RELIC","is_prod":false,"is_daily":false,"chose_seed":false,"campfire_upgraded":4,"win_rate":0.0,"timestamp":1553220571,"path_taken":["M","M","M","M","?","R","?","M","T","?","?","E","?","M","R","BOSS","M","?","M","?","M","R","?","?","T","R","M","R","M","$","R","BOSS"],"build_version":"2019-01-23","purchased_purges":1,"victory":false,"max_hp_per_floor":[75,75,75,75,75,75,75,75,75,81,81,81,81,81,81,81,81,81,81,81,81,81,81,81,81,81,81,81,81,81,81,81,81],"card_choices":[{"not_picked":["Defragment","Go for the Eyes"],"picked":"Rebound","floor":1},{"not_picked":["Chill","Hologram"],"picked":"Ball Lightning","floor":2},{"not_picked":["Beam Cell","Redo"],"picked":"Cold Snap","floor":3},{"not_picked":["Streamline","Conserve Battery"],"picked":"Chaos","floor":4},{"not_picked":["Buffer","Lockon"],"picked":"Fusion","floor":8},{"not_picked":["Coolheaded","Steam"],"picked":"Fusion","floor":12},{"not_picked":["Fusion","Streamline"],"picked":"Sweeping Beam","floor":14},{"not_picked":["Buffer","Reboot"],"picked":"Biased Cognition","floor":16},{"not_picked":["Coolheaded","Gash"],"picked":"Redo","floor":17},{"not_picked":["Ball Lightning","Storm"],"picked":"Barrage","floor":17},{"not_picked":["Steam","Hello World"],"picked":"Go for the Eyes","floor":17},{"not_picked":["Steam Power","Ball Lightning"],"picked":"Cold Snap","floor":17},{"not_picked":["Force Field","Stack"],"picked":"Conserve Battery","floor":17},{"not_picked":["Go for the Eyes","Conserve Battery+1"],"picked":"Static Discharge+1","floor":18},{"not_picked":["Redo","BootSequence"],"picked":"All For One","floor":20},{"not_picked":["Go for the Eyes","Barrage"],"picked":"Glacier","floor":22},{"not_picked":["Barrage","Beam Cell"],"picked":"Ball Lightning","floor":24},{"not_picked":["Ball Lightning","Streamline"],"picked":"Barrage","floor":28},{"not_picked":["Reprogram","Chill"],"picked":"Sweeping Beam","floor":30}],"player_experience":32332,"relics_obtained":[{"floor":9,"key":"Darkstone Periapt"},{"floor":12,"key":"Lantern"},{"floor":13,"key":"Bottled Tornado"},{"floor":26,"key":"Whetstone"}],"event_choices":[{"damage_healed":18,"gold_gain":0,"player_choice":"Healed","damage_taken":0,"max_hp_gain":0,"max_hp_loss":0,"event_name":"The Cleric","floor":5,"gold_loss":35},{"damage_healed":0,"gold_gain":0,"player_choice":"Box","damage_taken":0,"relics_obtained":["Calipers"],"max_hp_gain":0,"max_hp_loss":0,"event_name":"Big Fish","floor":7,"gold_loss":0,"cards_obtained":["Regret"]},{"damage_healed":0,"gold_gain":175,"player_choice":"AGREE","damage_taken":0,"max_hp_gain":0,"max_hp_loss":0,"event_name":"Liars Game","floor":10,"gold_loss":0,"cards_obtained":["Doubt"]},{"damage_healed":0,"gold_gain":0,"player_choice":"Obtained Relic","damage_taken":0,"relics_obtained":["StoneCalendar"],"max_hp_gain":0,"max_hp_loss":0,"event_name":"Addict","floor":19,"gold_loss":85},{"damage_healed":0,"gold_gain":0,"player_choice":"Bought 0 Potions","damage_taken":0,"max_hp_gain":0,"max_hp_loss":0,"event_name":"The Woman in Blue","floor":21,"gold_loss":0},{"damage_healed":0,"gold_gain":99,"player_choice":"Stole From Cult","damage_taken":0,"max_hp_gain":0,"max_hp_loss":0,"event_name":"Nest","floor":25,"gold_loss":0}],"is_beta":false,"boss_relics":[{"not_picked":["Tiny House","Sozu"],"picked":"Orrery"}],"items_purged_floors":[11],"is_endless":false,"potions_floor_spawned":[1,4,8,12,18,28,30],"killed_by":"Automaton","ascension_level":0}