{"gold_per_floor":[117,136,152,152,108,136,136,162,187,187,198,198,66,85,85,161,161,174,174,174,190,201,201,227,227,227,244,258,273,273],"floor_reached":30,"playtime":1167,"items_purged":["Strike_B"],"score":485,"play_id":"c70ee4df-4849-4933-95e2-491702e54cd1","local_time":"20190830081520","is_ascension_mode":true,"campfire_choices":[{"data":"Zap","floor":7.0,"key":"SMITH"},{"floor":12.0,"key":"REST"},{"data":"Streamline","floor":15.0,"key":"SMITH"},{"data":"Buffer","floor":23.0,"key":"SMITH"},{"floor":25,"key":"REST"}],"neow_cost":"NONE","seed_source_timestamp":47618262138274,"circlet_count":0,"master_deck":["AscendersBane","Strike_B","Strike_B","Defend_B","Defend_B","Defend_B","Defend_B","Zap+1","Dualcast","Gash","Gash","FTL","White Noise","Self Repair","Conserve Battery","Streamline+1","Biased Cognition","Sunder","Buffer+1","Streamline+1","Conserve Battery+1","Tempest","Ball Lightning","White Noise+1"],"special_seed":0,"relics":["Cracked Core","NeowsBlessing","Potion Belt","Pen Nib","Bag of Preparation","Nuclear Battery","Ice Cream","Dodecahedron","Bottled Flame"],"potions_floor_usage":[24,27,27,29],"damage_taken":[{"damage":0.0,"enemies":"Small Slimes","floor":1.0,"turns":1.0},{"damage":0.0,"enemies":"Jaw Worm","floor":2.0,"turns":1.0},{"damage":0.0,"enemies":"Cultist","floor":3.0,"turns":1.0},{"damage":18.0,"enemies":"Gremlin Nob","floor":6.0,"turns":3.0},{"damage":30.0,"enemies":"3 Sentries","floor":8.0,"turns":7.0},{"damage":6.0,"enemies":"Blue Slaver","floor":11.0,"turns":3.0},{"damage":7.0,"enemies":"Exordium Wildlife","floor":14.0,"turns":3.0},{"damage":29.0,"enemies":"The Guardian","floor":16.0,"turns":8.0},{"damage":18.0,"enemies":"Chosen","floor":18.0,"turns":4.0},{"damage":14.0,"enemies":"Shell Parasite","floor":21.0,"turns":2.0},{"damage":2.0,"enemies":"Centurion and Healer","floor":22.0,"turns":5.0},{"damage":33,"enemies":"Book of Stabbing","floor":24,"turns":4},{"damage":17,"enemies":"3 Cultists","floor":27,"turns":5},{"damage":8,"enemies":"Cultist and Chosen","floor":28,"turns":6},{"damage":7,"enemies":"Centurion and Healer","floor":29,"turns":6},{"damage":24,"enemies":"Snake Plant","floor":30,"turns":2}],"seed_played":"-7172442451710368361","potions_obtained":[{"floor":1.0,"key":"Swift Potion"},{"floor":2.0,"key":"PowerPotion"},{"floor":3.0,"key":"Poison Potion"},{"floor":21.0,"key":"FearPotion"},{"floor":22.0,"key":"Fire Potion"},{"floor":24,"key":"Poison Potion"},{"floor":28,"key":"Block Potion"}],"is_trial":false,"path_per_floor":["M","M","M","?","?","E","R","E","T","?","M","R","$","M","R","B",null,"M","?","T","M","M","R","E","R","T","M","M","M","M"],"character_chosen":"DEFECT","items_purchased":["Conserve Battery"],"campfire_rested":2,"item_purchase_floors":[13],"current_hp_per_floor":[64,64,64,64,64,46,46,16,16,16,10,31,31,31,31,9,56,45,45,45,31,36,36,10,31,31,21,20,20,0],"gold":273,"neow_bonus":"THREE_ENEMY_KILL","is_prod":false,"is_daily":false,"chose_seed":false,"campfire_upgraded":3,"win_rate":0,"timestamp":1567170920,"path_taken":["M","M","M","?","?","E","R","E","T","?","M","R","?","M","R","BOSS","M","?","?","M","M","R","E","R","T","M","M","M","?"],"build_version":"2019-07-17","purchased_purges":1,"victory":false,"max_hp_per_floor":[71,71,71,71,71,71,71,71,71,71,71,71,71,71,71,71,71,71,71,71,71,71,71,71,71,71,71,71,71,71],"card_choices":[{"not_picked":["Undo","Aggregate"],"picked":"Gash","floor":1.0},{"not_picked":["Lockon","Leap","Steam"],"picked":"SKIP","floor":2.0},{"not_picked":["Hologram","Stack"],"picked":"Gash","floor":3.0},{"not_picked":["Rebound","Coolheaded"],"picked":"FTL","floor":6.0},{"not_picked":["Hologram","Static Discharge"],"picked":"White Noise","floor":8.0},{"not_picked":["Skim","Fusion"],"picked":"Self Repair","floor":11.0},{"not_picked":["Doom and Gloom","Redo"],"picked":"Streamline","floor":14.0},{"not_picked":["Multi-Cast","Reboot"],"picked":"Biased Cognition","floor":16.0},{"not_picked":["Ball Lightning","Conserve Battery"],"picked":"Sunder","floor":18.0},{"not_picked":["Redo","Ball Lightning"],"picked":"Buffer","floor":21.0},{"not_picked":["Steam","Lockon+1"],"picked":"Streamline+1","floor":22.0},{"not_picked":["Streamline","Ball Lightning"],"picked":"Conserve Battery+1","floor":24},{"not_picked":["Ball Lightning","Aggregate"],"picked":"Tempest","floor":27},{"not_picked":["Beam Cell","Recycle"],"picked":"Ball Lightning","floor":28},{"not_picked":["Gash","Sweeping Beam"],"picked":"White Noise+1","floor":29}],"player_experience":289926,"relics_obtained":[{"floor":6.0,"key":"Potion Belt"},{"floor":8.0,"key":"Pen Nib"},{"floor":9.0,"key":"Bag of Preparation"},{"floor":20.0,"key":"Ice Cream"},{"floor":24,"key":"Dodecahedron"},{"floor":26,"key":"Bottled Flame"}],"event_choices":[{"damage_healed":0.0,"max_hp_gain":0.0,"max_hp_loss":0.0,"gold_gain":0.0,"event_name":"Liars Game","player_choice":"Ignored","floor":4.0,"gold_loss":0.0,"damage_taken":0.0},{"damage_healed":0.0,"max_hp_gain":0.0,"max_hp_loss":0.0,"gold_gain":0.0,"event_name":"World of Goop","player_choice":"Left Gold","floor":5.0,"gold_loss":44.0,"damage_taken":0.0},{"cards_removed":["Strike_B"],"damage_healed":0.0,"max_hp_gain":0.0,"max_hp_loss":0.0,"gold_gain":0.0,"event_name":"Living Wall","player_choice":"Forget","floor":10.0,"gold_loss":0.0,"damage_taken":0.0},{"damage_healed":0.0,"max_hp_gain":0.0,"max_hp_loss":0.0,"gold_gain":0.0,"event_name":"Vampires","player_choice":"Ignored","floor":19.0,"gold_loss":0.0,"damage_taken":0.0}],"is_beta":false,"boss_relics":[{"not_picked":["Philosopher\u0027s Stone","Velvet Choker"],"picked":"Nuclear Battery"}],"items_purged_floors":[13],"is_endless":false,"potions_floor_spawned":[1,2,3,21,22,24,28],"killed_by":"Snake Plant","ascension_level":17}