{"gold_per_floor":[119,130,130,130,149,149,74,90,139,177,21,21,38,66,66,143,143,158,176,176,176,193,193,225,242,265,265,278,296,323,15,15,15],"floor_reached":33,"playtime":2154,"items_purged":["Strike_G"],"score":554,"play_id":"82f30b65-c6e7-4689-bef6-c8a066b8a9bc","local_time":"20190117004653","is_ascension_mode":true,"campfire_choices":[{"data":"Dagger Spray","floor":6.0,"key":"SMITH"},{"floor":12.0,"key":"REST"},{"data":"Bane","floor":15.0,"key":"SMITH"},{"floor":23.0,"key":"REST"},{"floor":32.0,"key":"REST"}],"neow_cost":"NONE","seed_source_timestamp":676490314736364,"circlet_count":0,"master_deck":["AscendersBane","Defend_G","Defend_G","Defend_G","Defend_G","Defend_G","Strike_G","Survivor","Neutralize","Flying Knee","Dagger Spray+1","Terror","Crippling Poison","Heel Hook","Poisoned Stab","Bane+1","Unload","Cloak And Dagger+1","Quick Slash+1","Backstab+1","Backflip","Masterful Stab+1","RitualDagger","Bouncing Flask","Calculated Gamble+1","Cloak And Dagger","Dash","Footwork"],"special_seed":0,"relics":["Ring of the Snake","Centennial Puzzle","CultistMask","MawBank","Orichalcum","PreservedInsect","Darkstone Periapt","Astrolabe","Bronze Scales","Bag of Preparation","Ninja Scroll","Regal Pillow","Omamori"],"potions_floor_usage":[33,33],"damage_taken":[{"damage":3.0,"enemies":"2 Louse","floor":1.0,"turns":3.0},{"damage":0.0,"enemies":"Cultist","floor":2.0,"turns":4.0},{"damage":4.0,"enemies":"Jaw Worm","floor":5.0,"turns":4.0},{"damage":18.0,"enemies":"Exordium Thugs","floor":8.0,"turns":4.0},{"damage":17.0,"enemies":"Lagavulin","floor":10.0,"turns":5.0},{"damage":3.0,"enemies":"Looter","floor":13.0,"turns":3.0},{"damage":7.0,"enemies":"3 Sentries","floor":14.0,"turns":6.0},{"damage":9.0,"enemies":"Hexaghost","floor":16.0,"turns":8.0},{"damage":7.0,"enemies":"Chosen","floor":18.0,"turns":3.0},{"damage":7.0,"enemies":"3 Byrds","floor":19.0,"turns":5.0},{"damage":9.0,"enemies":"3 Cultists","floor":22.0,"turns":5.0},{"damage":25.0,"enemies":"Gremlin Leader","floor":24.0,"turns":6.0},{"damage":1.0,"enemies":"Snecko","floor":25.0,"turns":4.0},{"damage":33.0,"enemies":"Shelled Parasite and Fungi","floor":28.0,"turns":5.0},{"damage":3.0,"enemies":"Centurion and Healer","floor":29.0,"turns":5.0},{"damage":46,"enemies":"Collector","floor":33,"turns":6}],"seed_played":"-2360818232633071327","potions_obtained":[{"floor":1.0,"key":"AttackPotion"},{"floor":5.0,"key":"GamblersBrew"},{"floor":10.0,"key":"SpeedPotion"},{"floor":13.0,"key":"SpeedPotion"},{"floor":16.0,"key":"Energy Potion"},{"floor":19.0,"key":"Ancient Potion"},{"floor":22.0,"key":"Energy Potion"},{"floor":25.0,"key":"Fire Potion"},{"floor":28.0,"key":"SkillPotion"}],"is_trial":false,"path_per_floor":["M","M","?","?","M","R","$","M","T","E","$","R","M","E","R","B",null,"M","M","?","?","M","R","E","M","T","T","M","M","T","$","R","B"],"character_chosen":"THE_SILENT","items_purchased":["PreservedInsect","PowerPotion","Footwork","Omamori"],"campfire_rested":3,"item_purchase_floors":[11,31,31,31],"current_hp_per_floor":[56,56,61,61,57,57,57,39,39,22,22,43,40,33,33,24,59,52,45,59,53,44,65,40,39,39,39,6,3,3,3,39,0],"gold":15,"neow_bonus":"RANDOM_COMMON_RELIC","is_prod":false,"is_daily":false,"chose_seed":false,"campfire_upgraded":2,"win_rate":0,"timestamp":1547704013,"path_taken":["M","M","?","?","?","R","?","M","T","E","$","R","M","E","R","BOSS","M","M","?","?","M","R","E","M","T","?","?","M","?","$","R","BOSS"],"build_version":"2019-01-10","purchased_purges":1,"victory":false,"max_hp_per_floor":[66,66,71,71,71,71,71,71,71,71,71,71,71,71,71,71,71,71,71,71,71,71,71,71,71,71,71,71,71,71,71,71,71],"card_choices":[{"not_picked":["Outmaneuver","Bane"],"picked":"Flying Knee","floor":1.0},{"not_picked":["Bane","Dodge and Roll"],"picked":"Dagger Spray","floor":2.0},{"not_picked":["Distraction","Calculated Gamble"],"picked":"Terror","floor":5.0},{"not_picked":["Terror","Wraith Form v2"],"picked":"Crippling Poison","floor":8.0},{"not_picked":["Dodge and Roll","Endless Agony"],"picked":"Heel Hook","floor":10.0},{"not_picked":["Backflip","Flying Knee"],"picked":"Poisoned Stab","floor":13.0},{"not_picked":["Night Terror","Poisoned Stab"],"picked":"Bane","floor":14.0},{"not_picked":["Storm of Steel","Tools of the Trade"],"picked":"Unload","floor":16.0},{"not_picked":["Prepared","Crippling Poison"],"picked":"Backflip","floor":18.0},{"not_picked":["Slice","Bane"],"picked":"Masterful Stab+1","floor":19.0},{"not_picked":["Tactician","Dodge and Roll"],"picked":"Bouncing Flask","floor":22.0},{"not_picked":["Slice","Backflip"],"picked":"Calculated Gamble+1","floor":24.0},{"not_picked":["Deadly Poison","Prepared+1"],"picked":"Cloak And Dagger","floor":25.0},{"not_picked":["Poisoned Stab","Distraction"],"picked":"Dash","floor":28.0},{"not_picked":["Blade Dance+1","Dagger Throw","Riddle With Holes"],"picked":"SKIP","floor":29.0}],"player_experience":1182662,"relics_obtained":[{"floor":9.0,"key":"MawBank"},{"floor":10.0,"key":"Orichalcum"},{"floor":14.0,"key":"Darkstone Periapt"},{"floor":24.0,"key":"Bronze Scales"},{"floor":26.0,"key":"Bag of Preparation"},{"floor":27.0,"key":"Ninja Scroll"},{"floor":30.0,"key":"Regal Pillow"}],"event_choices":[{"damage_healed":0.0,"max_hp_gain":5.0,"max_hp_loss":0.0,"gold_gain":0.0,"event_name":"Big Fish","player_choice":"Donut","floor":3.0,"gold_loss":0.0,"damage_taken":0.0},{"damage_healed":0.0,"max_hp_gain":0.0,"max_hp_loss":0.0,"gold_gain":0.0,"event_name":"FaceTrader","player_choice":"Trade","floor":4.0,"gold_loss":0.0,"damage_taken":0.0,"relics_obtained":["CultistMask"]},{"damage_healed":14.0,"max_hp_gain":0.0,"max_hp_loss":0.0,"gold_gain":0.0,"event_name":"The Library","player_choice":"Heal","floor":20.0,"gold_loss":0.0,"damage_taken":0.0},{"damage_healed":0.0,"max_hp_gain":0.0,"max_hp_loss":0.0,"gold_gain":0.0,"event_name":"Nest","player_choice":"Joined the Cult","floor":21.0,"gold_loss":0.0,"damage_taken":6.0,"cards_obtained":["RitualDagger"]}],"is_beta":false,"boss_relics":[{"not_picked":["Runic Dome","WristBlade"],"picked":"Astrolabe"}],"items_purged_floors":[7],"is_endless":false,"potions_floor_spawned":[1,5,10,13,16,19,22,25,28],"killed_by":"Collector","ascension_level":20}