{"gold_per_floor":[113,113,113,113,128,128,159,159,159,159,171,184,203,216,216,321,321,338,358,92,104,29,29,29],"floor_reached":24,"playtime":1618,"items_purged":["Strike_B"],"score":335,"play_id":"eca68d6d-debe-4b78-9494-d94540304e53","local_time":"20190723205752","is_ascension_mode":true,"campfire_choices":[{"data":"Zap","floor":6.0,"key":"SMITH"},{"floor":8.0,"key":"REST"},{"data":"Capacitor","floor":10.0,"key":"SMITH"},{"floor":15.0,"key":"REST"},{"data":"Barrage","floor":23,"key":"SMITH"}],"neow_cost":"TEN_PERCENT_HP_LOSS","seed_source_timestamp":72323034625900,"circlet_count":0,"master_deck":["Strike_B","Defend_B","Defend_B","Defend_B","Zap+1","Dualcast","Barrage+1","Genetic Algorithm","Capacitor+1","Hologram","Cold Snap","Glacier","Seek"],"special_seed":0,"relics":["Cracked Core","Cables","Calipers","Inserter","OrangePellets"],"potions_floor_usage":[16,19,24,24],"damage_taken":[{"damage":1.0,"enemies":"Cultist","floor":1.0,"turns":3.0},{"damage":9.0,"enemies":"Jaw Worm","floor":5.0,"turns":3.0},{"damage":56.0,"enemies":"Gremlin Nob","floor":7.0,"turns":5.0},{"damage":0.0,"enemies":"Small Slimes","floor":11.0,"turns":3.0},{"damage":0.0,"enemies":"Blue Slaver","floor":12.0,"turns":3.0},{"damage":0.0,"enemies":"Exordium Wildlife","floor":13.0,"turns":3.0},{"damage":9.0,"enemies":"Exordium Thugs","floor":14.0,"turns":4.0},{"damage":0,"enemies":"Slime Boss","floor":16,"turns":10},{"damage":10,"enemies":"3 Byrds","floor":18,"turns":6},{"damage":8,"enemies":"Shell Parasite","floor":19,"turns":5},{"damage":9,"enemies":"Chosen and Byrds","floor":21,"turns":6},{"damage":34,"enemies":"Book of Stabbing","floor":24,"turns":4}],"seed_played":"-7654019920880795860","potions_obtained":[{"floor":7.0,"key":"FocusPotion"},{"floor":13.0,"key":"Ancient Potion"},{"floor":16,"key":"SteroidPotion"},{"floor":19,"key":"SpeedPotion"},{"floor":21,"key":"AttackPotion"}],"is_trial":false,"path_per_floor":["M","$","?","$","M","R","E","R","T","R","M","M","M","M","R","B",null,"M","M","$","M","?","R","E"],"character_chosen":"DEFECT","items_purchased":["OrangePellets"],"campfire_rested":2,"item_purchase_floors":[20],"current_hp_per_floor":[67,67,67,67,58,58,2,22,22,22,22,22,22,13,33,33,59,49,41,41,32,32,32,0],"gold":29,"neow_bonus":"REMOVE_TWO","is_prod":false,"is_daily":false,"chose_seed":false,"campfire_upgraded":3,"win_rate":0,"timestamp":1563908272,"path_taken":["M","$","?","$","M","R","E","R","T","R","?","M","M","M","R","BOSS","M","M","$","M","?","R","E"],"build_version":"2019-07-17","purchased_purges":1,"victory":false,"max_hp_per_floor":[68,68,68,68,68,68,68,68,68,68,68,68,68,68,68,68,68,68,68,68,68,68,68,68],"card_choices":[{"not_picked":["Rebound","Consume"],"picked":"Barrage","floor":1.0},{"not_picked":["Steam","Barrage"],"picked":"Genetic Algorithm","floor":5.0},{"not_picked":["Streamline","Compile Driver"],"picked":"Capacitor","floor":7.0},{"not_picked":["Force Field","Static Discharge"],"picked":"Hologram","floor":11.0},{"not_picked":["Aggregate","Undo"],"picked":"Cold Snap","floor":12.0},{"not_picked":["Hologram","Redo","Undo"],"picked":"SKIP","floor":13.0},{"not_picked":["Steam","Leap"],"picked":"Glacier","floor":14.0},{"not_picked":["All For One","Hyperbeam"],"picked":"Seek","floor":16},{"not_picked":["Compile Driver","Tempest+1","Cold Snap"],"picked":"SKIP","floor":18},{"not_picked":["Genetic Algorithm","Heatsinks","Recycle+1"],"picked":"SKIP","floor":19},{"not_picked":["Heatsinks","Beam Cell","Darkness"],"picked":"SKIP","floor":21}],"player_experience":73272,"relics_obtained":[{"floor":7.0,"key":"Cables"},{"floor":9.0,"key":"Calipers"}],"event_choices":[{"damage_healed":0.0,"max_hp_gain":0.0,"max_hp_loss":0.0,"gold_gain":0.0,"event_name":"Match and Keep!","player_choice":"0 cards matched","floor":3.0,"gold_loss":0.0,"damage_taken":0.0,"cards_obtained":[]},{"cards_removed":["Defend_B"],"damage_healed":0,"gold_gain":0,"player_choice":"Gave Gold","damage_taken":0,"max_hp_gain":0,"max_hp_loss":0,"event_name":"Beggar","floor":22,"gold_loss":75}],"is_beta":false,"boss_relics":[{"not_picked":["Runic Dome","Orrery"],"picked":"Inserter"}],"items_purged_floors":[20],"is_endless":false,"potions_floor_spawned":[7,13,16,19,21],"killed_by":"Book of Stabbing","ascension_level":7}