{"gold_per_floor":[112,112,123,223,236,267,267,282,282,311,321,127,139,159,159,159],"floor_reached":16,"playtime":1044,"items_purged":["Strike_B"],"score":104,"play_id":"09d7c125-b6eb-4252-b5eb-a2bb0833702e","local_time":"20190911032003","is_ascension_mode":false,"campfire_choices":[{"data":"Defragment","floor":7,"key":"SMITH"},{"floor":15,"key":"REST"}],"neow_cost":"NONE","seed_source_timestamp":2031454002677600,"circlet_count":0,"master_deck":["Strike_B","Strike_B","Defend_B","Defend_B","Defend_B","Defend_B","Zap","Dualcast","Defragment+1","Capacitor","Defragment+1","Coolheaded","Skim","Machine Learning","Storm","Cold Snap","Capacitor","Redo","Loop"],"relics":["Cracked Core","Matryoshka","Strawberry","Letter Opener","Odd Mushroom"],"potions_floor_usage":[6,8,16],"damage_taken":[{"damage":2,"enemies":"2 Louse","floor":1,"turns":2},{"damage":1,"enemies":"Cultist","floor":3,"turns":3},{"damage":5,"enemies":"Jaw Worm","floor":5,"turns":4},{"damage":16,"enemies":"Lagavulin","floor":6,"turns":5},{"damage":17,"enemies":"Gremlin Gang","floor":8,"turns":3},{"damage":22,"enemies":"The Mushroom Lair","floor":10,"turns":5},{"damage":3,"enemies":"Blue Slaver","floor":11,"turns":5},{"damage":9,"enemies":"Large Slime","floor":13,"turns":6},{"damage":6,"enemies":"Lots of Slimes","floor":14,"turns":5},{"damage":27,"enemies":"The Guardian","floor":16,"turns":2}],"seed_played":"-4856109575942973027","potions_obtained":[{"floor":1,"key":"Explosive Potion"},{"floor":5,"key":"Energy Potion"},{"floor":11,"key":"LiquidBronze"}],"is_trial":false,"path_per_floor":["M","?","M","?","M","E","R","M","T","?","M","$","M","M","R","B"],"character_chosen":"DEFECT","items_purchased":["Cold Snap","Capacitor"],"campfire_rested":1,"item_purchase_floors":[12,12],"current_hp_per_floor":[73,73,72,72,67,51,51,34,41,19,16,16,7,1,25,0],"gold":159,"neow_bonus":"REMOVE_CARD","is_prod":false,"is_daily":false,"chose_seed":false,"campfire_upgraded":1,"win_rate":0.0,"timestamp":1568139603,"path_taken":["M","?","?","?","?","E","R","M","T","?","M","$","M","M","R","BOSS"],"build_version":"2019-07-17","purchased_purges":1,"victory":false,"max_hp_per_floor":[75,75,75,75,75,75,75,75,82,82,82,82,82,82,82,82],"card_choices":[{"not_picked":["Rebound","Reinforced Body"],"picked":"Defragment","floor":1},{"not_picked":["Cold Snap","Steam"],"picked":"Capacitor","floor":3},{"not_picked":["Heatsinks","Hologram"],"picked":"Defragment","floor":5},{"not_picked":["Force Field","Darkness"],"picked":"Coolheaded","floor":6},{"not_picked":["Leap","Darkness"],"picked":"Skim","floor":8},{"not_picked":["BootSequence","Chill"],"picked":"Machine Learning","floor":10},{"not_picked":["Steam","Stack"],"picked":"Storm","floor":11},{"not_picked":["FTL","Sweeping Beam"],"picked":"Redo","floor":13},{"not_picked":["Leap","Beam Cell"],"picked":"Loop","floor":14}],"player_experience":23715,"relics_obtained":[{"floor":6,"key":"Matryoshka"},{"floor":9,"key":"Strawberry"},{"floor":9,"key":"Letter Opener"},{"floor":10,"key":"Odd Mushroom"}],"event_choices":[{"damage_healed":0,"gold_gain":0,"player_choice":"Upgraded","damage_taken":0,"max_hp_gain":0,"max_hp_loss":0,"event_name":"Upgrade Shrine","floor":2,"gold_loss":0,"cards_upgraded":["Defragment"]},{"damage_healed":0,"gold_gain":100,"player_choice":"Pray","damage_taken":0,"max_hp_gain":0,"max_hp_loss":0,"event_name":"Golden Shrine","floor":4,"gold_loss":0},{"damage_healed":0,"gold_gain":0,"player_choice":"Fought Mushrooms","damage_taken":0,"max_hp_gain":0,"max_hp_loss":0,"event_name":"Mushrooms","floor":10,"gold_loss":0}],"is_beta":false,"boss_relics":[],"items_purged_floors":[12],"is_endless":false,"potions_floor_spawned":[1,5,11],"killed_by":"The Guardian","ascension_level":0}