{"gold_per_floor":[109,109,184,199,211,211,231,231,304,29,47,57,57,71,71,172,172,192,192,212,212,127,127,144,160,160,172,172],"floor_reached":28,"playtime":2237,"items_purged":["Strike_G"],"score":239,"play_id":"76159e0d-3041-4b66-bb4e-95f0de4d33f7","local_time":"20190810182146","is_ascension_mode":false,"campfire_choices":[{"floor":6,"key":"REST"},{"data":"Blur","floor":8,"key":"SMITH"},{"data":"Blur","floor":15,"key":"SMITH"},{"floor":23,"key":"REST"}],"neow_cost":"NONE","seed_source_timestamp":949222548014545,"circlet_count":0,"master_deck":["Strike_G","Strike_G","Strike_G","Defend_G","Defend_G","Defend_G","Defend_G","Defend_G","Survivor","Neutralize","Poisoned Stab","Poisoned Stab","Slice","Blur+1","Blur+1","Dash","Cloak And Dagger","Poisoned Stab","Die Die Die","Footwork+1","Necronomicurse","Skewer","Predator+1","Terror","Parasite","Predator"],"relics":["Ring of the Snake","Mercury Hourglass","Cursed Key","Necronomicon","Snake Skull","Pear"],"potions_floor_usage":[16,16],"damage_taken":[{"damage":7,"enemies":"2 Louse","floor":1,"turns":3},{"damage":5,"enemies":"Jaw Worm","floor":4,"turns":8},{"damage":0,"enemies":"Cultist","floor":5,"turns":3},{"damage":2,"enemies":"Exordium Wildlife","floor":7,"turns":5},{"damage":3,"enemies":"Lots of Slimes","floor":11,"turns":3},{"damage":0,"enemies":"Looter","floor":12,"turns":3},{"damage":0,"enemies":"Exordium Wildlife","floor":14,"turns":3},{"damage":19,"enemies":"Hexaghost","floor":16,"turns":10},{"damage":0,"enemies":"Shell Parasite","floor":18,"turns":4},{"damage":0,"enemies":"Chosen","floor":20,"turns":4},{"damage":10,"enemies":"Shelled Parasite and Fungi","floor":24,"turns":4},{"damage":22,"enemies":"Centurion and Healer","floor":25,"turns":5},{"damage":23,"enemies":"Snake Plant","floor":27,"turns":4},{"damage":22,"enemies":"Shelled Parasite and Fungi","floor":28,"turns":2}],"seed_played":"196445913912266116","potions_obtained":[{"floor":11,"key":"Explosive Potion"},{"floor":20,"key":"Block Potion"},{"floor":27,"key":"Energy Potion"}],"is_trial":false,"path_per_floor":["M","?","?","M","M","R","M","R","T","$","M","M","?","M","R","B",null,"M","?","M","?","?","R","M","M","T","M","M"],"character_chosen":"THE_SILENT","items_purchased":["Dexterity Potion","Blur","Ancient Potion"],"campfire_rested":2,"item_purchase_floors":[10,10,10],"current_hp_per_floor":[63,63,52,47,47,68,66,66,66,66,63,63,56,56,56,37,70,70,54,54,41,41,63,53,31,41,18,0],"gold":172,"neow_bonus":"REMOVE_CARD","is_prod":false,"is_daily":false,"chose_seed":false,"campfire_upgraded":2,"win_rate":0.0,"timestamp":1565479306,"path_taken":["M","?","?","?","M","R","M","R","T","?","M","M","?","?","R","BOSS","M","?","M","?","?","R","M","?","T","M","M"],"build_version":"2019-07-17","purchased_purges":1,"victory":false,"max_hp_per_floor":[70,70,70,70,70,70,70,70,70,70,70,70,70,70,70,70,70,70,70,70,75,75,75,75,75,85,85,85],"card_choices":[{"not_picked":["Acrobatics","Deadly Poison"],"picked":"Poisoned Stab","floor":1},{"not_picked":["Prepared","Masterful Stab"],"picked":"Poisoned Stab","floor":4},{"not_picked":["Cloak And Dagger","Crippling Poison"],"picked":"Slice","floor":5},{"not_picked":["Reflex","Sucker Punch"],"picked":"Blur","floor":7},{"not_picked":["Backstab","Deadly Poison"],"picked":"Dash","floor":11},{"not_picked":["Accuracy","Unload"],"picked":"Cloak And Dagger","floor":12},{"not_picked":["Acrobatics","Deflect"],"picked":"Poisoned Stab","floor":14},{"not_picked":["Burst","Venomology"],"picked":"Die Die Die","floor":16},{"not_picked":["Blade Dance","Dagger Spray+1"],"picked":"Footwork+1","floor":18},{"not_picked":["Poisoned Stab","Slice"],"picked":"Skewer","floor":20},{"not_picked":["Bane","Acrobatics"],"picked":"Predator+1","floor":24},{"not_picked":["Dagger Throw","PiercingWail"],"picked":"Terror","floor":25},{"not_picked":["A Thousand Cuts","PiercingWail"],"picked":"Predator","floor":27}],"player_experience":108208,"relics_obtained":[{"floor":9,"key":"Mercury Hourglass"},{"floor":19,"key":"Necronomicon"},{"floor":26,"key":"Pear"}],"event_choices":[{"damage_healed":0,"gold_gain":0,"player_choice":"Ignored","damage_taken":0,"max_hp_gain":0,"max_hp_loss":0,"event_name":"Golden Wing","floor":2,"gold_loss":0},{"damage_healed":0,"gold_gain":75,"player_choice":"Gather Gold","damage_taken":11,"max_hp_gain":0,"max_hp_loss":0,"event_name":"World of Goop","floor":3,"gold_loss":0},{"damage_healed":0,"gold_gain":0,"player_choice":"Damaged","damage_taken":7,"max_hp_gain":0,"max_hp_loss":0,"event_name":"Wheel of Change","floor":13,"gold_loss":0},{"damage_healed":0,"gold_gain":0,"player_choice":"Obtained Book","damage_taken":16,"max_hp_gain":0,"max_hp_loss":0,"event_name":"Cursed Tome","floor":19,"gold_loss":0},{"damage_healed":0,"gold_gain":0,"player_choice":"Shed Blood","damage_taken":18,"max_hp_gain":5,"max_hp_loss":0,"event_name":"Forgotten Altar","floor":21,"gold_loss":0},{"damage_healed":0,"gold_gain":0,"player_choice":"Obtained Relic","damage_taken":0,"relics_obtained":["Snake Skull"],"max_hp_gain":0,"max_hp_loss":0,"event_name":"Addict","floor":22,"gold_loss":85}],"is_beta":false,"boss_relics":[{"not_picked":["Ring of the Serpent","Empty Cage"],"picked":"Cursed Key"}],"items_purged_floors":[10],"is_endless":false,"potions_floor_spawned":[11,12,20,27],"killed_by":"Shelled Parasite and Fungi","ascension_level":0}