{"gold_per_floor":[110,127,127,144,155,155,169,169,193,204,204,223,252,252,252,347,347,360,360,372,372],"floor_reached":21,"playtime":589,"items_purged":[],"score":173,"play_id":"b9afe6fb-3ef4-4a10-9ca3-32003deff1b7","local_time":"20190616223528","is_ascension_mode":false,"campfire_choices":[{"data":"Pommel Strike","floor":6,"key":"SMITH"},{"data":"Combust","floor":8,"key":"SMITH"},{"floor":15,"key":"REST"}],"neow_cost":"NONE","seed_source_timestamp":48807017572172,"circlet_count":0,"master_deck":["Strike_R","Strike_R","Strike_R","Strike_R","Strike_R","Defend_R","Defend_R","Defend_R","Defend_R","Bash+1","Power Through","Pommel Strike+1","Thunderclap","Heavy Blade","Combust+1","Iron Wave","Regret","Clothesline","Feel No Pain","Immolate","Infernal Blade+1"],"relics":["Burning Blood","Regal Pillow","Juzu Bracelet","Odd Mushroom","Toxic Egg 2","Busted Crown"],"potions_floor_usage":[16,19,20],"damage_taken":[{"damage":3,"enemies":"Jaw Worm","floor":1,"turns":4},{"damage":0,"enemies":"2 Louse","floor":2,"turns":2},{"damage":10,"enemies":"Small Slimes","floor":4,"turns":4},{"damage":10,"enemies":"Looter","floor":5,"turns":3},{"damage":12,"enemies":"3 Louse","floor":7,"turns":3},{"damage":6,"enemies":"Large Slime","floor":10,"turns":5},{"damage":2,"enemies":"Exordium Wildlife","floor":12,"turns":2},{"damage":13,"enemies":"The Mushroom Lair","floor":13,"turns":3},{"damage":44,"enemies":"Slime Boss","floor":16,"turns":9},{"damage":12,"enemies":"2 Thieves","floor":18,"turns":4},{"damage":47,"enemies":"Colosseum Slavers","floor":19,"turns":6},{"damage":18,"enemies":"Shell Parasite","floor":20,"turns":4},{"damage":21,"enemies":"Centurion and Healer","floor":21,"turns":4}],"seed_played":"-3980524774904477079","potions_obtained":[{"floor":2,"key":"Poison Potion"},{"floor":4,"key":"Block Potion"},{"floor":5,"key":"EssenceOfSteel"}],"is_trial":false,"path_per_floor":["M","M","?","M","M","R","M","R","T","M","?","M","?","T","R","B",null,"M","?","M","M"],"character_chosen":"IRONCLAD","items_purchased":[],"campfire_rested":1,"item_purchase_floors":[],"current_hp_per_floor":[80,80,80,76,72,72,66,66,66,66,66,70,63,63,80,42,80,74,33,21,0],"gold":372,"neow_bonus":"UPGRADE_CARD","is_prod":false,"is_daily":false,"chose_seed":false,"campfire_upgraded":2,"win_rate":0,"timestamp":1560688528,"path_taken":["M","M","?","M","M","R","M","R","T","M","?","M","?","?","R","BOSS","M","?","M","M"],"build_version":"2019-01-23","purchased_purges":0,"victory":false,"max_hp_per_floor":[80,80,80,80,80,80,80,80,80,80,80,80,80,80,80,80,80,80,80,80,80],"card_choices":[{"not_picked":["Anger","Pommel Strike"],"picked":"Power Through","floor":1},{"not_picked":["Iron Wave","Corruption"],"picked":"Pommel Strike","floor":2},{"not_picked":["Heavy Blade","Burning Pact"],"picked":"Thunderclap","floor":4},{"not_picked":["Headbutt","Barricade"],"picked":"Heavy Blade","floor":5},{"not_picked":["Clash","Searing Blow"],"picked":"Combust","floor":7},{"not_picked":["Perfected Strike","Warcry"],"picked":"Iron Wave","floor":10},{"not_picked":["Perfected Strike","Searing Blow"],"picked":"Clothesline","floor":12},{"not_picked":["Clothesline","Flex"],"picked":"Feel No Pain","floor":13},{"not_picked":["Bludgeon","Fiend Fire"],"picked":"Immolate","floor":16},{"not_picked":["Clothesline"],"picked":"SKIP","floor":18},{"not_picked":[],"picked":"Infernal Blade+1","floor":20}],"player_experience":858202,"relics_obtained":[{"floor":9,"key":"Regal Pillow"},{"floor":13,"key":"Odd Mushroom"},{"floor":14,"key":"Toxic Egg 2"}],"event_choices":[{"damage_healed":0,"gold_gain":0,"player_choice":"Leave","damage_taken":0,"max_hp_gain":0,"max_hp_loss":0,"event_name":"The Cleric","floor":3,"gold_loss":0},{"damage_healed":0,"gold_gain":0,"player_choice":"Box","damage_taken":0,"relics_obtained":["Juzu Bracelet"],"max_hp_gain":0,"max_hp_loss":0,"event_name":"Big Fish","floor":11,"gold_loss":0,"cards_obtained":["Regret"]},{"damage_healed":0,"gold_gain":0,"player_choice":"Fought Mushrooms","damage_taken":0,"max_hp_gain":0,"max_hp_loss":0,"event_name":"Mushrooms","floor":13,"gold_loss":0},{"damage_healed":0,"gold_gain":0,"player_choice":"Fight","damage_taken":0,"max_hp_gain":0,"max_hp_loss":0,"event_name":"Colosseum","floor":19,"gold_loss":0},{"damage_healed":0,"gold_gain":0,"player_choice":"Fled From Nobs","damage_taken":0,"max_hp_gain":0,"max_hp_loss":0,"event_name":"Colosseum","floor":19,"gold_loss":0}],"is_beta":false,"boss_relics":[{"not_picked":["Lizard Tail","Velvet Choker"],"picked":"Busted Crown"}],"items_purged_floors":[],"is_endless":false,"potions_floor_spawned":[2,4,5,10,12,13],"killed_by":"Centurion and Healer","ascension_level":0}