{"gold_per_floor":[112,130,145,163,163,163,177,177,177,177,193,193,193,218,218,348,348,373,85,124,142,142,175,175,100,100,114,114,114,149,170,170,289,289,303,93,93,25,150,150,150,150,150,150,150,188,202,102,102,102],"floor_reached":51,"playtime":1500,"items_purged":["Strike_R","Defend_R"],"score":1197,"play_id":"c47b76f6-af51-4ab9-8e15-92219a6e7648","local_time":"20181203012128","is_ascension_mode":true,"campfire_choices":[{"data":"Searing Blow+1","floor":6,"key":"SMITH"},{"data":"Searing Blow+2","floor":8,"key":"SMITH"},{"data":"Searing Blow+3","floor":10,"key":"SMITH"},{"data":"Searing Blow+4","floor":12,"key":"SMITH"},{"data":"Searing Blow+5","floor":15,"key":"SMITH"},{"data":"Searing Blow+6","floor":24,"key":"SMITH"},{"data":"Searing Blow+7","floor":28,"key":"SMITH"},{"data":"Armaments","floor":32,"key":"SMITH"},{"data":"Searing Blow+8","floor":40,"key":"SMITH"},{"data":"Searing Blow+9","floor":41,"key":"SMITH"},{"data":"Searing Blow+10","floor":42,"key":"SMITH"},{"data":"Searing Blow+12","floor":45,"key":"SMITH"},{"data":"Searing Blow+13","floor":49,"key":"SMITH"}],"neow_cost":"NONE","seed_source_timestamp":22201959314125,"circlet_count":0,"master_deck":["AscendersBane","Strike_R","Strike_R","Defend_R","Defend_R","Defend_R","Bash+1","Ghostly Armor","Searing Blow+14","Shrug It Off","Offering","Dropkick","Thunderclap","Armaments+1","Ghostly","Ghostly","Ghostly","Ghostly","Ghostly","Armaments+1","Battle Trance"],"relics":["Burning Blood","Pear","Golden Idol","Empty Cage","Tiny Chest","Red Mask","Ice Cream","Bottled Flame","Mercury Hourglass","Gremlin Horn","Busted Crown","Sling","WingedGreaves","Dead Branch","Happy Flower"],"potions_floor_usage":[16,23,23,33,33,50],"damage_taken":[{"damage":7,"enemies":"Jaw Worm","floor":1,"turns":3},{"damage":4,"enemies":"2 Louse","floor":2,"turns":4},{"damage":21,"enemies":"Small Slimes","floor":3,"turns":5},{"damage":6,"enemies":"Looter","floor":4,"turns":2},{"damage":22,"enemies":"Exordium Thugs","floor":7,"turns":7},{"damage":13,"enemies":"Large Slime","floor":11,"turns":5},{"damage":3,"enemies":"2 Fungi Beasts","floor":14,"turns":5},{"damage":38,"enemies":"The Guardian","floor":16,"turns":8},{"damage":10,"enemies":"Chosen","floor":18,"turns":2},{"damage":18,"enemies":"Masked Bandits","floor":20,"turns":5},{"damage":6,"enemies":"Spheric Guardian","floor":21,"turns":3},{"damage":29,"enemies":"Book of Stabbing","floor":23,"turns":3},{"damage":0,"enemies":"Snake Plant","floor":27,"turns":1},{"damage":17,"enemies":"Slavers","floor":30,"turns":6},{"damage":1,"enemies":"Snecko","floor":31,"turns":5},{"damage":18,"enemies":"Champ","floor":33,"turns":9},{"damage":6,"enemies":"3 Darklings","floor":35,"turns":4},{"damage":6,"enemies":"Mind Bloom Boss Battle","floor":39,"turns":1},{"damage":7,"enemies":"Giant Head","floor":46,"turns":5},{"damage":0,"enemies":"Orb Walker","floor":47,"turns":1},{"damage":2,"enemies":"Time Eater","floor":50,"turns":5}],"seed_played":"2902494054480196217","potions_obtained":[{"floor":1,"key":"Dexterity Potion"},{"floor":11,"key":"SteroidPotion"},{"floor":21,"key":"SteroidPotion"},{"floor":23,"key":"SteroidPotion"},{"floor":30,"key":"EssenceOfSteel"},{"floor":31,"key":"LiquidBronze"},{"floor":33,"key":"PowerPotion"},{"floor":39,"key":"LiquidBronze"}],"is_trial":false,"path_per_floor":["M","M","M","M","?","R","M","R","T","R","M","R","?","M","R","B",null,"M","$","?","M","T","E","R","?","T","M","R","?","E","M","R","B",null,"M","$","?","$","?","R","R","R","T","?","R","E","M","$","R","B",null],"character_chosen":"IRONCLAD","items_purchased":["Dropkick","Thunderclap","Tiny Chest","Sling","Battle Trance"],"campfire_rested":0,"item_purchase_floors":[19,19,19,36,38],"current_hp_per_floor":[71,73,58,58,58,58,42,42,52,52,45,45,45,48,48,16,66,62,62,50,50,50,27,27,27,27,33,33,33,22,27,27,15,35,35,35,41,41,41,41,41,41,41,41,41,40,41,41,41,41],"gold":102,"neow_bonus":"UPGRADE_CARD","is_prod":false,"is_daily":false,"chose_seed":false,"campfire_upgraded":13,"win_rate":0,"timestamp":1543818088,"path_taken":["M","M","M","M","?","R","M","R","T","R","M","R","?","M","R","BOSS","M","$","?","M","?","E","R","?","T","M","R","?","E","M","R","BOSS","M","$","?","?","?","R","R","R","T","?","R","E","?","$","R","BOSS"],"build_version":"2018-11-15","purchased_purges":2,"victory":true,"max_hp_per_floor":[80,80,80,80,80,80,80,80,90,90,90,90,83,83,83,83,83,83,83,83,83,83,83,83,83,83,83,83,41,41,41,41,41,41,41,41,41,41,41,41,41,41,41,41,41,41,41,41,41,41],"card_choices":[{"not_picked":["Disarm","Heavy Blade"],"picked":"Ghostly Armor","floor":1},{"not_picked":["Dual Wield","Twin Strike"],"picked":"Perfected Strike","floor":2},{"not_picked":["Clash","Fire Breathing"],"picked":"Searing Blow","floor":3},{"not_picked":["Pummel","Havoc","Pommel Strike"],"picked":"SKIP","floor":4},{"not_picked":["Havoc","Thunderclap"],"picked":"Shrug It Off","floor":7},{"not_picked":["True Grit","Perfected Strike","Immolate"],"picked":"SKIP","floor":11},{"not_picked":["True Grit","Burning Pact","Sword Boomerang"],"picked":"SKIP","floor":14},{"not_picked":["Immolate","Reaper"],"picked":"Offering","floor":16},{"not_picked":["Disarm","Sentinel","Shrug It Off"],"picked":"SKIP","floor":18},{"not_picked":["Thunderclap","Cleave"],"picked":"Whirlwind","floor":20},{"not_picked":["Metallicize","Cleave","Clothesline"],"picked":"SKIP","floor":21},{"not_picked":["Sentinel","Fiend Fire","Body Slam+1"],"picked":"SKIP","floor":23},{"not_picked":["Headbutt","Anger"],"picked":"Armaments+1","floor":27},{"not_picked":["Wild Strike","Demon Form","Sever Soul"],"picked":"SKIP","floor":30},{"not_picked":["Perfected Strike","Power Through"],"picked":"Armaments","floor":31},{"not_picked":["Disarm"],"picked":"SKIP","floor":35},{"not_picked":["Body Slam"],"picked":"SKIP","floor":46},{"not_picked":["Dual Wield"],"picked":"SKIP","floor":47}],"player_experience":781756,"relics_obtained":[{"floor":9,"key":"Pear"},{"floor":20,"key":"Red Mask"},{"floor":22,"key":"Ice Cream"},{"floor":23,"key":"Bottled Flame"},{"floor":26,"key":"Mercury Hourglass"},{"floor":30,"key":"Gremlin Horn"},{"floor":39,"key":"WingedGreaves"},{"floor":43,"key":"Dead Branch"},{"floor":46,"key":"Happy Flower"}],"event_choices":[{"damage_healed":0,"gold_gain":0,"player_choice":"Grow","damage_taken":0,"max_hp_gain":0,"max_hp_loss":0,"event_name":"Living Wall","floor":5,"gold_loss":0,"cards_upgraded":["Searing Blow"]},{"damage_healed":0,"gold_gain":0,"player_choice":"Lose Max HP","damage_taken":0,"relics_obtained":["Golden Idol"],"max_hp_gain":0,"max_hp_loss":7,"event_name":"Golden Idol","floor":13,"gold_loss":0},{"damage_healed":0,"gold_gain":0,"player_choice":"Fought Bandits","damage_taken":0,"max_hp_gain":0,"max_hp_loss":0,"event_name":"Masked Bandits","floor":20,"gold_loss":0},{"cards_removed":["Perfected Strike"],"damage_healed":0,"gold_gain":0,"player_choice":"Gave Gold","damage_taken":0,"max_hp_gain":0,"max_hp_loss":0,"event_name":"Beggar","floor":25,"gold_loss":75},{"damage_healed":0,"gold_gain":0,"player_choice":"Became a Ghost","damage_taken":0,"max_hp_gain":0,"max_hp_loss":42,"event_name":"Ghosts","floor":29,"gold_loss":0,"cards_obtained":["Ghostly","Ghostly","Ghostly","Ghostly","Ghostly"]},{"cards_removed":["Whirlwind"],"damage_healed":6,"gold_gain":0,"player_choice":"Offered Uncommon","damage_taken":0,"max_hp_gain":0,"max_hp_loss":0,"event_name":"Bonfire Elementals","floor":37,"gold_loss":0},{"damage_healed":0,"gold_gain":0,"player_choice":"Fight","damage_taken":0,"max_hp_gain":0,"max_hp_loss":0,"event_name":"MindBloom","floor":39,"gold_loss":0},{"damage_healed":0,"gold_gain":0,"player_choice":"Forge","damage_taken":0,"max_hp_gain":0,"max_hp_loss":0,"event_name":"Accursed Blacksmith","floor":44,"gold_loss":0,"cards_upgraded":["Searing Blow"]}],"is_beta":false,"boss_relics":[{"not_picked":["Orrery","Eternal Feather"],"picked":"Empty Cage"},{"not_picked":["Mark of Pain","Cursed Key"],"picked":"Busted Crown"}],"items_purged_floors":[19,48],"is_endless":false,"potions_floor_spawned":[1,11,14,21,23,30,31,33,39],"ascension_level":12}