{"gold_per_floor":[115,115,135,18,29,29,56,56,56,84,96,96,76,86,86,187,187,205,205,216,216,226,226,240,240,265,265,315,10,10,22,22,22],"floor_reached":33,"playtime":1192,"items_purged":["Decay"],"score":408,"play_id":"24be2a9c-f677-4bf3-b5a9-c9f764ccc46c","local_time":"20190702015431","is_ascension_mode":true,"campfire_choices":[{"data":"Pommel Strike","floor":6,"key":"SMITH"},{"data":"Clothesline","floor":8,"key":"SMITH"},{"floor":12,"key":"REST"},{"data":"Limit Break","floor":15,"key":"SMITH"},{"floor":23,"key":"REST"},{"floor":25,"key":"REST"},{"data":"Seeing Red","floor":30,"key":"SMITH"},{"data":"Infernal Blade","floor":32,"key":"SMITH"}],"neow_cost":"NONE","seed_source_timestamp":48119779647410,"circlet_count":0,"master_deck":["AscendersBane","Strike_R","Strike_R","Strike_R","Strike_R","Strike_R","Defend_R","Defend_R","Defend_R","Defend_R","Bash","Hemokinesis+1","Spot Weakness","Headbutt","Infernal Blade+1","Pommel Strike+1","Clothesline+1","Limit Break+1","Ghostly Armor","Pummel","Immolate","Armaments+1","Necronomicurse","Feel No Pain","Seeing Red+1","Burning Pact"],"relics":["Burning Blood","Centennial Puzzle","Incense Burner","Calipers","Bag of Marbles","Mark of Pain","Necronomicon","Juzu Bracelet","SsserpentHead","Bronze Scales"],"potions_floor_usage":[16,21,31,33,33],"damage_taken":[{"damage":15,"enemies":"Small Slimes","floor":1,"turns":3},{"damage":2,"enemies":"Cultist","floor":3,"turns":3},{"damage":9,"enemies":"Jaw Worm","floor":5,"turns":2},{"damage":30,"enemies":"Gremlin Nob","floor":7,"turns":4},{"damage":27,"enemies":"Lagavulin","floor":10,"turns":6},{"damage":5,"enemies":"Red Slaver","floor":11,"turns":4},{"damage":1,"enemies":"2 Fungi Beasts","floor":14,"turns":3},{"damage":38,"enemies":"The Guardian","floor":16,"turns":10},{"damage":26,"enemies":"Shell Parasite","floor":18,"turns":6},{"damage":0,"enemies":"2 Thieves","floor":20,"turns":1},{"damage":18,"enemies":"Colosseum Slavers","floor":21,"turns":4},{"damage":13,"enemies":"Centurion and Healer","floor":22,"turns":5},{"damage":15,"enemies":"Snake Plant","floor":24,"turns":4},{"damage":15,"enemies":"3 Cultists","floor":31,"turns":4},{"damage":47,"enemies":"Champ","floor":33,"turns":6}],"seed_played":"7752102853276428618","potions_obtained":[{"floor":11,"key":"FearPotion"},{"floor":13,"key":"LiquidBronze"},{"floor":16,"key":"GamblersBrew"},{"floor":24,"key":"GamblersBrew"},{"floor":31,"key":"Poison Potion"}],"is_trial":false,"path_per_floor":["M","?","M","$","M","R","E","R","T","E","M","R","?","M","R","B",null,"M","?","M","?","M","R","M","R","T","?","?","$","R","M","R","B"],"character_chosen":"IRONCLAD","items_purchased":["Headbutt","Infernal Blade","Seeing Red","Bronze Scales"],"campfire_rested":3,"item_purchase_floors":[4,4,29,29],"current_hp_per_floor":[63,63,67,67,64,64,40,40,40,19,20,44,44,49,49,17,64,44,28,34,22,15,39,30,54,54,54,54,54,54,45,45,0],"gold":22,"neow_bonus":"RANDOM_COMMON_RELIC","is_prod":false,"is_daily":false,"chose_seed":false,"campfire_upgraded":5,"win_rate":0,"timestamp":1561996471,"path_taken":["M","?","M","$","M","R","E","R","T","E","?","R","?","?","R","BOSS","M","?","M","?","M","R","M","R","T","?","?","$","R","M","R","BOSS"],"build_version":"2019-01-23","purchased_purges":1,"victory":false,"max_hp_per_floor":[80,80,80,80,80,80,80,80,80,80,80,80,80,80,80,80,80,80,80,80,80,80,80,80,80,80,80,80,80,80,80,80,80],"card_choices":[{"not_picked":["Cleave","Clothesline"],"picked":"Hemokinesis","floor":1},{"not_picked":["Sword Boomerang","Thunderclap"],"picked":"Spot Weakness","floor":3},{"not_picked":["Headbutt","Body Slam"],"picked":"Pommel Strike","floor":5},{"not_picked":["Havoc","Power Through"],"picked":"Clothesline","floor":7},{"not_picked":["Infernal Blade","Body Slam"],"picked":"Limit Break","floor":10},{"not_picked":["Rampage","Fire Breathing"],"picked":"Ghostly Armor","floor":11},{"not_picked":["Intimidate","True Grit"],"picked":"Pummel","floor":14},{"not_picked":["Bludgeon","Limit Break"],"picked":"Immolate","floor":16},{"not_picked":["Pommel Strike","Pummel+1"],"picked":"Armaments+1","floor":18},{"not_picked":["Hemokinesis","Headbutt","Clothesline"],"picked":"SKIP","floor":20},{"not_picked":["Combust","Clothesline","Havoc"],"picked":"SKIP","floor":22},{"not_picked":["Disarm","Clash"],"picked":"Feel No Pain","floor":24},{"not_picked":["Metallicize","Evolve"],"picked":"Burning Pact","floor":31}],"player_experience":882086,"relics_obtained":[{"floor":7,"key":"Incense Burner"},{"floor":9,"key":"Calipers"},{"floor":10,"key":"Bag of Marbles"},{"floor":19,"key":"Necronomicon"},{"floor":26,"key":"Juzu Bracelet"}],"event_choices":[{"damage_healed":0,"gold_gain":0,"player_choice":"Upgraded","damage_taken":0,"max_hp_gain":0,"max_hp_loss":0,"event_name":"Upgrade Shrine","floor":2,"gold_loss":0,"cards_upgraded":["Hemokinesis"]},{"damage_healed":0,"gold_gain":0,"player_choice":"Bought 1 Potion","damage_taken":0,"max_hp_gain":0,"max_hp_loss":0,"event_name":"The Woman in Blue","floor":13,"gold_loss":0},{"damage_healed":0,"gold_gain":0,"player_choice":"Obtained Book","damage_taken":16,"max_hp_gain":0,"max_hp_loss":0,"event_name":"Cursed Tome","floor":19,"gold_loss":0},{"damage_healed":0,"gold_gain":0,"player_choice":"Fight","damage_taken":0,"max_hp_gain":0,"max_hp_loss":0,"event_name":"Colosseum","floor":21,"gold_loss":0},{"damage_healed":0,"gold_gain":0,"player_choice":"Fled From Nobs","damage_taken":0,"max_hp_gain":0,"max_hp_loss":0,"event_name":"Colosseum","floor":21,"gold_loss":0},{"damage_healed":0,"gold_gain":0,"player_choice":"Trade","damage_taken":0,"relics_obtained":["SsserpentHead"],"max_hp_gain":0,"max_hp_loss":0,"event_name":"FaceTrader","floor":27,"gold_loss":0},{"damage_healed":0,"gold_gain":0,"player_choice":"Cursed","damage_taken":0,"max_hp_gain":0,"max_hp_loss":0,"event_name":"Wheel of Change","floor":28,"gold_loss":0,"cards_obtained":["Decay"]}],"is_beta":false,"boss_relics":[{"not_picked":["Runic Cube","Black Blood"],"picked":"Mark of Pain"}],"items_purged_floors":[29],"is_endless":false,"potions_floor_spawned":[11,16,18,24,31],"killed_by":"Champ","ascension_level":12}