{"gold_per_floor":[117,137,137,152,171,171,196,1,1,1,1,0,30,43,43,121,121,121,121,121,121,121,121,121,121,121,121,121,121,121,46,46,46],"floor_reached":33,"playtime":2213,"items_purged":["Decay"],"score":598,"play_id":"6a8a7cb8-600a-467a-9e20-977b141369b2","local_time":"20190506013404","is_ascension_mode":true,"campfire_choices":[{"data":"Predator","floor":6.0,"key":"SMITH"},{"data":"Dash","floor":11.0,"key":"SMITH"},{"data":"Deadly Poison","floor":15.0,"key":"SMITH"},{"floor":28.0,"key":"REST"},{"floor":32.0,"key":"REST"}],"neow_cost":"NONE","seed_source_timestamp":1003382631925413,"circlet_count":0,"master_deck":["AscendersBane","Defend_G","Defend_G","Defend_G","Defend_G","Defend_G","Strike_G","Strike_G","Strike_G","Strike_G","Strike_G","Survivor","Neutralize+1","Predator+1","Bane+1","Dagger Throw+1","Dash+1","Backflip","Finisher","Deadly Poison+1","Crippling Poison","Leg Sweep","Adrenaline","Cloak And Dagger+1","Noxious Fumes","Footwork","Endless Agony+1","Deflect","Wraith Form v2","Catalyst"],"special_seed":0,"relics":["Ring of the Snake","Vajra","Bag of Marbles","Whetstone","Question Card","Ectoplasm","Singing Bowl","Mercury Hourglass","Dodecahedron"],"potions_floor_usage":[33],"damage_taken":[{"damage":1.0,"enemies":"Small Slimes","floor":1.0,"turns":4.0},{"damage":0.0,"enemies":"2 Louse","floor":2.0,"turns":3.0},{"damage":0.0,"enemies":"Jaw Worm","floor":4.0,"turns":5.0},{"damage":5.0,"enemies":"Blue Slaver","floor":5.0,"turns":5.0},{"damage":25.0,"enemies":"Lagavulin","floor":7.0,"turns":8.0},{"damage":10.0,"enemies":"3 Sentries","floor":13.0,"turns":6.0},{"damage":0.0,"enemies":"Red Slaver","floor":14.0,"turns":2.0},{"damage":19.0,"enemies":"Hexaghost","floor":16.0,"turns":10.0},{"damage":8.0,"enemies":"Spheric Guardian","floor":18.0,"turns":4.0},{"damage":0.0,"enemies":"Chosen","floor":19.0,"turns":3.0},{"damage":15.0,"enemies":"Shelled Parasite and Fungi","floor":20.0,"turns":7.0},{"damage":4.0,"enemies":"Snecko","floor":22.0,"turns":5.0},{"damage":5.0,"enemies":"Book of Stabbing","floor":23.0,"turns":4.0},{"damage":4.0,"enemies":"Centurion and Healer","floor":24.0,"turns":3.0},{"damage":2.0,"enemies":"Sentry and Sphere","floor":27.0,"turns":5.0},{"damage":19.0,"enemies":"Chosen and Byrds","floor":29.0,"turns":5.0},{"damage":13.0,"enemies":"Slavers","floor":30.0,"turns":3.0},{"damage":39,"enemies":"Champ","floor":33,"turns":12}],"seed_played":"-1047419384059929921","potions_obtained":[{"floor":1.0,"key":"Strength Potion"},{"floor":5.0,"key":"Swift Potion"},{"floor":16.0,"key":"Weak Potion"},{"floor":18.0,"key":"SkillPotion"},{"floor":20.0,"key":"Strength Potion"},{"floor":23.0,"key":"Block Potion"},{"floor":27.0,"key":"FearPotion"},{"floor":29.0,"key":"Fire Potion"},{"floor":30.0,"key":"Energy Potion"}],"is_trial":false,"path_per_floor":["M","M","?","M","M","R","E","$","T","?","R","?","E","M","R","B",null,"M","M","M","?","M","E","M","?","T","M","R","M","E","$","R","B"],"character_chosen":"THE_SILENT","items_purchased":["Bag of Marbles","Deadly Poison"],"campfire_rested":2,"item_purchase_floors":[8,8],"current_hp_per_floor":[58,58,63,63,58,58,33,33,33,33,33,33,23,23,23,4,54,46,46,31,31,27,24,20,20,20,18,39,20,9,9,31,0],"gold":46,"neow_bonus":"THREE_CARDS","is_prod":false,"is_daily":false,"chose_seed":false,"campfire_upgraded":3,"win_rate":0,"timestamp":1557120844,"path_taken":["M","M","?","M","M","R","E","$","T","?","R","?","E","M","R","BOSS","M","M","M","?","M","E","M","?","T","M","R","M","E","$","R","BOSS"],"build_version":"2019-01-23","purchased_purges":1,"victory":false,"max_hp_per_floor":[66,66,71,71,71,71,71,71,71,71,71,71,71,71,71,71,71,71,71,71,71,71,73,73,73,73,73,73,73,75,75,75,75],"card_choices":[{"not_picked":["Finisher","Catalyst"],"picked":"Predator","floor":0.0},{"not_picked":["Reflex","Outmaneuver"],"picked":"Bane","floor":1.0},{"not_picked":["Catalyst","Distraction"],"picked":"Dagger Throw","floor":2.0},{"not_picked":["Slice","Bane"],"picked":"Dash","floor":4.0},{"not_picked":["Setup","Envenom"],"picked":"Backflip","floor":5.0},{"not_picked":["Blade Dance","Bane"],"picked":"Finisher","floor":7.0},{"not_picked":["PiercingWail","Slice"],"picked":"Crippling Poison","floor":13.0},{"not_picked":["Sucker Punch","Endless Agony","Deadly Poison"],"picked":"Leg Sweep","floor":14.0},{"not_picked":["Die Die Die","Malaise","Night Terror"],"picked":"Adrenaline","floor":16.0},{"not_picked":["Prepared","Setup","Bouncing Flask"],"picked":"Cloak And Dagger+1","floor":18.0},{"not_picked":["Dagger Spray","Tactician","PiercingWail"],"picked":"Noxious Fumes","floor":19.0},{"not_picked":["Flechettes","Endless Agony","Blur"],"picked":"Footwork","floor":20.0},{"not_picked":["Blade Dance","Deadly Poison","Underhanded Strike"],"picked":"Endless Agony+1","floor":22.0},{"not_picked":["Dodge and Roll","Bouncing Flask","All Out Attack","Poisoned Stab"],"picked":"Singing Bowl","floor":23.0},{"not_picked":["Accuracy","Slice","Quick Slash"],"picked":"Deflect","floor":24.0},{"not_picked":["All Out Attack","Dagger Throw","Crippling Poison"],"picked":"Wraith Form v2","floor":27.0},{"not_picked":["Accuracy","Setup","Sucker Punch"],"picked":"Catalyst","floor":29.0},{"not_picked":["Blade Dance","Dash","Sucker Punch","Flying Knee"],"picked":"Singing Bowl","floor":30.0}],"player_experience":1437558,"relics_obtained":[{"floor":7.0,"key":"Vajra"},{"floor":9.0,"key":"Whetstone"},{"floor":13.0,"key":"Question Card"},{"floor":23.0,"key":"Singing Bowl"},{"floor":26.0,"key":"Mercury Hourglass"},{"floor":30.0,"key":"Dodecahedron"}],"event_choices":[{"damage_healed":0.0,"max_hp_gain":5.0,"max_hp_loss":0.0,"gold_gain":0.0,"event_name":"Big Fish","player_choice":"Donut","floor":3.0,"gold_loss":0.0,"damage_taken":0.0},{"damage_healed":0.0,"max_hp_gain":0.0,"max_hp_loss":0.0,"gold_gain":0.0,"event_name":"Living Wall","player_choice":"Grow","floor":10.0,"gold_loss":0.0,"damage_taken":0.0,"cards_upgraded":["Bane"]},{"damage_healed":0.0,"max_hp_gain":0.0,"max_hp_loss":0.0,"gold_gain":0.0,"event_name":"World of Goop","player_choice":"Left Gold","floor":12.0,"gold_loss":1.0,"damage_taken":0.0},{"damage_healed":0.0,"max_hp_gain":0.0,"max_hp_loss":0.0,"gold_gain":0.0,"event_name":"Beggar","player_choice":"Ignored","floor":21.0,"gold_loss":0.0,"damage_taken":0.0},{"damage_healed":0.0,"max_hp_gain":0.0,"max_hp_loss":0.0,"gold_gain":0.0,"event_name":"Forgotten Altar","player_choice":"Smashed Altar","floor":25.0,"gold_loss":0.0,"damage_taken":0.0,"cards_obtained":["Decay"]}],"is_beta":false,"boss_relics":[{"not_picked":["Velvet Choker","Lizard Tail"],"picked":"Ectoplasm"}],"items_purged_floors":[31],"is_endless":false,"potions_floor_spawned":[1,5,16,18,20,23,27,29,30],"killed_by":"Champ","ascension_level":20}