{"gold_per_floor":[18,18,92,108,28,55,65,65,91,91,91,108,137,154,154,252,252,268,287,287,132,11,46,46,46,71,81,81,108,0,19,19,120,120,133,133,133,58,58,89,108,133,158,158,175,190,204,204,204,204],"floor_reached":51,"playtime":5412,"items_purged":["Defend_B"],"score":738,"play_id":"4eb2714e-e9d8-4e10-9e78-eb9b8d879f0c","local_time":"20190214174728","is_ascension_mode":true,"campfire_choices":[{"data":"Coolheaded","floor":8,"key":"SMITH"},{"data":"Go for the Eyes","floor":10,"key":"SMITH"},{"floor":15,"key":"REST"},{"floor":24,"key":"REST"},{"data":"Creative AI","floor":28,"key":"SMITH"},{"floor":32,"key":"REST"},{"floor":44,"key":"REST"},{"floor":49,"key":"REST"}],"neow_cost":"NO_GOLD","seed_source_timestamp":158541698146400,"circlet_count":0,"master_deck":["Strike_B","Strike_B","Strike_B","Strike_B","Defend_B","Defend_B","Defend_B","Zap","Dualcast","Biased Cognition","Melter","Go for the Eyes+1","Streamline","Beam Cell","Coolheaded+1","Scrape","Gash","Creative AI+1","Loop","Steam","Self Repair","Steam","Reinforced Body","Necronomicurse","Stack+1","Double Energy","Fission","Rebound+1","Defragment","Doom and Gloom+1"],"relics":["FrozenCore","Orichalcum","Boot","CultistMask","Mummified Hand","Bag of Preparation","Bottled Tornado","Necronomicon","Bronze Scales","Dodecahedron","Sozu","Du-Vu Doll","Lantern","Ancient Tea Set","Blood Vial"],"potions_floor_usage":[13,31,50,50],"damage_taken":[{"damage":0,"enemies":"Small Slimes","floor":1,"turns":2},{"damage":1,"enemies":"Cultist","floor":4,"turns":3},{"damage":26,"enemies":"3 Sentries","floor":6,"turns":6},{"damage":0,"enemies":"2 Louse","floor":7,"turns":2},{"damage":0,"enemies":"Exordium Thugs","floor":12,"turns":3},{"damage":8,"enemies":"Lagavulin","floor":13,"turns":6},{"damage":0,"enemies":"3 Louse","floor":14,"turns":2},{"damage":21,"enemies":"The Guardian","floor":16,"turns":10},{"damage":4,"enemies":"3 Byrds","floor":18,"turns":5},{"damage":10,"enemies":"Spheric Guardian","floor":19,"turns":4},{"damage":29,"enemies":"Gremlin Leader","floor":23,"turns":9},{"damage":10,"enemies":"3 Cultists","floor":27,"turns":5},{"damage":7,"enemies":"Book of Stabbing","floor":29,"turns":5},{"damage":5,"enemies":"Centurion and Healer","floor":31,"turns":6},{"damage":20,"enemies":"Collector","floor":33,"turns":14},{"damage":0,"enemies":"3 Darklings","floor":35,"turns":6},{"damage":3,"enemies":"Nemesis","floor":40,"turns":7},{"damage":10,"enemies":"3 Shapes","floor":41,"turns":5},{"damage":50,"enemies":"Giant Head","floor":42,"turns":10},{"damage":23,"enemies":"Transient","floor":45,"turns":5},{"damage":10,"enemies":"4 Shapes","floor":46,"turns":6},{"damage":7,"enemies":"Spire Growth","floor":47,"turns":7},{"damage":48,"enemies":"Donu and Deca","floor":50,"turns":8}],"seed_played":"265485432766786205","potions_obtained":[{"floor":1,"key":"LiquidBronze"},{"floor":4,"key":"Explosive Potion"},{"floor":7,"key":"Regen Potion"},{"floor":16,"key":"SteroidPotion"},{"floor":19,"key":"Dexterity Potion"},{"floor":29,"key":"Poison Potion"},{"floor":31,"key":"Strength Potion"}],"is_trial":false,"path_per_floor":["M","?","?","M","$","E","M","R","T","R","?","M","E","M","R","B",null,"M","M","?","$","$","E","R","?","T","M","R","E","?","M","R","B",null,"M","?","?","$","T","E","M","E","T","R","M","M","M","?","R","B",null],"character_chosen":"DEFECT","items_purchased":["Streamline","Beam Cell","Bag of Preparation","Self Repair","Steam"],"campfire_rested":5,"item_purchase_floors":[5,5,21,22,22],"current_hp_per_floor":[75,75,75,74,74,48,48,48,48,48,48,48,55,55,75,54,75,71,61,61,61,61,39,61,45,45,42,42,42,42,44,66,53,75,75,75,75,75,75,75,72,29,29,51,37,36,38,38,59,20],"gold":204,"neow_bonus":"THREE_RARE_CARDS","is_prod":false,"is_daily":false,"chose_seed":false,"campfire_upgraded":3,"win_rate":1,"timestamp":1550195248,"path_taken":["M","?","?","M","$","E","M","R","T","R","?","M","E","M","R","BOSS","M","?","?","?","$","E","R","?","T","M","R","E","?","?","R","BOSS","M","?","?","$","?","E","?","E","T","R","M","M","M","?","R","BOSS"],"build_version":"2019-01-23","purchased_purges":1,"victory":true,"max_hp_per_floor":[75,75,75,75,75,75,75,75,75,75,75,75,75,75,75,75,75,75,75,75,75,75,75,75,75,75,75,75,75,75,75,75,75,75,75,75,75,75,75,75,75,75,75,75,75,75,75,71,71,71],"card_choices":[{"not_picked":["Amplify","Meteor Strike"],"picked":"Biased Cognition","floor":0},{"not_picked":["Ball Lightning","Beam Cell"],"picked":"Melter","floor":1},{"not_picked":["Leap","Heatsinks"],"picked":"Go for the Eyes","floor":4},{"not_picked":["Beam Cell","Ball Lightning"],"picked":"Coolheaded","floor":6},{"not_picked":["Darkness","Cold Snap"],"picked":"Scrape","floor":7},{"not_picked":["Rebound","Go for the Eyes"],"picked":"Gash","floor":12},{"not_picked":["Steam Power","Redo","Doom and Gloom"],"picked":"SKIP","floor":13},{"not_picked":["Go for the Eyes","Force Field","Aggregate"],"picked":"SKIP","floor":14},{"not_picked":["Amplify","Biased Cognition"],"picked":"Creative AI","floor":16},{"not_picked":["Blizzard","Beam Cell+1"],"picked":"Loop","floor":18},{"not_picked":["Ball Lightning","Conserve Battery+1"],"picked":"Steam","floor":19},{"not_picked":["Leap","Chill"],"picked":"Reinforced Body","floor":23},{"not_picked":["Beam Cell","Gash"],"picked":"Stack+1","floor":27},{"not_picked":["Conserve Battery","Beam Cell+1"],"picked":"Double Energy","floor":29},{"not_picked":["Conserve Battery+1","Compile Driver+1"],"picked":"Fission","floor":31},{"not_picked":["Lockon+1","Compile Driver"],"picked":"Rebound+1","floor":35},{"not_picked":["Blizzard","Double Energy"],"picked":"Defragment","floor":40},{"not_picked":["Stack+1","Go for the Eyes","Beam Cell+1"],"picked":"SKIP","floor":41},{"not_picked":["Leap+1","Doom and Gloom","Ball Lightning"],"picked":"SKIP","floor":42},{"not_picked":["Sweeping Beam+1","Self Repair","Go for the Eyes+1"],"picked":"SKIP","floor":45},{"not_picked":["Sweeping Beam","Conserve Battery","Heatsinks"],"picked":"SKIP","floor":46},{"not_picked":["Electrodynamics","Streamline"],"picked":"Doom and Gloom+1","floor":47}],"player_experience":36451,"relics_obtained":[{"floor":6,"key":"Orichalcum"},{"floor":9,"key":"Boot"},{"floor":13,"key":"Mummified Hand"},{"floor":23,"key":"Bottled Tornado"},{"floor":25,"key":"Necronomicon"},{"floor":26,"key":"Bronze Scales"},{"floor":29,"key":"Dodecahedron"},{"floor":39,"key":"Du-Vu Doll"},{"floor":40,"key":"Lantern"},{"floor":42,"key":"Ancient Tea Set"},{"floor":43,"key":"Blood Vial"}],"event_choices":[{"damage_healed":0,"gold_gain":0,"player_choice":"Leave","damage_taken":0,"max_hp_gain":0,"max_hp_loss":0,"event_name":"The Cleric","floor":2,"gold_loss":0},{"damage_healed":0,"gold_gain":74,"player_choice":"Gained Gold","damage_taken":0,"max_hp_gain":0,"max_hp_loss":0,"event_name":"Golden Wing","floor":3,"gold_loss":0},{"damage_healed":0,"gold_gain":0,"player_choice":"Trade","damage_taken":0,"relics_obtained":["CultistMask"],"max_hp_gain":0,"max_hp_loss":0,"event_name":"FaceTrader","floor":11,"gold_loss":0},{"damage_healed":0,"gold_gain":0,"player_choice":"Bought 0 Potions","damage_taken":0,"max_hp_gain":0,"max_hp_loss":0,"event_name":"The Woman in Blue","floor":20,"gold_loss":0},{"damage_healed":0,"gold_gain":0,"player_choice":"Obtained Book","damage_taken":16,"max_hp_gain":0,"max_hp_loss":0,"event_name":"Cursed Tome","floor":25,"gold_loss":0},{"damage_healed":0,"gold_gain":0,"player_choice":"Paid Fearfully","damage_taken":0,"max_hp_gain":0,"max_hp_loss":0,"event_name":"Masked Bandits","floor":30,"gold_loss":108},{"damage_healed":0,"gold_gain":0,"player_choice":"Ignored","damage_taken":0,"max_hp_gain":0,"max_hp_loss":0,"event_name":"Tomb of Lord Red Mask","floor":36,"gold_loss":0},{"damage_healed":0,"gold_gain":0,"player_choice":"Ignored","damage_taken":0,"max_hp_gain":0,"max_hp_loss":0,"event_name":"Mysterious Sphere","floor":37,"gold_loss":0},{"damage_healed":0,"gold_gain":0,"player_choice":"Max HP","damage_taken":0,"max_hp_gain":0,"max_hp_loss":4,"event_name":"Winding Halls","floor":48,"gold_loss":0}],"is_beta":false,"boss_relics":[{"not_picked":["Philosopher\u0027s Stone","Inserter"],"picked":"FrozenCore"},{"not_picked":["Empty Cage","Cursed Key"],"picked":"Sozu"}],"items_purged_floors":[38],"is_endless":false,"potions_floor_spawned":[1,4,7,16,19,29,31,42,45],"ascension_level":1}