{"path_per_floor":["M","T","?","M","?","R","M","E","T","M","M","$","?","M","R","B",null,"M","?","$","?","?","E","M","R","T","E","$","M","E","M","R","B",null,"M","M","?","?","$","R","E","?","T","M","M","T","$","M","R"],"character_chosen":"THE_SILENT","items_purchased":["Backflip","Acrobatics","Prepared","Whetstone"],"gold_per_floor":[109,109,59,74,74,74,92,136,136,161,177,51,51,75,75,203,203,226,226,81,81,81,119,133,133,133,174,49,70,108,121,121,249,249,263,279,279,279,75,75,109,442,442,458,478,478,160,177,177,177],"floor_reached":50,"campfire_rested":4,"playtime":3888,"current_hp_per_floor":[35,35,35,35,35,54,54,41,41,40,40,40,40,40,59,32,65,65,65,65,65,49,27,13,32,32,22,22,22,19,19,38,38,65,65,65,75,75,75,75,75,75,75,63,56,56,56,47,47,0],"items_purged":["Defend_G","Strike_G","Strike_G","Injury","Defend_G"],"gold":177,"score":717,"play_id":"cc2b80ac-2fef-405c-a507-55123a405322","local_time":"20180326233933","is_prod":false,"is_daily":false,"is_ascension_mode":true,"campfire_upgraded":0,"timestamp":1522121973,"path_taken":["M","?","?","M","?","R","M","E","T","?","M","$","?","M","R","BOSS","M","?","$","?","?","E","M","R","T","E","$","M","E","?","R","BOSS","M","M","?","?","$","R","E","?","T","M","M","?","?","M","R","BOSS"],"build_version":"2018-03-22v2","purchased_purges":5,"victory":false,"master_deck":["Defend_G","Defend_G+1","Strike_G","Survivor","Neutralize","Backflip+1","Escape Plan","Dash+1","Dagger Throw","Dagger Throw","Calculated Gamble+1","Dagger Throw","Quick Slash+1","Backflip","Escape Plan+1","Acrobatics","Necronomicurse","Predator+1","Parasite","Predator","After Image","Adrenaline","Quick Slash+1","Quick Slash","Prepared","Acrobatics+1","Regret","Prepared","Concentrate+1","Writhe","Quick Slash+1"],"max_hp_per_floor":[70,70,70,70,65,65,65,65,65,65,65,65,65,65,65,65,65,65,65,65,65,65,65,65,65,65,65,65,65,65,65,65,65,65,65,65,75,75,75,75,75,75,75,75,75,75,75,75,75,75],"relics":["Ring of the Snake","Sundial","Ice Cream","Blue Candle","Cursed Key","Necronomicon","Prayer Wheel","Girya","Dead Branch","War Paint","Sozu","Gambling Chip","Unceasing Top","Peace Pipe","Whetstone"],"card_choices":[{"not_picked":["Outmaneuver","Backflip"],"picked":"Dash","floor":1},{"not_picked":["Blur","Choke"],"picked":"Dagger Throw","floor":4},{"not_picked":["Catalyst","Poisoned Stab"],"picked":"Dagger Throw","floor":7},{"not_picked":["Acrobatics","Footwork"],"picked":"Calculated Gamble","floor":8},{"not_picked":["All Out Attack","Accuracy"],"picked":"Dagger Throw","floor":10},{"not_picked":["Die Die Die","Dodge and Roll"],"picked":"Quick Slash","floor":11},{"not_picked":["Grand Finale","Envenom"],"picked":"Doppelganger","floor":16},{"not_picked":["Underhanded Strike","Malaise"],"picked":"Escape Plan","floor":18},{"not_picked":["Caltrops","Deflect"],"picked":"Predator","floor":23},{"not_picked":["Setup","Flying Knee"],"picked":"Predator","floor":26},{"not_picked":["Caltrops","Cloak And Dagger"],"picked":"After Image","floor":27},{"not_picked":["Storm of Steel","Envenom"],"picked":"Adrenaline","floor":33},{"not_picked":["Backstab","Blur"],"picked":"Quick Slash","floor":35},{"not_picked":["Choke","Noxious Fumes"],"picked":"Quick Slash","floor":36},{"not_picked":["Terror","Slice"],"picked":"Acrobatics","floor":41},{"not_picked":["Poisoned Stab","Heel Hook"],"picked":"Prepared","floor":43},{"not_picked":["Underhanded Strike","Cloak And Dagger"],"picked":"Concentrate","floor":45},{"not_picked":["Crippling Poison","Concentrate"],"picked":"Quick Slash","floor":46}],"player_experience":106562,"potions_floor_usage":[14,16,16,23,23,23,27,30,33,33],"damage_taken":[{"damage":0,"enemies":"Cultist","floor":1,"turns":5},{"damage":0,"enemies":"Small Slimes","floor":4,"turns":3},{"damage":0,"enemies":"2 Louse","floor":7,"turns":2},{"damage":13,"enemies":"Lagavulin","floor":8,"turns":7},{"damage":1,"enemies":"Blue Slaver","floor":10,"turns":4},{"damage":0,"enemies":"Looter","floor":11,"turns":3},{"damage":0,"enemies":"Lots of Slimes","floor":14,"turns":3},{"damage":27,"enemies":"The Guardian","floor":16,"turns":11},{"damage":0,"enemies":"3 Byrds","floor":18,"turns":6},{"damage":22,"enemies":"Gremlin Leader","floor":23,"turns":7},{"damage":14,"enemies":"2 Thieves","floor":24,"turns":3},{"damage":10,"enemies":"Book of Stabbing","floor":27,"turns":4},{"damage":0,"enemies":"Cultist and Chosen","floor":29,"turns":4},{"damage":3,"enemies":"Gremlin Leader","floor":30,"turns":7},{"damage":0,"enemies":"Snecko","floor":31,"turns":5},{"damage":0,"enemies":"Champ","floor":33,"turns":15},{"damage":0,"enemies":"3 Darklings","floor":35,"turns":5},{"damage":0,"enemies":"Orb Walker","floor":36,"turns":2},{"damage":0,"enemies":"Nemesis","floor":41,"turns":5},{"damage":12,"enemies":"3 Darklings","floor":44,"turns":4},{"damage":7,"enemies":"4 Shapes","floor":45,"turns":4},{"damage":9,"enemies":"Maw","floor":48,"turns":6},{"damage":51,"enemies":"Donu and Deca","floor":50,"turns":5}],"event_choices":[{"event_name":"The Cleric","player_choice":"Card Removal","floor":3,"damage_taken":0},{"event_name":"Golden Idol","player_choice":"Lose Max HP","floor":5,"damage_taken":0},{"event_name":"Upgrade Shrine","player_choice":"Upgraded","floor":13,"damage_taken":0},{"event_name":"Vampires","player_choice":"Ignored","floor":19,"damage_taken":0},{"event_name":"The Lab","player_choice":"Got Potions","floor":21,"damage_taken":0},{"event_name":"Cursed Tome","player_choice":"Obtained Book","floor":22,"damage_taken":0},{"event_name":"Bonfire Elementals","player_choice":"RARE","floor":37,"damage_taken":0},{"event_name":"Accursed Blacksmith","player_choice":"Forge","floor":38,"damage_taken":0},{"event_name":"The Moai Head","player_choice":"Gave Idol","floor":42,"damage_taken":0}],"boss_relics":[{"not_picked":["Tiny House","Runic Dome"],"picked":"Cursed Key"},{"not_picked":["Philosopher\u0027s Stone","Runic Pyramid"],"picked":"Sozu"}],"potions_floor_spawned":[1,11,14,16,24,27,30,31,35,41,45,48],"seed_played":"3199875712774111715","killed_by":"Donu and Deca","ascension_level":2,"is_trial":false}