{"gold_per_floor":[117,127,202,202,202,236,236,271,271,271,290,290,304,34,34,127,127,151,151,151,151,6,6,41,41,41,69,86,101,118,118],"floor_reached":31,"playtime":979,"items_purged":["Injury"],"score":536,"play_id":"5f087f70-4429-4f00-9c33-9768128b7e3b","local_time":"20190723051621","is_ascension_mode":true,"campfire_choices":[{"floor":7,"key":"REST"},{"floor":10,"key":"REST"},{"data":"Zap","floor":15,"key":"SMITH"},{"data":"Turbo","floor":23,"key":"SMITH"},{"floor":25,"key":"REST"}],"neow_cost":"NONE","seed_source_timestamp":34287462517353,"circlet_count":0,"master_deck":["AscendersBane","Strike_B+1","Defend_B","Defend_B","Defend_B","Defend_B","Zap+1","Dualcast","Compile Driver+1","Ball Lightning","Hologram","Thunder Strike","Turbo+1","Cold Snap","Capacitor","Echo Form","Streamline","Hyperbeam","Double Energy","Writhe","Injury","Barrage","Reinforced Body","Sunder","Hologram"],"relics":["Cracked Core","NeowsBlessing","Pear","Bronze Scales","Kunai","Question Card","Bloody Idol","Lee\u0027s Waffle","Cursed Key","Ancient Tea Set","Whetstone","Bottled Lightning","Dodecahedron","Emotion Chip"],"potions_floor_usage":[24,31],"damage_taken":[{"damage":0,"enemies":"2 Louse","floor":1,"turns":1},{"damage":0,"enemies":"Small Slimes","floor":2,"turns":1},{"damage":0,"enemies":"3 Sentries","floor":6,"turns":1},{"damage":45,"enemies":"Lagavulin","floor":8,"turns":7},{"damage":0,"enemies":"Cultist","floor":11,"turns":2},{"damage":10,"enemies":"Exordium Wildlife","floor":13,"turns":3},{"damage":45,"enemies":"The Guardian","floor":16,"turns":10},{"damage":5,"enemies":"Chosen","floor":18,"turns":4},{"damage":60,"enemies":"Slavers","floor":24,"turns":4},{"damage":36,"enemies":"Book of Stabbing","floor":27,"turns":4},{"damage":0,"enemies":"2 Thieves","floor":28,"turns":1},{"damage":31,"enemies":"Snecko","floor":29,"turns":5},{"damage":1,"enemies":"Centurion and Healer","floor":30,"turns":7},{"damage":17,"enemies":"Snake Plant","floor":31,"turns":3}],"seed_played":"-7600050946480538627","potions_obtained":[{"floor":1,"key":"FairyPotion"},{"floor":11,"key":"Regen Potion"},{"floor":28,"key":"Energy Potion"},{"floor":30,"key":"PowerPotion"}],"is_trial":false,"path_per_floor":["M","M","?","?","?","E","R","E","T","R","M","?","M","$","R","B",null,"M","?","?","?","$","R","E","R","T","E","M","M","M","M"],"character_chosen":"DEFECT","items_purchased":["Lee\u0027s Waffle","Whetstone"],"campfire_rested":3,"item_purchase_floors":[14,22],"current_hp_per_floor":[64,64,53,37,37,37,61,16,16,40,40,40,30,88,88,43,77,72,72,72,72,72,72,29,55,55,24,29,13,17,0],"gold":118,"neow_bonus":"THREE_ENEMY_KILL","is_prod":false,"is_daily":false,"chose_seed":false,"campfire_upgraded":2,"win_rate":0,"timestamp":1563822981,"path_taken":["M","M","?","?","?","E","R","E","T","R","?","?","M","$","R","BOSS","M","?","?","?","?","R","E","R","T","E","M","?","M","M"],"build_version":"2019-07-17","purchased_purges":1,"victory":false,"max_hp_per_floor":[71,71,71,81,81,81,81,81,81,81,81,81,81,88,88,88,88,88,88,88,88,88,88,88,88,88,88,88,88,88,88],"card_choices":[{"not_picked":["Rip and Tear","Beam Cell"],"picked":"Compile Driver","floor":1},{"not_picked":["Redo","Cold Snap"],"picked":"Ball Lightning","floor":2},{"not_picked":["Darkness","Melter"],"picked":"Thunder Strike","floor":6},{"not_picked":["Thunder Strike","Go for the Eyes"],"picked":"Turbo","floor":8},{"not_picked":["Hologram","Redo","Coolheaded"],"picked":"Cold Snap","floor":11},{"not_picked":["Beam Cell","Conserve Battery","Steam"],"picked":"Capacitor","floor":13},{"not_picked":["Thunder Strike","Amplify","Seek"],"picked":"Echo Form","floor":16},{"not_picked":["Steam+1","Rebound","Stack"],"picked":"Streamline","floor":18},{"not_picked":["Steam","Turbo","Go for the Eyes","Streamline"],"picked":"SKIP","floor":24},{"not_picked":["Streamline","Double Energy","Melter"],"picked":"Barrage","floor":27},{"not_picked":["Gash","Scrape","Leap"],"picked":"Reinforced Body","floor":28},{"not_picked":["Steam+1","Genetic Algorithm","Streamline"],"picked":"Sunder","floor":29},{"not_picked":["Reprogram","Doom and Gloom","Gash+1"],"picked":"Hologram","floor":30}],"player_experience":1073803,"relics_obtained":[{"floor":6,"key":"Bronze Scales"},{"floor":8,"key":"Kunai"},{"floor":9,"key":"Question Card"},{"floor":24,"key":"Bottled Lightning"},{"floor":26,"key":"Dodecahedron"},{"floor":27,"key":"Emotion Chip"}],"event_choices":[{"damage_healed":0,"gold_gain":75,"player_choice":"Gather Gold","damage_taken":11,"max_hp_gain":0,"max_hp_loss":0,"event_name":"World of Goop","floor":3,"gold_loss":0},{"damage_healed":0,"gold_gain":0,"player_choice":"Success","damage_taken":26,"relics_obtained":["Pear"],"max_hp_gain":0,"max_hp_loss":0,"event_name":"Scrap Ooze","floor":4,"gold_loss":0},{"damage_healed":0,"gold_gain":0,"cards_transformed":["Strike_B"],"player_choice":"Transformed","damage_taken":0,"max_hp_gain":0,"max_hp_loss":0,"event_name":"Transmorgrifier","floor":5,"gold_loss":0,"cards_obtained":["Hologram"]},{"damage_healed":0,"gold_gain":0,"player_choice":"Take Wound","damage_taken":0,"relics_obtained":["Golden Idol"],"max_hp_gain":0,"max_hp_loss":0,"event_name":"Golden Idol","floor":12,"gold_loss":0,"cards_obtained":["Injury"]},{"damage_healed":0,"gold_gain":0,"cards_transformed":["Strike_B","Strike_B"],"player_choice":"Became Test Subject","damage_taken":0,"max_hp_gain":0,"max_hp_loss":0,"event_name":"Drug Dealer","floor":19,"gold_loss":0,"cards_obtained":["Hyperbeam","Double Energy"]},{"damage_healed":0,"gold_gain":0,"player_choice":"Opened","damage_taken":0,"relics_obtained":["Ancient Tea Set"],"max_hp_gain":0,"max_hp_loss":0,"event_name":"The Mausoleum","floor":20,"gold_loss":0,"cards_obtained":["Writhe"]},{"damage_healed":0,"gold_gain":0,"player_choice":"Gave Idol","damage_taken":0,"relics_obtained":["Bloody Idol"],"max_hp_gain":0,"max_hp_loss":0,"event_name":"Forgotten Altar","floor":21,"relics_lost":["Golden Idol"],"gold_loss":0}],"is_beta":false,"boss_relics":[{"not_picked":["Busted Crown","Eternal Feather"],"picked":"Cursed Key"}],"items_purged_floors":[14],"is_endless":false,"potions_floor_spawned":[1,11,16,28,30],"killed_by":"Snake Plant","ascension_level":15}