{"gold_per_floor":[210,210,230,230,250,250,291,27,27,45,45,58,58,77,77,172,172,195,208,232,232,232,232],"floor_reached":23,"playtime":775,"items_purged":["Injury"],"score":425,"play_id":"a33249a2-1afd-4286-badd-13976a2cefdf","local_time":"20190723055321","is_ascension_mode":true,"campfire_choices":[{"data":"Defragment","floor":6.0,"key":"SMITH"},{"floor":11.0,"key":"REST"},{"data":"Zap","floor":13.0,"key":"SMITH"},{"data":"Defragment","floor":15.0,"key":"SMITH"}],"neow_cost":"NONE","seed_source_timestamp":0,"circlet_count":0,"master_deck":["AscendersBane","Strike_B","Strike_B","Strike_B","Strike_B","Defend_B","Defend_B","Defend_B","Defend_B+1","Zap+1","Dualcast+1","Undo","Streamline","Defragment+1","Beam Cell","Rainbow","Coolheaded","Electrodynamics","Defragment+1","Echo Form","Regret","Aggregate","Glacier"],"special_seed":0,"relics":["Cracked Core","Golden Idol","Mummified Hand","Pear","Omamori","Calling Bell","Singing Bowl","Shovel","War Paint"],"potions_floor_usage":[18,18],"damage_taken":[{"damage":6.0,"enemies":"2 Louse","floor":1.0,"turns":3.0},{"damage":1.0,"enemies":"Cultist","floor":3.0,"turns":3.0},{"damage":9.0,"enemies":"Jaw Worm","floor":5.0,"turns":4.0},{"damage":17.0,"enemies":"Lagavulin","floor":7.0,"turns":6.0},{"damage":4.0,"enemies":"Red Slaver","floor":10.0,"turns":4.0},{"damage":0.0,"enemies":"Large Slime","floor":12.0,"turns":5.0},{"damage":1.0,"enemies":"Looter","floor":14.0,"turns":3.0},{"damage":0.0,"enemies":"Slime Boss","floor":16.0,"turns":5.0},{"damage":17,"enemies":"3 Byrds","floor":18,"turns":3},{"damage":29,"enemies":"2 Thieves","floor":19,"turns":3},{"damage":20,"enemies":"Snecko","floor":20,"turns":4},{"damage":21,"enemies":"Slavers","floor":23,"turns":1}],"seed_played":"-7016685636029213026","potions_obtained":[{"floor":1.0,"key":"Block Potion"},{"floor":3.0,"key":"SkillPotion"},{"floor":12.0,"key":"Poison Potion"},{"floor":16.0,"key":"Dexterity Potion"},{"floor":18,"key":"SteroidPotion"}],"is_trial":false,"path_per_floor":["M","?","M","?","M","R","E","$","T","M","R","M","R","M","R","B",null,"M","M","M","?","?","E"],"character_chosen":"DEFECT","items_purchased":["Rainbow","Swift Potion"],"campfire_rested":1,"item_purchase_floors":[8,8],"current_hp_per_floor":[58,58,57,57,48,48,41,41,41,37,61,61,61,60,60,60,76,61,32,12,12,12,0],"gold":232,"neow_bonus":"HUNDRED_GOLD","is_prod":false,"is_daily":false,"chose_seed":false,"campfire_upgraded":3,"win_rate":0,"timestamp":1563825201,"path_taken":["M","?","M","?","?","R","E","$","T","M","R","M","R","M","R","BOSS","M","M","M","?","?","E"],"build_version":"2019-07-17","purchased_purges":1,"victory":false,"max_hp_per_floor":[71,71,71,71,71,71,81,81,81,81,81,81,81,81,81,81,81,83,83,83,83,83,83],"card_choices":[{"not_picked":["Turbo","Coolheaded"],"picked":"Undo","floor":1.0},{"not_picked":["Coolheaded","Stack"],"picked":"Streamline","floor":3.0},{"not_picked":["Stack","Conserve Battery"],"picked":"Defragment","floor":5.0},{"not_picked":["Skim","Stack"],"picked":"Beam Cell","floor":7.0},{"not_picked":["Rebound","Compile Driver"],"picked":"Coolheaded","floor":10.0},{"not_picked":["Aggregate","Defragment"],"picked":"Electrodynamics","floor":12.0},{"not_picked":["Redo","Coolheaded"],"picked":"Defragment","floor":14.0},{"not_picked":["Biased Cognition","Fission"],"picked":"Echo Form","floor":16.0},{"not_picked":["Beam Cell","Double Energy","FTL"],"picked":"Singing Bowl","floor":18},{"not_picked":["Coolheaded","Undo"],"picked":"Aggregate","floor":19},{"not_picked":["Rebound","Hologram+1"],"picked":"Glacier","floor":20}],"player_experience":1076042,"relics_obtained":[{"floor":7.0,"key":"Pear"},{"floor":9.0,"key":"Omamori"},{"floor":17,"key":"Singing Bowl"},{"floor":17,"key":"Shovel"},{"floor":17,"key":"War Paint"}],"event_choices":[{"damage_healed":0.0,"max_hp_gain":0.0,"max_hp_loss":0.0,"gold_gain":0.0,"event_name":"Golden Idol","player_choice":"Take Wound","floor":2.0,"gold_loss":0.0,"damage_taken":0.0,"relics_obtained":["Golden Idol"],"cards_obtained":["Injury"]},{"damage_healed":0.0,"max_hp_gain":0.0,"max_hp_loss":0.0,"gold_gain":0.0,"event_name":"WeMeetAgain","player_choice":"Gave Potion","floor":4.0,"gold_loss":0.0,"damage_taken":0.0,"relics_obtained":["Mummified Hand"]},{"damage_healed":0,"gold_gain":0,"player_choice":"Ignored","damage_taken":0,"max_hp_gain":0,"max_hp_loss":0,"event_name":"Cursed Tome","floor":21,"gold_loss":0},{"damage_healed":0,"gold_gain":0,"player_choice":"Leave","damage_taken":0,"max_hp_gain":0,"max_hp_loss":0,"event_name":"FaceTrader","floor":22,"gold_loss":0}],"is_beta":false,"boss_relics":[{"not_picked":["Lizard Tail","White Beast Statue"],"picked":"Calling Bell"}],"items_purged_floors":[8],"is_endless":false,"potions_floor_spawned":[1,3,12,16,18],"killed_by":"Slavers","ascension_level":15}