{"gold_per_floor":[109,126,126,126,144,144,180,17,17,48,48,73,44,62,62,62],"floor_reached":16,"playtime":910,"items_purged":[],"score":209,"play_id":"43ade6af-29fc-4f78-a98b-ad7439919402","local_time":"20190717130607","is_ascension_mode":true,"campfire_choices":[{"data":"Wild Strike","floor":6.0,"key":"SMITH"},{"floor":11.0,"key":"REST"},{"data":"Armaments","floor":15,"key":"SMITH"}],"neow_cost":"NONE","seed_source_timestamp":398228350369215,"circlet_count":0,"master_deck":["AscendersBane","Strike_R","Strike_R","Strike_R","Strike_R","Strike_R","Defend_R","Defend_R","Defend_R","Defend_R","Bash","Thunderclap","Wild Strike+1","Spot Weakness","Inflame","True Grit","Sword Boomerang","Headbutt","Armaments+1","Feed"],"special_seed":0,"relics":["Burning Blood","Golden Idol","Bird Faced Urn","Omamori","Bottled Flame","Dream Catcher"],"potions_floor_usage":[16],"damage_taken":[{"damage":8.0,"enemies":"Jaw Worm","floor":1.0,"turns":5.0},{"damage":10.0,"enemies":"Small Slimes","floor":2.0,"turns":3.0},{"damage":0.0,"enemies":"2 Louse","floor":5.0,"turns":3.0},{"damage":45.0,"enemies":"3 Sentries","floor":7.0,"turns":7.0},{"damage":24.0,"enemies":"Gremlin Nob","floor":10.0,"turns":4.0},{"damage":9,"enemies":"Red Slaver","floor":12,"turns":2},{"damage":11,"enemies":"Looter","floor":14,"turns":2},{"damage":33,"enemies":"Hexaghost","floor":16,"turns":7}],"seed_played":"-879370550200336820","potions_obtained":[{"floor":0.0,"key":"Weak Potion"},{"floor":0.0,"key":"Dexterity Potion"},{"floor":1.0,"key":"Strength Potion"},{"floor":7.0,"key":"Swift Potion"},{"floor":12,"key":"SkillPotion"}],"is_trial":false,"path_per_floor":["M","M","?","?","M","R","E","$","T","E","R","M","$","M","R","B"],"character_chosen":"IRONCLAD","items_purchased":["Omamori","Armaments"],"campfire_rested":1,"item_purchase_floors":[8,13],"current_hp_per_floor":[66,62,62,62,68,68,29,29,29,13,33,30,30,25,25,0],"gold":62,"neow_bonus":"THREE_SMALL_POTIONS","is_prod":false,"is_daily":false,"chose_seed":false,"campfire_upgraded":2,"win_rate":0,"timestamp":1563383167,"path_taken":["M","M","?","?","M","R","E","?","T","E","R","M","$","M","R","BOSS"],"build_version":"2019-07-05","purchased_purges":0,"victory":false,"max_hp_per_floor":[75,75,68,68,68,68,68,68,68,68,68,68,68,68,68,68],"card_choices":[{"not_picked":["Pummel","Headbutt"],"picked":"Thunderclap","floor":1.0},{"not_picked":["Thunderclap","Burning Pact"],"picked":"Wild Strike","floor":2.0},{"not_picked":["Sentinel","Bloodletting"],"picked":"Spot Weakness","floor":5.0},{"not_picked":["Battle Trance","Warcry"],"picked":"Inflame","floor":7.0},{"not_picked":["Barricade","Flex"],"picked":"True Grit","floor":10.0},{"not_picked":["Pommel Strike","Warcry"],"picked":"Sword Boomerang","floor":11.0},{"not_picked":["Burning Pact","Infernal Blade"],"picked":"Headbutt","floor":12},{"not_picked":["Havoc","Spot Weakness"],"picked":"Feed","floor":14}],"player_experience":1607129,"relics_obtained":[{"floor":7.0,"key":"Bird Faced Urn"},{"floor":9.0,"key":"Bottled Flame"},{"floor":10.0,"key":"Dream Catcher"}],"event_choices":[{"damage_healed":0.0,"max_hp_gain":0.0,"max_hp_loss":7.0,"gold_gain":0.0,"event_name":"Golden Idol","player_choice":"Lose Max HP","floor":3.0,"gold_loss":0.0,"damage_taken":0.0,"relics_obtained":["Golden Idol"]},{"damage_healed":0.0,"max_hp_gain":0.0,"max_hp_loss":0.0,"gold_gain":0.0,"event_name":"Liars Game","player_choice":"Ignored","floor":4.0,"gold_loss":0.0,"damage_taken":0.0}],"is_beta":false,"boss_relics":[],"items_purged_floors":[],"is_endless":false,"potions_floor_spawned":[1,7,12],"killed_by":"Hexaghost","ascension_level":18}