{"gold_per_floor":[116,78,253,23,23,35,70,86,140,167,167,197,162,174,174,174],"floor_reached":16,"playtime":569,"items_purged":["Doubt"],"score":215,"play_id":"1f7de4e9-891b-4006-8de0-a7569bd6d4cf","local_time":"20181107013645","is_ascension_mode":true,"campfire_choices":[{"floor":11,"key":"REST"},{"floor":15,"key":"REST"}],"neow_cost":"NONE","seed_source_timestamp":885649597368116,"circlet_count":0,"master_deck":["AscendersBane","Strike_B","Strike_B","Strike_B","Strike_B","Defend_B","Defend_B","Defend_B","Defend_B","Zap","Dualcast","Redo","Sunder","Coolheaded","Recycle","Genetic Algorithm","Machine Learning","Go for the Eyes"],"relics":["Cracked Core","NeowsBlessing","Oddly Smooth Stone","Strawberry","Anchor","Matryoshka","Centennial Puzzle"],"potions_floor_usage":[10],"damage_taken":[{"damage":0,"enemies":"Jaw Worm","floor":1,"turns":1},{"damage":0,"enemies":"2 Louse","floor":6,"turns":1},{"damage":0,"enemies":"Gremlin Nob","floor":7,"turns":1},{"damage":0,"enemies":"Small Slimes","floor":8,"turns":3},{"damage":32,"enemies":"Lagavulin","floor":10,"turns":11},{"damage":65,"enemies":"Gremlin Nob","floor":12,"turns":6},{"damage":6,"enemies":"Red Slaver","floor":14,"turns":4},{"damage":56,"enemies":"Slime Boss","floor":16,"turns":5}],"seed_played":"7530171361383583916","potions_obtained":[{"floor":6,"key":"Ancient Potion"},{"floor":7,"key":"LiquidBronze"},{"floor":14,"key":"LiquidBronze"}],"is_trial":false,"path_per_floor":["M","$","?","$","?","M","E","M","T","E","R","E","?","M","R","B"],"character_chosen":"DEFECT","items_purchased":["Sunder","Oddly Smooth Stone"],"campfire_rested":2,"item_purchase_floors":[2,4],"current_hp_per_floor":[68,68,68,68,73,73,80,80,80,48,74,9,30,24,50,0],"gold":174,"neow_bonus":"THREE_ENEMY_KILL","is_prod":false,"is_daily":false,"chose_seed":false,"campfire_upgraded":0,"win_rate":0,"timestamp":1541572605,"path_taken":["M","$","?","$","?","M","E","M","T","E","R","E","?","M","R","BOSS"],"build_version":"2018-11-01","purchased_purges":1,"victory":false,"max_hp_per_floor":[75,75,75,75,80,80,87,87,87,87,87,87,87,87,87,87],"card_choices":[{"not_picked":["Stack","Barrage"],"picked":"Redo","floor":1},{"not_picked":["Streamline","Hologram"],"picked":"Coolheaded","floor":6},{"not_picked":["Cold Snap","Auto Shields"],"picked":"Recycle","floor":7},{"not_picked":["Recycle","Stack"],"picked":"Genetic Algorithm","floor":8},{"not_picked":["Lockon","Auto Shields"],"picked":"Machine Learning","floor":10},{"not_picked":["Self Repair","Stack","Melter"],"picked":"SKIP","floor":12},{"not_picked":["Stack","Leap"],"picked":"Go for the Eyes","floor":14}],"player_experience":635866,"relics_obtained":[{"floor":7,"key":"Strawberry"},{"floor":9,"key":"Anchor"},{"floor":10,"key":"Matryoshka"},{"floor":12,"key":"Centennial Puzzle"}],"event_choices":[{"damage_healed":0,"gold_gain":175,"player_choice":"AGREE","damage_taken":0,"max_hp_gain":0,"max_hp_loss":0,"event_name":"Liars Game","floor":3,"gold_loss":0,"cards_obtained":["Doubt"]},{"damage_healed":0,"gold_gain":0,"player_choice":"Donut","damage_taken":0,"max_hp_gain":5,"max_hp_loss":0,"event_name":"Big Fish","floor":5,"gold_loss":0},{"damage_healed":21,"gold_gain":0,"player_choice":"Healed","damage_taken":0,"max_hp_gain":0,"max_hp_loss":0,"event_name":"The Cleric","floor":13,"gold_loss":35}],"is_beta":false,"boss_relics":[],"items_purged_floors":[4],"is_endless":false,"potions_floor_spawned":[6,7,14],"killed_by":"Slime Boss","ascension_level":10}