{"gold_per_floor":[113,132,132,84,12,38,38,73,153,14,14,46,63,74,74,177,177,188,188,0,18,18,18,33,33],"floor_reached":25,"playtime":1486,"items_purged":[],"score":263,"play_id":"385921e3-3f52-4b28-b238-767787811c84","local_time":"20190219141440","is_ascension_mode":true,"campfire_choices":[{"data":"Darkness","floor":7,"key":"SMITH"},{"floor":11,"key":"REST"},{"floor":15,"key":"REST"},{"floor":23,"key":"REST"}],"neow_cost":"NONE","seed_source_timestamp":581712631172400,"circlet_count":0,"master_deck":["Strike_B","Strike_B","Strike_B","Strike_B","Defend_B","Defend_B","Defend_B","Defend_B","Zap","Dualcast","All For One","Streamline","Darkness+1","Redo+1","FTL","Flash of Steel","Leap","White Noise","Coolheaded","Capacitor","Buffer","Gash","Beam Cell","Finesse","Steam","Recycle"],"relics":["Cracked Core","Anchor","Happy Flower","Bag of Preparation","Question Card","Smiling Mask","Inserter"],"potions_floor_usage":[14,25,25],"damage_taken":[{"damage":2,"enemies":"Jaw Worm","floor":1,"turns":3},{"damage":1,"enemies":"Cultist","floor":2,"turns":3},{"damage":18,"enemies":"Gremlin Nob","floor":6,"turns":3},{"damage":15,"enemies":"Lagavulin","floor":8,"turns":4},{"damage":23,"enemies":"Gremlin Nob","floor":12,"turns":4},{"damage":0,"enemies":"Small Slimes","floor":13,"turns":2},{"damage":7,"enemies":"Exordium Thugs","floor":14,"turns":4},{"damage":19,"enemies":"The Guardian","floor":16,"turns":11},{"damage":22,"enemies":"Shell Parasite","floor":18,"turns":7},{"damage":16,"enemies":"3 Byrds","floor":21,"turns":5},{"damage":28,"enemies":"3 Cultists","floor":24,"turns":5},{"damage":34,"enemies":"Slavers","floor":25,"turns":3}],"seed_played":"-3443737033761246574","potions_obtained":[{"floor":12,"key":"SkillPotion"},{"floor":14,"key":"AttackPotion"},{"floor":16,"key":"FearPotion"},{"floor":22,"key":"PowerPotion"}],"is_trial":false,"path_per_floor":["M","M","?","$","$","E","R","E","T","$","R","E","M","M","R","B",null,"M","?","$","M","?","R","M","E"],"character_chosen":"DEFECT","items_purchased":["Redo","FTL","Flash of Steel","Leap","Beam Cell","Finesse","Steam"],"campfire_rested":3,"item_purchase_floors":[4,5,10,10,20,20,20],"current_hp_per_floor":[73,72,60,60,60,42,42,27,27,27,49,26,26,19,41,22,75,53,53,53,37,37,59,31,0],"gold":33,"neow_bonus":"ONE_RANDOM_RARE_CARD","is_prod":false,"is_daily":false,"chose_seed":false,"campfire_upgraded":1,"win_rate":0,"timestamp":1550614480,"path_taken":["M","M","?","?","$","E","R","E","T","?","R","E","?","M","R","BOSS","M","?","?","M","?","R","M","E"],"build_version":"2019-01-23","purchased_purges":0,"victory":false,"max_hp_per_floor":[75,75,75,75,75,75,75,75,75,75,75,75,75,75,75,75,75,75,75,75,75,75,75,75,75],"card_choices":[{"not_picked":["Hologram","Beam Cell"],"picked":"Streamline","floor":1},{"not_picked":["Consume","Loop"],"picked":"Darkness","floor":2},{"not_picked":["All For One","Ball Lightning","Fusion"],"picked":"SKIP","floor":6},{"not_picked":["Streamline","Skim","Conserve Battery"],"picked":"SKIP","floor":8},{"not_picked":["Storm","Core Surge","Sweeping Beam"],"picked":"White Noise","floor":12},{"not_picked":["Ball Lightning","Scrape","Melter"],"picked":"Coolheaded","floor":13},{"not_picked":["Ball Lightning","Darkness","Aggregate"],"picked":"Capacitor","floor":14},{"not_picked":["Echo Form","Meteor Strike","Reboot"],"picked":"Buffer","floor":16},{"not_picked":["Steam","Melter+1","Cold Snap+1"],"picked":"Gash","floor":18},{"not_picked":["Beam Cell","Barrage+1","Gash","Melter"],"picked":"SKIP","floor":21},{"not_picked":["Coolheaded+1","Blizzard","Barrage"],"picked":"Recycle","floor":24}],"player_experience":137267,"relics_obtained":[{"floor":6,"key":"Happy Flower"},{"floor":8,"key":"Bag of Preparation"},{"floor":9,"key":"Question Card"},{"floor":12,"key":"Smiling Mask"}],"event_choices":[{"damage_healed":0,"gold_gain":0,"player_choice":"Success","damage_taken":12,"relics_obtained":["Anchor"],"max_hp_gain":0,"max_hp_loss":0,"event_name":"Scrap Ooze","floor":3,"gold_loss":0},{"damage_healed":0,"gold_gain":0,"player_choice":"Upgraded","damage_taken":0,"max_hp_gain":0,"max_hp_loss":0,"event_name":"Upgrade Shrine","floor":19,"gold_loss":0,"cards_upgraded":["Redo"]},{"damage_healed":0,"gold_gain":0,"player_choice":"Got Potions","damage_taken":0,"max_hp_gain":0,"max_hp_loss":0,"event_name":"Lab","floor":22,"gold_loss":0}],"is_beta":false,"boss_relics":[{"not_picked":["Runic Pyramid","Eternal Feather"],"picked":"Inserter"}],"items_purged_floors":[],"is_endless":false,"potions_floor_spawned":[12,14,16,24],"killed_by":"Slavers","ascension_level":4}