{"gold_per_floor":[114,132,34,48,64,64,99,109,109,28,28,54,65,75,75,179,179,199,124,37,37,57,57,21,96,174,193,193,208,8,8,8,111,111,129,0,0,0,19,19],"floor_reached":40,"playtime":2887,"items_purged":[],"score":538,"play_id":"785188b1-5d8f-4b4b-aae2-4994171fa6c7","local_time":"20190218192450","is_ascension_mode":true,"campfire_choices":[{"data":"Coolheaded","floor":6,"key":"SMITH"},{"floor":11,"key":"REST"},{"floor":15,"key":"REST"},{"data":"Blizzard","floor":23,"key":"SMITH"},{"data":"Defragment","floor":28,"key":"SMITH"},{"data":"Go for the Eyes","floor":32,"key":"SMITH"}],"neow_cost":"NONE","seed_source_timestamp":512519030656500,"circlet_count":0,"master_deck":["Strike_B","Strike_B","Defend_B","Defend_B","Defend_B","Defend_B","Dualcast","Compile Driver","Leap","Gash","Rebound","Coolheaded+1","Gash","Melter","Scrape","FTL","Glacier","Beam Cell","Consume","BootSequence","Core Surge","Hologram","Streamline","Core Surge","Stack","Blizzard+1","Conserve Battery","Good Instincts","Go for the Eyes+1","Defragment+1","Rip and Tear","Reprogram","Shame","Buffer","Beam Cell","Metamorphosis","Steam"],"relics":["FrozenCore","Strawberry","Shuriken","Centennial Puzzle","Orrery","Dodecahedron","Sling","Letter Opener","Red Mask"],"potions_floor_usage":[7,33,33,33,40],"damage_taken":[{"damage":1,"enemies":"Cultist","floor":1,"turns":3},{"damage":1,"enemies":"2 Louse","floor":2,"turns":3},{"damage":0,"enemies":"Jaw Worm","floor":4,"turns":2},{"damage":19,"enemies":"Exordium Wildlife","floor":5,"turns":4},{"damage":32,"enemies":"Lagavulin","floor":7,"turns":5},{"damage":0,"enemies":"Large Slime","floor":8,"turns":3},{"damage":4,"enemies":"3 Sentries","floor":12,"turns":6},{"damage":15,"enemies":"Gremlin Gang","floor":13,"turns":3},{"damage":6,"enemies":"Lots of Slimes","floor":14,"turns":3},{"damage":0,"enemies":"Slime Boss","floor":16,"turns":9},{"damage":0,"enemies":"Chosen","floor":18,"turns":4},{"damage":11,"enemies":"2 Thieves","floor":22,"turns":4},{"damage":12,"enemies":"Snecko","floor":27,"turns":6},{"damage":1,"enemies":"Cultist and Chosen","floor":29,"turns":8},{"damage":17,"enemies":"Automaton","floor":33,"turns":12},{"damage":20,"enemies":"3 Shapes","floor":35,"turns":11},{"damage":8,"enemies":"Orb Walker","floor":39,"turns":6},{"damage":54,"enemies":"Maw","floor":40,"turns":10}],"seed_played":"5371482070584635150","potions_obtained":[{"floor":1,"key":"SpeedPotion"},{"floor":4,"key":"PowerPotion"},{"floor":13,"key":"SkillPotion"},{"floor":16,"key":"Block Potion"},{"floor":18,"key":"FocusPotion"},{"floor":35,"key":"SpeedPotion"}],"is_trial":false,"path_per_floor":["M","M","$","M","M","R","E","M","T","$","R","E","M","M","R","B",null,"M","?","$","?","M","R","$","?","T","M","R","M","$","?","R","B",null,"M","?","?","?","M","M"],"character_chosen":"DEFECT","items_purchased":["Rebound","Coolheaded","Glacier","Good Instincts","Defragment","Sling"],"campfire_rested":2,"item_purchase_floors":[3,3,10,20,24,30],"current_hp_per_floor":[74,73,73,73,54,54,29,29,29,29,53,49,34,28,52,52,82,82,82,82,82,71,71,71,63,63,51,51,50,50,50,50,33,82,62,62,62,62,54,0],"gold":19,"neow_bonus":"TRANSFORM_CARD","is_prod":false,"is_daily":false,"chose_seed":false,"campfire_upgraded":4,"win_rate":0,"timestamp":1550546690,"path_taken":["M","M","$","M","M","R","E","M","T","?","R","E","M","?","R","BOSS","M","?","$","?","M","R","?","?","T","M","R","?","?","?","R","BOSS","M","?","?","?","M","M"],"build_version":"2019-01-23","purchased_purges":0,"victory":false,"max_hp_per_floor":[75,75,75,75,75,75,82,82,82,82,82,82,82,82,82,82,82,82,82,82,82,82,82,82,82,82,82,82,82,82,82,82,82,82,82,82,82,82,82,82],"card_choices":[{"not_picked":["Auto Shields","Steam"],"picked":"Leap","floor":1},{"not_picked":["Leap","Turbo"],"picked":"Gash","floor":2},{"not_picked":["Barrage","Conserve Battery"],"picked":"Gash","floor":4},{"not_picked":["Turbo","Rebound"],"picked":"Melter","floor":5},{"not_picked":["Fusion","Reinforced Body"],"picked":"Scrape","floor":7},{"not_picked":["Rebound","Compile Driver"],"picked":"FTL","floor":8},{"not_picked":["Seek","Force Field"],"picked":"Beam Cell","floor":12},{"not_picked":["Sweeping Beam","Rebound"],"picked":"Consume","floor":13},{"not_picked":["Cold Snap","Ball Lightning"],"picked":"BootSequence","floor":14},{"not_picked":["Multi-Cast","Biased Cognition"],"picked":"Core Surge","floor":16},{"not_picked":["Redo","Chaos"],"picked":"Hologram","floor":17},{"not_picked":["Gash","Coolheaded"],"picked":"Streamline","floor":17},{"not_picked":["Hello World","BootSequence"],"picked":"Core Surge","floor":17},{"not_picked":["Scrape","Ball Lightning"],"picked":"Stack","floor":17},{"not_picked":["Ball Lightning","Barrage"],"picked":"Blizzard","floor":17},{"not_picked":["Turbo","Stack"],"picked":"Conserve Battery","floor":18},{"not_picked":["Barrage","Leap+1"],"picked":"Go for the Eyes","floor":22},{"not_picked":["Leap+1","Sunder"],"picked":"Rip and Tear","floor":27},{"not_picked":["Blizzard+1","Stack"],"picked":"Reprogram","floor":29},{"not_picked":["Biased Cognition","Core Surge"],"picked":"Buffer","floor":33},{"not_picked":["Turbo+1","Doom and Gloom"],"picked":"Beam Cell","floor":35},{"not_picked":["Dramatic Entrance","Forethought"],"picked":"Metamorphosis","floor":37},{"not_picked":["Darkness+1","Rebound+1"],"picked":"Steam","floor":39}],"player_experience":121642,"relics_obtained":[{"floor":7,"key":"Strawberry"},{"floor":9,"key":"Shuriken"},{"floor":12,"key":"Centennial Puzzle"},{"floor":26,"key":"Dodecahedron"}],"event_choices":[{"cards_removed":["Zap"],"damage_healed":0,"gold_gain":0,"player_choice":"Gave Gold","damage_taken":0,"max_hp_gain":0,"max_hp_loss":0,"event_name":"Beggar","floor":19,"gold_loss":75},{"damage_healed":0,"gold_gain":0,"player_choice":"Ignored","damage_taken":0,"max_hp_gain":0,"max_hp_loss":0,"event_name":"Vampires","floor":21,"gold_loss":0},{"damage_healed":0,"gold_gain":75,"player_choice":"Touch","damage_taken":8,"max_hp_gain":0,"max_hp_loss":0,"event_name":"FaceTrader","floor":25,"gold_loss":0},{"damage_healed":0,"gold_gain":0,"player_choice":"Stole Relic","damage_taken":0,"relics_obtained":["Letter Opener"],"max_hp_gain":0,"max_hp_loss":0,"event_name":"Addict","floor":31,"gold_loss":0,"cards_obtained":["Shame"]},{"damage_healed":0,"gold_gain":0,"player_choice":"Paid","damage_taken":0,"relics_obtained":["Red Mask"],"max_hp_gain":0,"max_hp_loss":0,"event_name":"Tomb of Lord Red Mask","floor":36,"gold_loss":129},{"damage_healed":0,"gold_gain":0,"player_choice":"Memory 1","damage_taken":0,"max_hp_gain":0,"max_hp_loss":0,"event_name":"SensoryStone","floor":37,"gold_loss":0},{"cards_removed":["Strike_B"],"damage_healed":0,"gold_gain":0,"player_choice":"Removed Attack","damage_taken":0,"max_hp_gain":0,"max_hp_loss":0,"event_name":"Falling","floor":38,"gold_loss":0}],"is_beta":false,"boss_relics":[{"not_picked":["Ectoplasm","Philosopher\u0027s Stone"],"picked":"Orrery"},{"not_picked":["Sozu","Runic Dome"],"picked":"FrozenCore"}],"items_purged_floors":[],"is_endless":false,"potions_floor_spawned":[1,4,13,16,18,22,35],"killed_by":"Maw","ascension_level":3}