{"gold_per_floor":[116,116,131,143,154,186,186,186,210,210,223,223,255,275,275,349,349,368,388,388,405,405,405],"floor_reached":23,"playtime":1036,"items_purged":[],"score":386,"play_id":"0cd082b5-907c-4274-85bc-33227fe0d43f","local_time":"20190608042417","is_ascension_mode":true,"campfire_choices":[{"data":"Perfected Strike","floor":7,"key":"SMITH"},{"data":"Flex","floor":10,"key":"SMITH"},{"data":"Bash","floor":12,"key":"SMITH"},{"floor":15,"key":"REST"}],"neow_cost":"NONE","seed_source_timestamp":514702039360502,"circlet_count":0,"master_deck":["AscendersBane","Strike_R","Strike_R","Strike_R","Strike_R","Strike_R","Defend_R","Defend_R","Defend_R","Defend_R","Bash+1","Perfected Strike+1","Flex+1","Battle Trance","Twin Strike","Perfected Strike+1","Wild Strike","Demon Form","Impervious","Bloodletting+1","Reaper"],"special_seed":0,"relics":["Burning Blood","Omamori","Bronze Scales","Bag of Preparation","Fusion Hammer"],"potions_floor_usage":[6,6,16,18,21],"damage_taken":[{"damage":2,"enemies":"2 Louse","floor":1,"turns":3},{"damage":12,"enemies":"Jaw Worm","floor":3,"turns":3},{"damage":0,"enemies":"Cultist","floor":4,"turns":2},{"damage":22,"enemies":"Lots of Slimes","floor":5,"turns":4},{"damage":35,"enemies":"3 Sentries","floor":6,"turns":7},{"damage":4,"enemies":"3 Louse","floor":11,"turns":4},{"damage":11,"enemies":"Gremlin Nob","floor":13,"turns":3},{"damage":13,"enemies":"Blue Slaver","floor":14,"turns":2},{"damage":52,"enemies":"The Guardian","floor":16,"turns":10},{"damage":26,"enemies":"Shell Parasite","floor":18,"turns":4},{"damage":15,"enemies":"2 Thieves","floor":19,"turns":2},{"damage":24,"enemies":"Snake Plant","floor":21,"turns":3},{"damage":77,"enemies":"Gremlin Leader","floor":23,"turns":6}],"seed_played":"-4481620395368202996","potions_obtained":[{"floor":0.0,"key":"EssenceOfSteel"},{"floor":0.0,"key":"BloodPotion"},{"floor":3,"key":"Swift Potion"},{"floor":11,"key":"Dexterity Potion"},{"floor":14,"key":"SpeedPotion"},{"floor":16,"key":"Regen Potion"},{"floor":19,"key":"Explosive Potion"}],"is_trial":false,"path_per_floor":["M","?","M","M","M","E","R","?","T","R","M","R","E","M","R","B",null,"M","M","?","M","?","E"],"character_chosen":"IRONCLAD","items_purchased":[],"campfire_rested":1,"item_purchase_floors":[],"current_hp_per_floor":[72,77,71,77,61,40,40,40,40,40,42,42,37,30,54,8,62,54,45,45,39,39,0],"gold":405,"neow_bonus":"THREE_SMALL_POTIONS","is_prod":false,"is_daily":false,"chose_seed":false,"campfire_upgraded":3,"win_rate":0,"timestamp":1559982257,"path_taken":["M","?","M","M","M","E","R","?","T","R","?","R","E","?","R","BOSS","M","M","?","M","?","E"],"build_version":"2019-01-23","purchased_purges":0,"victory":false,"max_hp_per_floor":[75,80,80,80,80,80,80,80,80,80,80,80,80,80,80,80,80,80,80,80,80,80,80],"card_choices":[{"not_picked":["Entrench","Dropkick"],"picked":"Perfected Strike","floor":1},{"not_picked":["Iron Wave","Power Through"],"picked":"Flex","floor":3},{"not_picked":["Body Slam","Armaments"],"picked":"Battle Trance","floor":4},{"not_picked":["Havoc","Clash"],"picked":"Twin Strike","floor":5},{"not_picked":["Clash","Shrug It Off"],"picked":"Perfected Strike","floor":6},{"not_picked":["Flex","Headbutt"],"picked":"Wild Strike","floor":11},{"not_picked":["Cleave","Fire Breathing"],"picked":"Demon Form","floor":13},{"not_picked":["Warcry","Body Slam","Thunderclap"],"picked":"SKIP","floor":14},{"not_picked":["Limit Break","Juggernaut"],"picked":"Impervious","floor":16},{"not_picked":["Armaments","Pommel Strike"],"picked":"Bloodletting+1","floor":18},{"not_picked":["Heavy Blade","Carnage"],"picked":"Reaper","floor":19},{"not_picked":["Clash","Anger","Blood for Blood"],"picked":"SKIP","floor":21}],"player_experience":1589293,"relics_obtained":[{"floor":6,"key":"Omamori"},{"floor":9,"key":"Bronze Scales"},{"floor":13,"key":"Bag of Preparation"}],"event_choices":[{"damage_healed":0,"gold_gain":0,"player_choice":"Donut","damage_taken":0,"max_hp_gain":5,"max_hp_loss":0,"event_name":"Big Fish","floor":2,"gold_loss":0},{"damage_healed":0,"gold_gain":0,"player_choice":"Upgraded","damage_taken":0,"max_hp_gain":0,"max_hp_loss":0,"event_name":"Upgrade Shrine","floor":8,"gold_loss":0,"cards_upgraded":["Perfected Strike"]},{"damage_healed":0,"gold_gain":0,"player_choice":"Ignored","damage_taken":0,"max_hp_gain":0,"max_hp_loss":0,"event_name":"Ghosts","floor":20,"gold_loss":0},{"damage_healed":0,"gold_gain":0,"player_choice":"Ignored","damage_taken":0,"max_hp_gain":0,"max_hp_loss":0,"event_name":"Vampires","floor":22,"gold_loss":0}],"is_beta":false,"boss_relics":[{"not_picked":["Runic Pyramid","Runic Cube"],"picked":"Fusion Hammer"}],"items_purged_floors":[],"is_endless":false,"potions_floor_spawned":[3,5,11,14,16,19],"killed_by":"Gremlin Leader","ascension_level":18}