{"gold_per_floor":[117,192,157,167,9,9,44,44,70,101,101,101,117,131,131,131],"floor_reached":16,"playtime":515,"items_purged":[],"score":216,"play_id":"5a19056b-a9bd-4cc9-88f7-d5c82ebe40cb","local_time":"20190506132201","is_ascension_mode":true,"campfire_choices":[{"data":"Neutralize","floor":6,"key":"SMITH"},{"data":"Finisher","floor":8,"key":"SMITH"},{"data":"Deadly Poison","floor":11,"key":"SMITH"},{"floor":15,"key":"REST"}],"neow_cost":"NONE","seed_source_timestamp":1047900681951842,"circlet_count":0,"master_deck":["AscendersBane","Defend_G","Defend_G","Defend_G","Defend_G","Defend_G","Strike_G","Strike_G","Strike_G","Strike_G","Strike_G","Survivor","Neutralize+1","Backstab","Finisher+1","Deadly Poison+1","Flying Knee","Dash"],"relics":["Ring of the Snake","PreservedInsect","Singing Bowl","Anchor","Happy Flower"],"potions_floor_usage":[10,16],"damage_taken":[{"damage":4,"enemies":"Cultist","floor":1,"turns":4},{"damage":0,"enemies":"2 Louse","floor":4,"turns":3},{"damage":19,"enemies":"3 Sentries","floor":7,"turns":10},{"damage":18,"enemies":"Lagavulin","floor":10,"turns":5},{"damage":7,"enemies":"Small Slimes","floor":13,"turns":3},{"damage":0,"enemies":"2 Fungi Beasts","floor":14,"turns":3},{"damage":57,"enemies":"Slime Boss","floor":16,"turns":8}],"seed_played":"-3610690448490348716","potions_obtained":[{"floor":7,"key":"Block Potion"},{"floor":14,"key":"Poison Potion"}],"is_trial":false,"path_per_floor":["M","?","?","M","$","R","E","R","T","E","R","?","M","M","R","B"],"character_chosen":"THE_SILENT","items_purchased":["PreservedInsect"],"campfire_rested":1,"item_purchase_floors":[5],"current_hp_per_floor":[61,50,68,68,68,68,49,49,49,33,33,33,26,26,48,0],"gold":131,"neow_bonus":"TEN_PERCENT_HP_BONUS","is_prod":false,"is_daily":false,"chose_seed":false,"campfire_upgraded":3,"win_rate":0,"timestamp":1557163321,"path_taken":["M","?","?","M","$","R","E","R","T","E","R","?","M","M","R","BOSS"],"build_version":"2019-01-23","purchased_purges":0,"victory":false,"max_hp_per_floor":[72,72,72,72,72,72,72,72,72,74,74,74,74,74,74,74],"card_choices":[{"not_picked":["Deadly Poison","Footwork"],"picked":"Backstab","floor":1},{"not_picked":["Slice","Backflip"],"picked":"Finisher","floor":4},{"not_picked":["PiercingWail","Outmaneuver"],"picked":"Deadly Poison","floor":7},{"not_picked":["Prepared","PiercingWail","Acrobatics"],"picked":"Singing Bowl","floor":10},{"not_picked":["Underhanded Strike","All Out Attack"],"picked":"Flying Knee","floor":13},{"not_picked":["Grand Finale","Blade Dance"],"picked":"Dash","floor":14}],"player_experience":1474123,"relics_obtained":[{"floor":7,"key":"Singing Bowl"},{"floor":9,"key":"Anchor"},{"floor":10,"key":"Happy Flower"}],"event_choices":[{"damage_healed":0,"gold_gain":75,"player_choice":"Gather Gold","damage_taken":11,"max_hp_gain":0,"max_hp_loss":0,"event_name":"World of Goop","floor":2,"gold_loss":0},{"damage_healed":18,"gold_gain":0,"player_choice":"Healed","damage_taken":0,"max_hp_gain":0,"max_hp_loss":0,"event_name":"The Cleric","floor":3,"gold_loss":35},{"damage_healed":0,"gold_gain":0,"player_choice":"Ignored","damage_taken":0,"max_hp_gain":0,"max_hp_loss":0,"event_name":"Liars Game","floor":12,"gold_loss":0}],"is_beta":false,"boss_relics":[],"items_purged_floors":[],"is_endless":false,"potions_floor_spawned":[7,14],"killed_by":"Slime Boss","ascension_level":20}