{"gold_per_floor":[110,110,124,134,134,134,167,167,167,167,180,203,282,298,298,417,417,440,5,19,33,33,33,33,33,56,81,121,142,142,155,155,155],"floor_reached":33,"playtime":1219,"items_purged":["Injury"],"score":323,"play_id":"5f3b01be-fdc0-48e1-a748-ab6082b88120","local_time":"20190424170907","is_ascension_mode":true,"campfire_choices":[{"data":"Neutralize","floor":6,"key":"SMITH"},{"data":"Terror","floor":8,"key":"SMITH"},{"data":"Cloak And Dagger","floor":10,"key":"SMITH"},{"data":"Cloak And Dagger","floor":15,"key":"SMITH"},{"data":"Dagger Spray","floor":23,"key":"SMITH"},{"data":"Cloak And Dagger","floor":25,"key":"SMITH"},{"floor":30,"key":"REST"},{"floor":32,"key":"REST"}],"neow_cost":"NONE","seed_source_timestamp":3623040478703,"circlet_count":0,"master_deck":["Defend_G","Defend_G","Defend_G","Defend_G","Defend_G","Strike_G","Strike_G","Strike_G","Strike_G","Strike_G","Survivor","Neutralize+1","Backstab","Terror+1","Cloak And Dagger+1","Cloak And Dagger+1","Backflip","Cloak And Dagger+1","Die Die Die","Night Terror+1","PiercingWail","Dagger Spray+1","Neutralize+1","Good Instincts","Deflect+1","Deflect","Wraith Form v2","Choke"],"relics":["Ring of the Serpent","NeowsBlessing","Golden Idol","The Courier","Ninja Scroll","Singing Bowl","DollysMirror","Art of War","Snake Skull","StoneCalendar"],"potions_floor_usage":[12,21,27,28,33,33],"damage_taken":[{"damage":0,"enemies":"2 Louse","floor":1,"turns":1},{"damage":0,"enemies":"Cultist","floor":3,"turns":1},{"damage":0,"enemies":"Jaw Worm","floor":4,"turns":1},{"damage":9,"enemies":"Gremlin Nob","floor":7,"turns":4},{"damage":0,"enemies":"Exordium Wildlife","floor":11,"turns":2},{"damage":4,"enemies":"Large Slime","floor":12,"turns":4},{"damage":1,"enemies":"Lots of Slimes","floor":14,"turns":4},{"damage":16,"enemies":"The Guardian","floor":16,"turns":14},{"damage":0,"enemies":"Shell Parasite","floor":18,"turns":2},{"damage":10,"enemies":"Spheric Guardian","floor":20,"turns":4},{"damage":12,"enemies":"Shelled Parasite and Fungi","floor":21,"turns":6},{"damage":10,"enemies":"Centurion and Healer","floor":27,"turns":5},{"damage":10,"enemies":"Slavers","floor":28,"turns":6},{"damage":16,"enemies":"Cultist and Chosen","floor":29,"turns":7},{"damage":12,"enemies":"Snake Plant","floor":31,"turns":6},{"damage":85,"enemies":"Collector","floor":33,"turns":7}],"seed_played":"-1855399879830421110","potions_obtained":[{"floor":1,"key":"FearPotion"},{"floor":2,"key":"Dexterity Potion"},{"floor":2,"key":"Fire Potion"},{"floor":2,"key":"Regen Potion"},{"floor":16,"key":"FearPotion"},{"floor":27,"key":"Swift Potion"},{"floor":29,"key":"Poison Potion"}],"is_trial":false,"path_per_floor":["M","?","M","M","?","R","E","R","T","R","M","M","T","M","R","B",null,"M","$","M","M","?","R","$","R","T","M","E","M","R","M","R","B"],"character_chosen":"THE_SILENT","items_purchased":["Dagger Spray","DollysMirror","Art of War","Good Instincts"],"campfire_rested":2,"item_purchase_floors":[19,19,19,19],"current_hp_per_floor":[70,70,70,70,70,70,61,61,61,61,61,57,57,56,56,40,70,70,70,60,64,64,64,64,64,64,54,44,28,49,39,61,0],"gold":155,"neow_bonus":"THREE_ENEMY_KILL","is_prod":false,"is_daily":false,"chose_seed":false,"campfire_upgraded":6,"win_rate":0,"timestamp":1556089747,"path_taken":["M","?","M","?","?","R","E","R","T","R","M","M","?","M","R","BOSS","M","$","M","M","?","R","$","R","T","M","E","?","R","M","R","BOSS"],"build_version":"2019-01-23","purchased_purges":1,"victory":false,"max_hp_per_floor":[70,70,70,70,70,70,70,70,70,70,70,70,70,70,70,70,70,70,70,70,72,72,72,72,72,72,72,72,72,72,74,74,74],"card_choices":[{"not_picked":["Flechettes","Acrobatics"],"picked":"Backstab","floor":1},{"not_picked":["Sucker Punch","Backstab"],"picked":"Terror","floor":3},{"not_picked":["Slice","PiercingWail"],"picked":"Cloak And Dagger","floor":4},{"not_picked":["All Out Attack","Backflip"],"picked":"Cloak And Dagger","floor":7},{"not_picked":["Slice","All Out Attack"],"picked":"Backflip","floor":11},{"not_picked":["Quick Slash","Backflip"],"picked":"Cloak And Dagger","floor":12},{"not_picked":["Heel Hook","Deflect"],"picked":"Die Die Die","floor":14},{"not_picked":["Grand Finale","Unload"],"picked":"Night Terror","floor":16},{"not_picked":["Flechettes+1","Outmaneuver"],"picked":"PiercingWail","floor":18},{"not_picked":["Outmaneuver","Footwork"],"picked":"Deflect+1","floor":20},{"not_picked":["Underhanded Strike","Dagger Throw","Bane+1"],"picked":"Singing Bowl","floor":21},{"not_picked":["Slice","Glass Knife"],"picked":"Deflect","floor":27},{"not_picked":["Catalyst+1","Calculated Gamble"],"picked":"Wraith Form v2","floor":28},{"not_picked":["Dagger Spray+1","Deadly Poison"],"picked":"Choke","floor":29},{"not_picked":["Sucker Punch","Choke","Outmaneuver"],"picked":"Singing Bowl","floor":31}],"player_experience":456536,"relics_obtained":[{"floor":7,"key":"The Courier"},{"floor":9,"key":"Ninja Scroll"},{"floor":13,"key":"Singing Bowl"},{"floor":26,"key":"Snake Skull"},{"floor":28,"key":"StoneCalendar"}],"event_choices":[{"damage_healed":0,"gold_gain":0,"player_choice":"Got Potions","damage_taken":0,"max_hp_gain":0,"max_hp_loss":0,"event_name":"Lab","floor":2,"gold_loss":0},{"damage_healed":0,"gold_gain":0,"player_choice":"Take Wound","damage_taken":0,"relics_obtained":["Golden Idol"],"max_hp_gain":0,"max_hp_loss":0,"event_name":"Golden Idol","floor":5,"gold_loss":0,"cards_obtained":["Injury"]},{"damage_healed":0,"gold_gain":0,"player_choice":"Upgraded","damage_taken":0,"max_hp_gain":0,"max_hp_loss":0,"event_name":"Upgrade Shrine","floor":22,"gold_loss":0,"cards_upgraded":["Night Terror"]}],"is_beta":false,"boss_relics":[{"not_picked":["Pandora\u0027s Box","Empty Cage"],"picked":"Ring of the Serpent"}],"items_purged_floors":[19],"is_endless":false,"potions_floor_spawned":[1,4,7,11,16,18,27,29],"killed_by":"Collector","ascension_level":4}