{"gold_per_floor":[118,138,154,40,57,57,57,86,168,104,6,21,39,39,39,117,117,135,150,170,185,185],"floor_reached":22,"playtime":1217,"items_purged":["Defend_G"],"score":380,"play_id":"9137acd2-4027-4f91-8aed-4e699d442b7d","local_time":"20190506122751","is_ascension_mode":true,"campfire_choices":[{"data":"Poisoned Stab","floor":6.0,"key":"SMITH"},{"floor":15,"key":"REST"}],"neow_cost":"NONE","seed_source_timestamp":1043932906463292,"circlet_count":0,"master_deck":["AscendersBane","Defend_G","Defend_G","Defend_G+1","Defend_G","Strike_G","Strike_G","Strike_G","Strike_G","Strike_G","Survivor+1","Neutralize","Flying Knee","Poisoned Stab+1","Calculated Gamble","Leg Sweep","Quick Slash","Dash","Noxious Fumes","Backflip","Deadly Poison","Glass Knife","Deflect","Poisoned Stab+1"],"special_seed":0,"relics":["Ring of the Snake","War Paint","Bottled Flame","Tiny Chest","Mercury Hourglass","Philosopher\u0027s Stone"],"potions_floor_usage":[8,12,16,19,21,22],"damage_taken":[{"damage":0.0,"enemies":"Small Slimes","floor":1.0,"turns":4.0},{"damage":9.0,"enemies":"Jaw Worm","floor":2.0,"turns":6.0},{"damage":0.0,"enemies":"2 Louse","floor":3.0,"turns":3.0},{"damage":3.0,"enemies":"Exordium Wildlife","floor":5.0,"turns":6.0},{"damage":30,"enemies":"3 Sentries","floor":8,"turns":8},{"damage":5,"enemies":"Lots of Slimes","floor":12,"turns":4},{"damage":0,"enemies":"Large Slime","floor":13,"turns":5},{"damage":15,"enemies":"The Guardian","floor":16,"turns":11},{"damage":9,"enemies":"Chosen","floor":18,"turns":4},{"damage":5,"enemies":"3 Byrds","floor":19,"turns":3},{"damage":20,"enemies":"3 Cultists","floor":20,"turns":5},{"damage":7,"enemies":"Snecko","floor":21,"turns":5},{"damage":15,"enemies":"Masked Bandits","floor":22,"turns":2}],"seed_played":"7962612232902593660","potions_obtained":[{"floor":2.0,"key":"LiquidBronze"},{"floor":5.0,"key":"Strength Potion"},{"floor":12,"key":"Weak Potion"},{"floor":16,"key":"Explosive Potion"},{"floor":20,"key":"Ancient Potion"},{"floor":21,"key":"EssenceOfSteel"}],"is_trial":false,"path_per_floor":["M","M","M","$","M","R","?","E","T","?","$","M","M","T","R","B",null,"M","M","M","M","?"],"character_chosen":"THE_SILENT","items_purchased":["Leg Sweep","Noxious Fumes","Backflip"],"campfire_rested":1,"item_purchase_floors":[4,11,11],"current_hp_per_floor":[59,50,50,50,47,47,47,17,17,17,17,12,12,12,31,16,54,45,40,20,13,0],"gold":185,"neow_bonus":"RANDOM_COMMON_RELIC","is_prod":false,"is_daily":false,"chose_seed":false,"campfire_upgraded":1,"win_rate":0,"timestamp":1557160071,"path_taken":["M","M","M","$","M","R","?","E","T","?","$","M","M","?","R","BOSS","M","M","M","M","?"],"build_version":"2019-01-23","purchased_purges":1,"victory":false,"max_hp_per_floor":[66,66,66,66,66,66,66,66,66,66,66,66,66,66,66,66,66,66,66,66,66,66],"card_choices":[{"not_picked":["Deadly Poison","Prepared"],"picked":"Flying Knee","floor":1.0},{"not_picked":["Crippling Poison","Underhanded Strike"],"picked":"Poisoned Stab","floor":2.0},{"not_picked":["Wraith Form v2","Outmaneuver"],"picked":"Calculated Gamble","floor":3.0},{"not_picked":["Underhanded Strike","Masterful Stab"],"picked":"Quick Slash","floor":5.0},{"not_picked":["Deflect","Concentrate"],"picked":"Dash","floor":8},{"not_picked":["Dagger Spray","Outmaneuver","Concentrate"],"picked":"SKIP","floor":12},{"not_picked":["Phantasmal Killer","Acrobatics"],"picked":"Deadly Poison","floor":13},{"not_picked":["Venomology","Phantasmal Killer"],"picked":"Glass Knife","floor":16},{"not_picked":["Dagger Throw","Prepared"],"picked":"Deflect","floor":18},{"not_picked":["Sucker Punch","Underhanded Strike","Blade Dance"],"picked":"SKIP","floor":19},{"not_picked":["Choke","Heel Hook","Sucker Punch"],"picked":"SKIP","floor":20},{"not_picked":["Dagger Throw+1","Sucker Punch"],"picked":"Poisoned Stab+1","floor":21}],"player_experience":1470398,"relics_obtained":[{"floor":8,"key":"Bottled Flame"},{"floor":9,"key":"Tiny Chest"},{"floor":14,"key":"Mercury Hourglass"}],"event_choices":[{"damage_healed":0.0,"max_hp_gain":0.0,"max_hp_loss":0.0,"gold_gain":0.0,"event_name":"Liars Game","player_choice":"Ignored","floor":7.0,"gold_loss":0.0,"damage_taken":0.0},{"damage_healed":0,"gold_gain":0,"player_choice":"Left Gold","damage_taken":0,"max_hp_gain":0,"max_hp_loss":0,"event_name":"World of Goop","floor":10,"gold_loss":64},{"damage_healed":0,"gold_gain":0,"player_choice":"Fought Bandits","damage_taken":0,"max_hp_gain":0,"max_hp_loss":0,"event_name":"Masked Bandits","floor":22,"gold_loss":0}],"is_beta":false,"boss_relics":[{"not_picked":["Cursed Key","Coffee Dripper"],"picked":"Philosopher\u0027s Stone"}],"items_purged_floors":[4],"is_endless":false,"potions_floor_spawned":[2,5,12,16,20,21],"killed_by":"Masked Bandits","ascension_level":20}