{"gold_per_floor":[113,113,113,126,126,126,183,183,183,214,214,214,231,262,262,359,359,359,118,118,118,118,118,118,118,118,118,118,118,118,118,118,118,118,118,0,0,0,0,0,0,0,0,0,0,0,0,0,0,0,0,0,0,0,0],"floor_reached":55,"playtime":4264,"items_purged":[],"score":685,"play_id":"3e26d765-ea2c-48ba-b40a-a93397005309","local_time":"20190831180427","is_ascension_mode":true,"campfire_choices":[{"floor":6,"key":"RECALL"},{"data":"Iron Wave","floor":8,"key":"SMITH"},{"floor":12,"key":"REST"},{"floor":15,"key":"REST"},{"data":"Corruption","floor":23,"key":"SMITH"},{"data":"Ghostly Armor","floor":27,"key":"SMITH"},{"data":"Dual Wield","floor":29,"key":"SMITH"},{"data":"Limit Break","floor":32,"key":"SMITH"},{"data":"Clothesline","floor":40,"key":"SMITH"},{"data":"Power Through","floor":42,"key":"SMITH"},{"data":"Shrug It Off","floor":45,"key":"SMITH"},{"data":"Corruption","floor":49,"key":"SMITH"},{"data":"Shrug It Off","floor":52,"key":"SMITH"}],"neow_cost":"NONE","seed_source_timestamp":4998089885300,"circlet_count":0,"master_deck":["Strike_R","Strike_R","Strike_R","Defend_R","Defend_R","Defend_R","Bash","Shrug It Off+1","Armaments","Iron Wave+1","Corruption+1","Body Slam","Ghostly Armor+1","Dual Wield+1","Perfected Strike","Juggernaut","Battle Trance+1","Power Through+1","Shrug It Off+1","Burning Pact","Armaments","Exhume","Limit Break+1","Armaments","Bludgeon","Battle Trance+1","Clothesline+1","Injury","Shockwave+1","Shrug It Off+1","Corruption+1","Spot Weakness"],"relics":["Burning Blood","Art of War","FossilizedHelix","Dream Catcher","Vajra","Ectoplasm","Bottled Tornado","Paper Frog","Cursed Key","Red Mask","Letter Opener","Incense Burner"],"potions_floor_usage":[14,16,33,50,54],"damage_taken":[{"damage":2,"enemies":"Jaw Worm","floor":1,"turns":5},{"damage":4,"enemies":"Small Slimes","floor":4,"turns":4},{"damage":29,"enemies":"Gremlin Nob","floor":7,"turns":5},{"damage":35,"enemies":"3 Sentries","floor":10,"turns":21},{"damage":0,"enemies":"2 Louse","floor":13,"turns":3},{"damage":14,"enemies":"Gremlin Nob","floor":14,"turns":5},{"damage":47,"enemies":"Slime Boss","floor":16,"turns":17},{"damage":11,"enemies":"Spheric Guardian","floor":18,"turns":4},{"damage":1,"enemies":"Shell Parasite","floor":20,"turns":5},{"damage":0,"enemies":"Snecko","floor":22,"turns":3},{"damage":12,"enemies":"3 Cultists","floor":24,"turns":5},{"damage":8,"enemies":"Snake Plant","floor":25,"turns":4},{"damage":37,"enemies":"Cultist and Chosen","floor":30,"turns":7},{"damage":47,"enemies":"Automaton","floor":33,"turns":9},{"damage":0,"enemies":"3 Shapes","floor":35,"turns":5},{"damage":0,"enemies":"Orb Walker","floor":39,"turns":3},{"damage":11,"enemies":"Jaw Worm Horde","floor":44,"turns":5},{"damage":6,"enemies":"Transient","floor":46,"turns":5},{"damage":10,"enemies":"Maw","floor":47,"turns":8},{"damage":37,"enemies":"Donu and Deca","floor":50,"turns":9},{"damage":109,"enemies":"Shield and Spear","floor":54,"turns":9},{"damage":8,"enemies":"The Heart","floor":55,"turns":2}],"seed_played":"7539977234491184601","potions_obtained":[{"floor":4,"key":"GamblersBrew"},{"floor":13,"key":"Fire Potion"},{"floor":14,"key":"Energy Potion"},{"floor":16,"key":"SteroidPotion"},{"floor":20,"key":"LiquidBronze"},{"floor":44,"key":"BloodPotion"}],"is_trial":false,"path_per_floor":["M","?","$","M","$","R","?","R","T","E","?","R","M","E","R","B",null,"M","$","M","?","M","R","M","M","T","R","?","R","M","?","R","B",null,"M","?","?","$","M","R","$","R","T","M","R","M","M","$","R","B",null,"R","$","E","B"],"character_chosen":"IRONCLAD","items_purchased":["Bottled Tornado"],"campfire_rested":2,"item_purchase_floors":[19],"current_hp_per_floor":[88,85,85,87,87,87,64,64,64,35,35,61,67,59,85,44,88,83,83,88,88,88,88,82,80,80,80,80,80,49,78,78,37,88,88,88,88,88,88,88,88,88,88,83,83,83,79,79,79,48,88,88,88,7,0],"gold":0,"neow_bonus":"TEN_PERCENT_HP_BONUS","is_prod":false,"is_daily":false,"chose_seed":false,"campfire_upgraded":10,"win_rate":0,"timestamp":1567292667,"path_taken":["M","?","$","M","$","R","?","R","T","E","?","R","M","E","R","BOSS","M","?","?","?","?","R","M","M","T","R","?","R","M","?","R","BOSS","M","?","?","$","M","R","$","R","T","?","R","M","M","?","R","BOSS","R","$","E","BOSS"],"build_version":"2019-07-17","purchased_purges":0,"victory":false,"max_hp_per_floor":[88,88,88,88,88,88,88,88,88,88,88,88,88,88,88,88,88,88,88,88,88,88,88,88,88,88,88,88,88,88,88,88,88,88,88,88,88,88,88,88,88,88,88,88,88,88,88,88,88,88,88,88,88,88,88],"card_choices":[{"not_picked":["Flex","Power Through"],"picked":"Shrug It Off","floor":1},{"not_picked":["Pommel Strike","Body Slam"],"picked":"Armaments","floor":4},{"not_picked":["Wild Strike","Anger"],"picked":"Iron Wave","floor":7},{"not_picked":["Limit Break","Dual Wield"],"picked":"Corruption","floor":10},{"not_picked":["Headbutt","Clash"],"picked":"Body Slam","floor":12},{"not_picked":["Feel No Pain","Body Slam"],"picked":"Ghostly Armor","floor":13},{"not_picked":["Thunderclap","True Grit"],"picked":"Dual Wield","floor":14},{"not_picked":["Metallicize","Flex"],"picked":"Perfected Strike","floor":15},{"not_picked":["Double Tap","Limit Break"],"picked":"Juggernaut","floor":16},{"not_picked":["Dual Wield","Body Slam"],"picked":"Battle Trance+1","floor":18},{"not_picked":["Evolve","True Grit"],"picked":"Power Through","floor":20},{"not_picked":["Perfected Strike","Dropkick"],"picked":"Shrug It Off","floor":22},{"not_picked":["Rampage","Havoc+1"],"picked":"Burning Pact","floor":24},{"not_picked":["Evolve","Pommel Strike"],"picked":"Armaments","floor":25},{"not_picked":["Shrug It Off","Dual Wield"],"picked":"Armaments","floor":30},{"not_picked":["Dark Embrace","Barricade"],"picked":"Bludgeon","floor":33},{"not_picked":["Armaments","Carnage+1"],"picked":"Battle Trance+1","floor":35},{"not_picked":["Corruption","Rampage+1"],"picked":"Clothesline","floor":39},{"not_picked":["Pommel Strike+1","Shrug It Off+1"],"picked":"Shockwave+1","floor":44},{"not_picked":["Intimidate","Flex"],"picked":"Shrug It Off+1","floor":46},{"not_picked":["Armaments+1","Headbutt"],"picked":"Corruption","floor":47},{"not_picked":["Iron Wave+1","Metallicize"],"picked":"Spot Weakness","floor":54}],"player_experience":257267,"relics_obtained":[{"floor":7,"key":"FossilizedHelix"},{"floor":10,"key":"Dream Catcher"},{"floor":14,"key":"Vajra"},{"floor":26,"key":"Paper Frog"},{"floor":43,"key":"Letter Opener"},{"floor":54,"key":"Incense Burner"}],"event_choices":[{"damage_healed":0,"gold_gain":0,"player_choice":"Success","damage_taken":3,"relics_obtained":["Art of War"],"max_hp_gain":0,"max_hp_loss":0,"event_name":"Scrap Ooze","floor":2,"gold_loss":0},{"damage_healed":0,"gold_gain":0,"player_choice":"Searched \u00271\u0027 times","damage_taken":0,"max_hp_gain":0,"max_hp_loss":0,"event_name":"Dead Adventurer","floor":7,"gold_loss":0},{"cards_removed":["Strike_R"],"damage_healed":0,"gold_gain":0,"player_choice":"Purged","damage_taken":0,"max_hp_gain":0,"max_hp_loss":0,"event_name":"Purifier","floor":11,"gold_loss":0},{"damage_healed":0,"gold_gain":100,"player_choice":"Pray","damage_taken":0,"max_hp_gain":0,"max_hp_loss":0,"event_name":"Golden Shrine","floor":21,"gold_loss":0},{"damage_healed":0,"gold_gain":0,"cards_transformed":["Defend_R","Strike_R"],"player_choice":"Became Test Subject","damage_taken":0,"max_hp_gain":0,"max_hp_loss":0,"event_name":"Drug Dealer","floor":28,"gold_loss":0,"cards_obtained":["Exhume","Limit Break"]},{"damage_healed":29,"gold_gain":0,"player_choice":"Heal","damage_taken":0,"max_hp_gain":0,"max_hp_loss":0,"event_name":"The Library","floor":31,"gold_loss":0},{"damage_healed":0,"gold_gain":0,"player_choice":"Paid","damage_taken":0,"relics_obtained":["Red Mask"],"max_hp_gain":0,"max_hp_loss":0,"event_name":"Tomb of Lord Red Mask","floor":36,"gold_loss":118},{"damage_healed":0,"gold_gain":0,"player_choice":"Ignored","damage_taken":0,"max_hp_gain":0,"max_hp_loss":0,"event_name":"SecretPortal","floor":37,"gold_loss":0}],"is_beta":false,"boss_relics":[{"not_picked":["Orrery","Sozu"],"picked":"Ectoplasm"},{"not_picked":["Pandora\u0027s Box","Eternal Feather"],"picked":"Cursed Key"}],"items_purged_floors":[],"is_endless":false,"potions_floor_spawned":[4,13,14,16,20,24,25,30,44],"killed_by":"The Heart","ascension_level":2}