{"gold_per_floor":[117,136,136,211,228,262,262,277,277,338,370,396,408,420,432,444],"floor_reached":16,"playtime":699,"items_purged":[],"score":110,"play_id":"f3425d1a-b89d-4899-a7cc-fb7190213f73","local_time":"20190327124505","is_ascension_mode":false,"campfire_choices":[{"data":"Infernal Blade","floor":7,"key":"SMITH"},{"data":"Seeing Red","floor":15,"key":"SMITH"}],"neow_cost":"TEN_PERCENT_HP_LOSS","seed_source_timestamp":7784726818006,"circlet_count":0,"master_deck":["Strike_R","Strike_R","Strike_R","Strike_R+1","Strike_R","Defend_R+1","Defend_R","Defend_R","Defend_R","Bash","Shrug It Off","Juggernaut","Clash","Infernal Blade+1","Second Wind","Inflame","Rage","Seeing Red+1","Injury"],"relics":["Burning Blood","Incense Burner","Bronze Scales","Bag of Marbles","Meat on the Bone","MawBank","Golden Idol"],"potions_floor_usage":[6,10,11,16],"damage_taken":[{"damage":5,"enemies":"Jaw Worm","floor":1,"turns":4},{"damage":0,"enemies":"Small Slimes","floor":2,"turns":4},{"damage":1,"enemies":"Cultist","floor":5,"turns":4},{"damage":11,"enemies":"Gremlin Nob","floor":6,"turns":4},{"damage":1,"enemies":"Blue Slaver","floor":8,"turns":2},{"damage":14,"enemies":"Gremlin Nob","floor":10,"turns":4},{"damage":16,"enemies":"3 Sentries","floor":11,"turns":7},{"damage":0,"enemies":"Exordium Thugs","floor":12,"turns":3},{"damage":41,"enemies":"Slime Boss","floor":16,"turns":9}],"seed_played":"1422001602953995760","potions_obtained":[{"floor":2,"key":"Energy Potion"},{"floor":5,"key":"AttackPotion"},{"floor":6,"key":"LiquidBronze"},{"floor":12,"key":"Strength Potion"}],"is_trial":false,"path_per_floor":["M","M","?","?","M","E","R","M","T","?","E","M","?","?","R","B"],"character_chosen":"IRONCLAD","items_purchased":[],"campfire_rested":0,"item_purchase_floors":[],"current_hp_per_floor":[72,72,72,61,66,61,61,66,66,58,48,54,40,40,40,0],"gold":444,"neow_bonus":"ONE_RARE_RELIC","is_prod":false,"is_daily":false,"chose_seed":false,"campfire_upgraded":2,"win_rate":0,"timestamp":1553654705,"path_taken":["M","M","?","?","M","E","R","M","T","?","E","?","?","?","R","BOSS"],"build_version":"2019-01-23","purchased_purges":0,"victory":false,"max_hp_per_floor":[72,72,72,72,72,72,72,72,72,72,72,72,72,72,72,72],"card_choices":[{"not_picked":["Disarm","Thunderclap"],"picked":"Shrug It Off","floor":1},{"not_picked":["Body Slam","Sword Boomerang"],"picked":"Juggernaut","floor":2},{"not_picked":["Havoc","Headbutt"],"picked":"Clash","floor":5},{"not_picked":["Cleave","Clash"],"picked":"Infernal Blade","floor":6},{"not_picked":["Dark Embrace","Clothesline"],"picked":"Second Wind","floor":8},{"not_picked":["Anger","Perfected Strike"],"picked":"Inflame","floor":10},{"not_picked":["Warcry","Sword Boomerang"],"picked":"Rage","floor":11},{"not_picked":["Body Slam","Wild Strike"],"picked":"Seeing Red","floor":12}],"player_experience":183978,"relics_obtained":[{"floor":6,"key":"Bronze Scales"},{"floor":9,"key":"Bag of Marbles"},{"floor":10,"key":"Meat on the Bone"},{"floor":11,"key":"MawBank"}],"event_choices":[{"damage_healed":0,"gold_gain":0,"player_choice":"Ignored","damage_taken":0,"max_hp_gain":0,"max_hp_loss":0,"event_name":"Golden Wing","floor":3,"gold_loss":0},{"damage_healed":0,"gold_gain":75,"player_choice":"Gather Gold","damage_taken":11,"max_hp_gain":0,"max_hp_loss":0,"event_name":"World of Goop","floor":4,"gold_loss":0},{"damage_healed":0,"gold_gain":30,"player_choice":"Searched \u00272\u0027 times","damage_taken":0,"max_hp_gain":0,"max_hp_loss":0,"event_name":"Dead Adventurer","floor":10,"gold_loss":0},{"damage_healed":0,"gold_gain":0,"player_choice":"Entered Light","damage_taken":14,"max_hp_gain":0,"max_hp_loss":0,"event_name":"Shining Light","floor":13,"gold_loss":0,"cards_upgraded":["Strike_R","Defend_R"]},{"damage_healed":0,"gold_gain":0,"player_choice":"Take Wound","damage_taken":0,"relics_obtained":["Golden Idol"],"max_hp_gain":0,"max_hp_loss":0,"event_name":"Golden Idol","floor":14,"gold_loss":0,"cards_obtained":["Injury"]}],"is_beta":false,"boss_relics":[],"items_purged_floors":[],"is_endless":false,"potions_floor_spawned":[2,5,6,12],"killed_by":"Slime Boss","ascension_level":0}