{"gold_per_floor":[215,215,3,15,35,61,37,51,99,249,249,261,261,24,24,98,98,117,117,167,167,92,92,120,120,120,138,138],"floor_reached":28,"playtime":779,"items_purged":[],"score":410,"play_id":"71bd0d66-211d-49fe-9891-97dede6868cb","local_time":"20190723231042","is_ascension_mode":true,"campfire_choices":[{"floor":13,"key":"REST"},{"data":"Machine Learning","floor":15,"key":"SMITH"},{"data":"Consume","floor":23,"key":"SMITH"},{"floor":25,"key":"REST"}],"neow_cost":"NONE","seed_source_timestamp":22479277390212,"circlet_count":0,"master_deck":["AscendersBane","Zap","Dualcast","Go for the Eyes","Consume+1","Ball Lightning","Machine Learning+1","Doom and Gloom","Leap","Cold Snap","Glacier","Sweeping Beam","All For One","Hyperbeam","Recycle","Tempest","Glacier","Ball Lightning","Lockon","Recycle","Core Surge","Coolheaded","Turbo"],"relics":["Cracked Core","Ancient Tea Set","Blue Candle","Boot","CultistMask","Lee\u0027s Waffle","Pandora\u0027s Box","MutagenicStrength","Juzu Bracelet","Ornamental Fan"],"potions_floor_usage":[8,24,28,28],"damage_taken":[{"damage":4,"enemies":"2 Louse","floor":1,"turns":2},{"damage":0,"enemies":"Cultist","floor":4,"turns":4},{"damage":0,"enemies":"Small Slimes","floor":5,"turns":2},{"damage":20,"enemies":"Gremlin Nob","floor":6,"turns":4},{"damage":11,"enemies":"Exordium Wildlife","floor":8,"turns":4},{"damage":1,"enemies":"Blue Slaver","floor":12,"turns":3},{"damage":22,"enemies":"Slime Boss","floor":16,"turns":8},{"damage":11,"enemies":"Spheric Guardian","floor":18,"turns":3},{"damage":44,"enemies":"Book of Stabbing","floor":24,"turns":7},{"damage":25,"enemies":"Shell Parasite","floor":27,"turns":6},{"damage":35,"enemies":"Slavers","floor":28,"turns":3}],"seed_played":"-5733483160411822824","potions_obtained":[{"floor":5,"key":"LiquidBronze"},{"floor":6,"key":"Energy Potion"},{"floor":18,"key":"Regen Potion"},{"floor":27,"key":"Weak Potion"}],"is_trial":false,"path_per_floor":["M","?","$","M","M","E","$","M","T","?","?","M","R","$","R","B",null,"M","?","?","?","?","R","E","R","T","M","E"],"character_chosen":"DEFECT","items_purchased":["Ancient Tea Set","Consume","Leap","Lee\u0027s Waffle","Sweeping Beam"],"campfire_rested":2,"item_purchase_floors":[3,3,7,14,14],"current_hp_per_floor":[60,39,39,39,39,19,19,8,8,8,8,7,28,78,78,56,73,62,62,62,62,62,62,33,56,56,31,0],"gold":138,"neow_bonus":"HUNDRED_GOLD","is_prod":false,"is_daily":false,"chose_seed":false,"campfire_upgraded":2,"win_rate":0,"timestamp":1563887442,"path_taken":["M","?","$","M","M","E","$","M","T","?","?","M","R","$","R","BOSS","M","?","?","?","?","R","E","R","T","M","E"],"build_version":"2019-07-17","purchased_purges":0,"victory":false,"max_hp_per_floor":[71,71,71,71,71,71,71,71,71,71,71,71,71,78,78,78,78,78,78,78,78,78,78,78,78,78,78,78],"card_choices":[{"not_picked":["Beam Cell","Stack"],"picked":"Go for the Eyes","floor":1},{"not_picked":["Stack","Turbo"],"picked":"Ball Lightning","floor":4},{"not_picked":["Rebound","Steam"],"picked":"Machine Learning","floor":5},{"not_picked":["Ball Lightning","White Noise"],"picked":"Doom and Gloom","floor":6},{"not_picked":["Storm","Aggregate"],"picked":"Cold Snap","floor":8},{"not_picked":["Beam Cell","Hologram"],"picked":"Glacier","floor":12},{"not_picked":["Thunder Strike","Amplify"],"picked":"All For One","floor":16},{"not_picked":["Doom and Gloom","Stack"],"picked":"Coolheaded","floor":18},{"not_picked":["Storm","Gash"],"picked":"Turbo","floor":24},{"not_picked":["Sweeping Beam","Turbo","Scrape+1"],"picked":"SKIP","floor":27}],"player_experience":1090031,"relics_obtained":[{"floor":6,"key":"Blue Candle"},{"floor":9,"key":"Boot"},{"floor":24,"key":"Juzu Bracelet"},{"floor":26,"key":"Ornamental Fan"}],"event_choices":[{"damage_healed":0,"gold_gain":0,"player_choice":"Entered Light","damage_taken":21,"max_hp_gain":0,"max_hp_loss":0,"event_name":"Shining Light","floor":2,"gold_loss":0,"cards_upgraded":["Strike_B","Strike_B"]},{"damage_healed":0,"gold_gain":150,"player_choice":"AGREE","damage_taken":0,"max_hp_gain":0,"max_hp_loss":0,"event_name":"Liars Game","floor":10,"gold_loss":0,"cards_obtained":["Doubt"]},{"damage_healed":0,"gold_gain":0,"player_choice":"Trade","damage_taken":0,"relics_obtained":["CultistMask"],"max_hp_gain":0,"max_hp_loss":0,"event_name":"FaceTrader","floor":11,"gold_loss":0},{"damage_healed":0,"gold_gain":0,"player_choice":"Ignored","damage_taken":0,"max_hp_gain":0,"max_hp_loss":0,"event_name":"Ghosts","floor":19,"gold_loss":0},{"damage_healed":0,"gold_gain":50,"player_choice":"Stole From Cult","damage_taken":0,"max_hp_gain":0,"max_hp_loss":0,"event_name":"Nest","floor":20,"gold_loss":0},{"damage_healed":0,"gold_gain":0,"player_choice":"Inject Mutagens","damage_taken":0,"relics_obtained":["MutagenicStrength"],"max_hp_gain":0,"max_hp_loss":0,"event_name":"Drug Dealer","floor":21,"gold_loss":0},{"cards_removed":["Doubt"],"damage_healed":0,"gold_gain":0,"player_choice":"Gave Gold","damage_taken":0,"max_hp_gain":0,"max_hp_loss":0,"event_name":"Beggar","floor":22,"gold_loss":75}],"is_beta":false,"boss_relics":[{"not_picked":["Tiny House","Coffee Dripper"],"picked":"Pandora\u0027s Box"}],"items_purged_floors":[],"is_endless":false,"potions_floor_spawned":[5,6,18,27],"killed_by":"Slavers","ascension_level":15}