{"gold_per_floor":[110,127,144,155,155,155,167,167,191,217,17,17,117,135,135,233,233,245,265,59,86,86,86,100,100,100,116,130,130,141,155,155,255,255,268,67,67,86,101,101,127,127,127,140,140,140,151,167,167,167,167,167,24,24],"floor_reached":54,"playtime":4098,"items_purged":[],"score":799,"play_id":"50ee6063-ad72-4827-abe1-41898822a08f","local_time":"20190908165629","is_ascension_mode":true,"campfire_choices":[{"floor":6,"key":"RECALL"},{"data":"Loop","floor":8,"key":"SMITH"},{"floor":12,"key":"REST"},{"data":"Defragment","floor":15,"key":"SMITH"},{"data":"Loop","floor":23,"key":"SMITH"},{"floor":25,"key":"REST"},{"floor":32,"key":"REST"},{"floor":40,"key":"REST"},{"floor":42,"key":"REST"},{"floor":49,"key":"REST"},{"floor":52,"key":"REST"}],"neow_cost":"NONE","seed_source_timestamp":364857788083500,"circlet_count":0,"master_deck":["Strike_B+1","Strike_B+1","Strike_B+1","Strike_B+1","Defend_B+1","Defend_B+1","Defend_B+1","Defend_B+1","Zap","Dualcast","Loop+1","Force Field","Self Repair","Loop+1","Go for the Eyes","Defragment+1","Hologram","Core Surge","Hologram","Sunder","Force Field","Cold Snap+1","Genetic Algorithm+1","Genetic Algorithm+1","Darkness+1","Electrodynamics","Glacier+1","Glacier+1","Writhe","Force Field+1","Darkness+1","Hologram+1","Recycle+1","Double Energy+1","Blizzard"],"relics":["Cracked Core","NeowsBlessing","Oddly Smooth Stone","TheAbacus","Snecko Eye","Toy Ornithopter","War Paint","Toxic Egg 2","Fusion Hammer","DollysMirror","Orichalcum","Kunai","Bag of Marbles"],"potions_floor_usage":[16,33,41,41,41,44,50,50],"damage_taken":[{"damage":0,"enemies":"2 Louse","floor":1,"turns":1},{"damage":0,"enemies":"Small Slimes","floor":2,"turns":1},{"damage":0,"enemies":"Cultist","floor":3,"turns":1},{"damage":10,"enemies":"2 Fungi Beasts","floor":4,"turns":4},{"damage":21,"enemies":"Exordium Wildlife","floor":7,"turns":5},{"damage":17,"enemies":"Lagavulin","floor":10,"turns":8},{"damage":8,"enemies":"Looter","floor":14,"turns":4},{"damage":28,"enemies":"The Guardian","floor":16,"turns":8},{"damage":10,"enemies":"Shell Parasite","floor":18,"turns":9},{"damage":27,"enemies":"Spheric Guardian","floor":19,"turns":7},{"damage":12,"enemies":"Snake Plant","floor":24,"turns":3},{"damage":17,"enemies":"Centurion and Healer","floor":27,"turns":4},{"damage":2,"enemies":"Snecko","floor":28,"turns":4},{"damage":6,"enemies":"Cultist and Chosen","floor":30,"turns":5},{"damage":10,"enemies":"Snake Plant","floor":31,"turns":4},{"damage":48,"enemies":"Automaton","floor":33,"turns":8},{"damage":62,"enemies":"3 Darklings","floor":35,"turns":7},{"damage":0,"enemies":"Orb Walker","floor":38,"turns":5},{"damage":27,"enemies":"Transient","floor":39,"turns":5},{"damage":44,"enemies":"Nemesis","floor":41,"turns":11},{"damage":19,"enemies":"Jaw Worm Horde","floor":44,"turns":6},{"damage":0,"enemies":"4 Shapes","floor":47,"turns":8},{"damage":1,"enemies":"Spire Growth","floor":48,"turns":8},{"damage":23,"enemies":"Donu and Deca","floor":50,"turns":18},{"damage":80,"enemies":"Shield and Spear","floor":54,"turns":8}],"seed_played":"6118686722870303141","potions_obtained":[{"floor":3,"key":"FocusPotion"},{"floor":7,"key":"EssenceOfSteel"},{"floor":24,"key":"AttackPotion"},{"floor":27,"key":"EntropicBrew"},{"floor":33,"key":"Dexterity Potion"},{"floor":44,"key":"Swift Potion"}],"is_trial":false,"path_per_floor":["M","M","M","M","?","R","M","R","T","E","$","R","?","M","R","B",null,"M","M","$","T","?","R","M","R","T","M","M","$","M","M","R","B",null,"M","$","?","M","M","R","E","R","T","M","?","?","M","M","R","B",null,"R","$","E"],"character_chosen":"DEFECT","items_purchased":["TheAbacus","Toy Ornithopter","DollysMirror","Bag of Marbles"],"campfire_rested":7,"item_purchase_floors":[11,20,36,53],"current_hp_per_floor":[75,75,75,72,72,72,58,58,58,48,48,70,70,69,69,48,75,72,52,52,52,52,52,40,62,62,52,50,50,44,41,63,27,75,20,20,39,46,26,48,26,48,48,41,41,41,48,54,75,61,75,75,75,0],"gold":24,"neow_bonus":"THREE_ENEMY_KILL","is_prod":false,"is_daily":false,"chose_seed":false,"campfire_upgraded":3,"win_rate":0,"timestamp":1567979789,"path_taken":["M","M","M","M","?","R","M","R","T","E","$","R","?","M","R","BOSS","M","M","$","?","?","R","M","R","T","M","M","$","M","M","R","BOSS","M","$","?","M","M","R","E","R","T","M","?","?","?","M","R","BOSS","R","$","E"],"build_version":"2019-07-17","purchased_purges":0,"victory":false,"max_hp_per_floor":[75,75,75,75,75,75,75,75,75,75,75,75,75,75,75,75,75,75,75,75,75,75,75,75,75,75,75,75,75,75,75,75,75,75,75,75,75,75,75,75,75,75,75,75,75,75,75,75,75,75,75,75,75,75],"card_choices":[{"not_picked":["Ball Lightning","Stack"],"picked":"Loop","floor":1},{"not_picked":["Scrape","Sunder"],"picked":"Force Field","floor":2},{"not_picked":["Beam Cell","Conserve Battery"],"picked":"Self Repair","floor":3},{"not_picked":["Gash","Redo"],"picked":"Loop","floor":4},{"not_picked":["Stack","Beam Cell"],"picked":"Go for the Eyes","floor":7},{"not_picked":["Coolheaded","Darkness"],"picked":"Defragment","floor":10},{"not_picked":["Beam Cell","Leap"],"picked":"Hologram","floor":14},{"not_picked":["Multi-Cast","Rainbow"],"picked":"Core Surge","floor":16},{"not_picked":["Steam","Loop"],"picked":"Hologram","floor":18},{"not_picked":["Aggregate","Static Discharge"],"picked":"Sunder","floor":19},{"not_picked":["Steam","Hello World"],"picked":"Force Field","floor":24},{"not_picked":["Leap+1","Stack+1"],"picked":"Cold Snap+1","floor":27},{"not_picked":["Beam Cell+1","Gash"],"picked":"Genetic Algorithm+1","floor":28},{"not_picked":["Redo+1","Go for the Eyes"],"picked":"Genetic Algorithm+1","floor":30},{"not_picked":["Conserve Battery+1","Compile Driver"],"picked":"Darkness+1","floor":31},{"not_picked":["Meteor Strike","Core Surge"],"picked":"Electrodynamics","floor":33},{"not_picked":["Stack+1","Static Discharge+1"],"picked":"Glacier+1","floor":35},{"not_picked":["Leap+1","Go for the Eyes+1"],"picked":"Force Field+1","floor":38},{"not_picked":["Steam+1","Loop"],"picked":"Darkness+1","floor":39},{"not_picked":["Barrage","Cold Snap+1"],"picked":"Hologram+1","floor":41},{"not_picked":["Melter","Self Repair+1"],"picked":"Recycle+1","floor":44},{"not_picked":["Auto Shields+1","Leap+1"],"picked":"Double Energy+1","floor":47},{"not_picked":["Stack+1","Sweeping Beam"],"picked":"Blizzard","floor":48}],"player_experience":282514,"relics_obtained":[{"floor":10,"key":"Oddly Smooth Stone"},{"floor":21,"key":"War Paint"},{"floor":26,"key":"Toxic Egg 2"},{"floor":41,"key":"Orichalcum"},{"floor":43,"key":"Kunai"}],"event_choices":[{"damage_healed":0,"gold_gain":0,"player_choice":"Ignored","damage_taken":0,"max_hp_gain":0,"max_hp_loss":0,"event_name":"Liars Game","floor":5,"gold_loss":0},{"damage_healed":0,"gold_gain":100,"player_choice":"Pray","damage_taken":0,"max_hp_gain":0,"max_hp_loss":0,"event_name":"Golden Shrine","floor":13,"gold_loss":0},{"damage_healed":0,"gold_gain":0,"player_choice":"Simplicity","damage_taken":0,"max_hp_gain":0,"max_hp_loss":0,"event_name":"Back to Basics","floor":22,"gold_loss":0,"cards_upgraded":["Strike_B","Strike_B","Strike_B","Strike_B","Defend_B","Defend_B"]},{"damage_healed":19,"gold_gain":0,"player_choice":"Writhe","damage_taken":0,"max_hp_gain":0,"max_hp_loss":0,"event_name":"Winding Halls","floor":37,"gold_loss":0,"cards_obtained":["Writhe"]},{"damage_healed":0,"gold_gain":0,"player_choice":"Ignored","damage_taken":0,"max_hp_gain":0,"max_hp_loss":0,"event_name":"Tomb of Lord Red Mask","floor":45,"gold_loss":0},{"damage_healed":0,"gold_gain":0,"player_choice":"Leave","damage_taken":0,"max_hp_gain":0,"max_hp_loss":0,"event_name":"FaceTrader","floor":46,"gold_loss":0}],"is_beta":false,"boss_relics":[{"not_picked":["Black Star","Empty Cage"],"picked":"Snecko Eye"},{"not_picked":["Pandora\u0027s Box","Nuclear Battery"],"picked":"Fusion Hammer"}],"items_purged_floors":[],"is_endless":false,"potions_floor_spawned":[3,7,24,27,33,39,41,44],"killed_by":"Shield and Spear","ascension_level":3}