{"gold_per_floor":[119,135,209,227,245,273,273,290,290,290,20,20,55,65,65,163,163,174,194,209,226,15,15,15,27,327,346,346,359,309,13,13,13],"floor_reached":33,"playtime":1219,"items_purged":[],"score":311,"play_id":"37aba929-b102-4577-9fdc-9e1514035e54","local_time":"20190327190201","is_ascension_mode":false,"campfire_choices":[{"floor":7,"key":"REST"},{"data":"Pommel Strike","floor":10,"key":"SMITH"},{"data":"Pommel Strike","floor":15,"key":"SMITH"},{"floor":23,"key":"REST"},{"floor":28,"key":"REST"},{"floor":32,"key":"REST"}],"neow_cost":"NONE","seed_source_timestamp":29881644559540,"circlet_count":0,"master_deck":["Strike_R","Strike_R","Strike_R","Strike_R","Strike_R","Defend_R","Defend_R","Defend_R","Defend_R","Bash","Limit Break","Wild Strike","Pommel Strike+1","Perfected Strike","Body Slam","Twin Strike","Twin Strike","Twin Strike","Shrug It Off+1","Pommel Strike+1","Demon Form","Power Through+1","Flex+1","Twin Strike+1","Spot Weakness+1","Iron Wave","Anger+1","Power Through+1","Rage+1","Seeing Red+1","Limit Break+1","Wild Strike","Armaments+1","Twin Strike","Metallicize"],"relics":["Burning Blood","Bird Faced Urn","Kunai","Toxic Egg 2","Ancient Tea Set","Black Star","Dream Catcher","Old Coin","HandDrill"],"potions_floor_usage":[6,6,19,19,27,27,29],"damage_taken":[{"damage":1,"enemies":"Cultist","floor":1,"turns":4},{"damage":6,"enemies":"Jaw Worm","floor":2,"turns":4},{"damage":0,"enemies":"Small Slimes","floor":4,"turns":3},{"damage":33,"enemies":"Exordium Thugs","floor":5,"turns":5},{"damage":23,"enemies":"Lagavulin","floor":6,"turns":5},{"damage":0,"enemies":"3 Louse","floor":8,"turns":2},{"damage":6,"enemies":"Gremlin Nob","floor":13,"turns":3},{"damage":2,"enemies":"Red Slaver","floor":14,"turns":2},{"damage":60,"enemies":"Hexaghost","floor":16,"turns":10},{"damage":23,"enemies":"Shell Parasite","floor":18,"turns":7},{"damage":16,"enemies":"3 Byrds","floor":19,"turns":8},{"damage":28,"enemies":"Centurion and Healer","floor":20,"turns":6},{"damage":21,"enemies":"Snake Plant","floor":21,"turns":2},{"damage":19,"enemies":"Chosen and Byrds","floor":25,"turns":5},{"damage":20,"enemies":"Snecko","floor":27,"turns":5},{"damage":35,"enemies":"Centurion and Healer","floor":29,"turns":8},{"damage":68,"enemies":"Automaton","floor":33,"turns":6}],"seed_played":"8284658973494766266","potions_obtained":[{"floor":1,"key":"Poison Potion"},{"floor":5,"key":"EssenceOfSteel"},{"floor":8,"key":"Regen Potion"},{"floor":16,"key":"PowerPotion"},{"floor":18,"key":"Weak Potion"},{"floor":20,"key":"Strength Potion"},{"floor":27,"key":"Block Potion"}],"is_trial":false,"path_per_floor":["M","M","?","M","M","E","R","M","T","R","$","?","E","M","R","B",null,"M","M","M","M","$","R","?","M","T","M","R","M","?","$","R","B"],"character_chosen":"IRONCLAD","items_purchased":["Toxic Egg 2","Cleave","Dream Catcher","Iron Wave","HandDrill","Armaments+1","Twin Strike"],"campfire_rested":4,"item_purchase_floors":[11,11,22,22,31,31,31],"current_hp_per_floor":[80,80,80,80,53,36,60,66,66,66,66,66,66,70,70,16,80,65,59,37,22,22,46,46,33,33,35,59,30,30,30,54,0],"gold":13,"neow_bonus":"ONE_RANDOM_RARE_CARD","is_prod":false,"is_daily":false,"chose_seed":false,"campfire_upgraded":2,"win_rate":0,"timestamp":1553677321,"path_taken":["M","?","?","M","M","E","R","M","T","R","$","?","E","?","R","BOSS","M","M","M","M","$","R","?","?","T","?","R","M","?","$","R","BOSS"],"build_version":"2019-01-23","purchased_purges":0,"victory":false,"max_hp_per_floor":[80,80,80,80,80,80,80,80,80,80,80,80,80,80,80,80,80,80,80,80,80,80,80,80,80,80,80,80,80,80,80,80,80],"card_choices":[{"not_picked":["Dropkick","Sword Boomerang"],"picked":"Wild Strike","floor":1},{"not_picked":["Thunderclap","Havoc"],"picked":"Pommel Strike","floor":2},{"not_picked":["Flex","Power Through"],"picked":"Perfected Strike","floor":4},{"not_picked":["Perfected Strike","Spot Weakness"],"picked":"Body Slam","floor":5},{"not_picked":["Dark Embrace","Havoc"],"picked":"Twin Strike","floor":6},{"not_picked":["Armaments","Rupture"],"picked":"Twin Strike","floor":8},{"not_picked":["Anger","Sever Soul"],"picked":"Shrug It Off+1","floor":13},{"not_picked":["Rupture","Intimidate+1"],"picked":"Pommel Strike","floor":14},{"not_picked":["Immolate","Bludgeon"],"picked":"Demon Form","floor":16},{"not_picked":["Perfected Strike+1","Sever Soul"],"picked":"Power Through+1","floor":18},{"not_picked":["Combust","Flame Barrier+1"],"picked":"Flex+1","floor":19},{"not_picked":["Clothesline","Sentinel+1"],"picked":"Twin Strike+1","floor":20},{"not_picked":["Shrug It Off+1","Anger"],"picked":"Spot Weakness+1","floor":21},{"not_picked":["Flex+1","Havoc+1"],"picked":"Anger+1","floor":23},{"not_picked":["Flex+1","Fire Breathing"],"picked":"Rage+1","floor":25},{"not_picked":["Iron Wave","Sword Boomerang"],"picked":"Seeing Red+1","floor":27},{"not_picked":["Sword Boomerang+1","Corruption"],"picked":"Limit Break+1","floor":28},{"not_picked":["Shrug It Off+1","Clash"],"picked":"Wild Strike","floor":29},{"not_picked":["Havoc+1","Battle Trance+1"],"picked":"Metallicize","floor":32}],"player_experience":204114,"relics_obtained":[{"floor":6,"key":"Bird Faced Urn"},{"floor":9,"key":"Kunai"},{"floor":13,"key":"Ancient Tea Set"},{"floor":26,"key":"Old Coin"}],"event_choices":[{"damage_healed":0,"gold_gain":74,"player_choice":"Gained Gold","damage_taken":0,"max_hp_gain":0,"max_hp_loss":0,"event_name":"Golden Wing","floor":3,"gold_loss":0},{"damage_healed":0,"gold_gain":0,"cards_transformed":["Cleave"],"player_choice":"Transformed","damage_taken":0,"max_hp_gain":0,"max_hp_loss":0,"event_name":"Transmorgrifier","floor":12,"gold_loss":0,"cards_obtained":["Twin Strike"]},{"damage_healed":0,"gold_gain":0,"player_choice":"Copied","damage_taken":0,"max_hp_gain":0,"max_hp_loss":0,"event_name":"Duplicator","floor":24,"gold_loss":0,"cards_obtained":["Power Through"]},{"damage_healed":0,"gold_gain":0,"player_choice":"Bet on Murderer","damage_taken":0,"max_hp_gain":0,"max_hp_loss":0,"event_name":"The Joust","floor":30,"gold_loss":50}],"is_beta":false,"boss_relics":[{"not_picked":["White Beast Statue","Pandora\u0027s Box"],"picked":"Black Star"}],"items_purged_floors":[],"is_endless":false,"potions_floor_spawned":[1,5,8,16,18,20,27],"killed_by":"Automaton","ascension_level":0}