{"gold_per_floor":[117,132,132,146,160,160,192,207,207,222,255,255,285,210,210,287,287,302,302,44,44,64,64,77,106,106,122,139,139,170,200,200,200],"floor_reached":33,"playtime":1748,"items_purged":["Strike_R","Strike_R"],"score":599,"play_id":"69d73e9b-0923-425e-bbe2-0ca3f13e0dde","local_time":"20190422134753","is_ascension_mode":true,"campfire_choices":[{"data":"Immolate","floor":6,"key":"SMITH"},{"data":"Spot Weakness","floor":15,"key":"SMITH"},{"data":"Headbutt","floor":23,"key":"SMITH"},{"data":"Flame Barrier","floor":32,"key":"SMITH"}],"neow_cost":"PERCENT_DAMAGE","seed_source_timestamp":845160858735800,"circlet_count":0,"master_deck":["AscendersBane","Defend_R","Defend_R","Defend_R","Defend_R","Bash","Immolate+1","Limit Break","Headbutt+1","Shrug It Off","Shockwave+1","Spot Weakness+1","Reaper","Warcry+1","Twin Strike","Flame Barrier+1"],"relics":["Burning Blood","Letter Opener","Bottled Flame","Oddly Smooth Stone","Peace Pipe","Velvet Choker","Anchor","Boot","Matryoshka","Bronze Scales","Red Mask"],"potions_floor_usage":[5,13,22,33,33],"damage_taken":[{"damage":2,"enemies":"Jaw Worm","floor":1,"turns":3},{"damage":1,"enemies":"Cultist","floor":2,"turns":4},{"damage":3,"enemies":"Small Slimes","floor":4,"turns":2},{"damage":7,"enemies":"Exordium Thugs","floor":5,"turns":3},{"damage":20,"enemies":"3 Sentries","floor":7,"turns":4},{"damage":0,"enemies":"Large Slime","floor":8,"turns":4},{"damage":12,"enemies":"Exordium Wildlife","floor":10,"turns":2},{"damage":8,"enemies":"Gremlin Nob","floor":11,"turns":3},{"damage":4,"enemies":"3 Sentries","floor":13,"turns":3},{"damage":39,"enemies":"The Guardian","floor":16,"turns":8},{"damage":11,"enemies":"2 Thieves","floor":18,"turns":3},{"damage":19,"enemies":"Spheric Guardian","floor":22,"turns":4},{"damage":18,"enemies":"Snake Plant","floor":24,"turns":4},{"damage":19,"enemies":"Slavers","floor":25,"turns":3},{"damage":7,"enemies":"Centurion and Healer","floor":27,"turns":3},{"damage":14,"enemies":"Chosen and Byrds","floor":28,"turns":4},{"damage":5,"enemies":"Gremlin Leader","floor":30,"turns":4},{"damage":0,"enemies":"Masked Bandits","floor":31,"turns":2},{"damage":92,"enemies":"Champ","floor":33,"turns":12}],"seed_played":"-7627874154831651677","potions_obtained":[{"floor":2,"key":"FearPotion"},{"floor":4,"key":"Energy Potion"},{"floor":8,"key":"BloodPotion"},{"floor":13,"key":"BloodPotion"},{"floor":24,"key":"PowerPotion"}],"is_trial":false,"path_per_floor":["M","M","?","M","M","R","E","M","T","M","E","?","E","$","R","B",null,"M","?","$","?","M","R","M","E","T","M","M","$","E","?","R","B"],"character_chosen":"IRONCLAD","items_purchased":["Anchor"],"campfire_rested":0,"item_purchase_floors":[20],"current_hp_per_floor":[54,59,59,62,61,61,47,53,53,47,45,45,54,54,54,21,62,57,57,57,57,52,52,58,72,72,74,67,67,68,74,74,0],"gold":200,"neow_bonus":"TRANSFORM_TWO_CARDS","is_prod":false,"is_daily":false,"chose_seed":false,"campfire_upgraded":4,"win_rate":0,"timestamp":1555966073,"path_taken":["M","M","?","?","M","R","E","M","T","M","E","?","E","$","R","BOSS","M","?","$","?","M","R","M","E","T","M","M","$","E","?","R","BOSS"],"build_version":"2019-01-23","purchased_purges":2,"victory":false,"max_hp_per_floor":[75,75,75,75,75,75,75,75,75,75,75,75,75,75,75,75,75,75,75,75,75,75,75,75,75,75,75,75,75,75,75,75,75],"card_choices":[{"not_picked":["Body Slam","Power Through","Evolve"],"picked":"SKIP","floor":1},{"not_picked":["Rampage","Pommel Strike"],"picked":"Headbutt","floor":2},{"not_picked":["Combust","Thunderclap","Sever Soul"],"picked":"SKIP","floor":4},{"not_picked":["Searing Blow","Iron Wave","Ghostly Armor"],"picked":"SKIP","floor":5},{"not_picked":["Sentinel","Sword Boomerang"],"picked":"Shrug It Off","floor":7},{"not_picked":["Sword Boomerang","Thunderclap","Rage"],"picked":"SKIP","floor":8},{"not_picked":["Barricade","Armaments"],"picked":"Shockwave","floor":10},{"not_picked":["Body Slam","Power Through","Perfected Strike"],"picked":"SKIP","floor":11},{"not_picked":["Sentinel","Shockwave"],"picked":"Spot Weakness","floor":13},{"not_picked":["Immolate","Limit Break"],"picked":"Reaper","floor":16},{"not_picked":["Inflame","Intimidate","Anger"],"picked":"SKIP","floor":18},{"not_picked":["Anger","Perfected Strike","Wild Strike"],"picked":"SKIP","floor":22},{"not_picked":["Headbutt","Cleave"],"picked":"Warcry+1","floor":24},{"not_picked":["Hemokinesis+1","Barricade"],"picked":"Twin Strike","floor":25},{"not_picked":["Cleave","Sword Boomerang"],"picked":"Flame Barrier","floor":27},{"not_picked":["Dual Wield","Iron Wave","Rupture"],"picked":"SKIP","floor":28},{"not_picked":["Wild Strike","Fire Breathing","Headbutt"],"picked":"SKIP","floor":30}],"player_experience":473193,"relics_obtained":[{"floor":7,"key":"Letter Opener"},{"floor":9,"key":"Bottled Flame"},{"floor":11,"key":"Oddly Smooth Stone"},{"floor":13,"key":"Peace Pipe"},{"floor":25,"key":"Boot"},{"floor":26,"key":"Matryoshka"},{"floor":30,"key":"Bronze Scales"},{"floor":31,"key":"Red Mask"}],"event_choices":[{"cards_removed":["Strike_R"],"damage_healed":0,"gold_gain":0,"player_choice":"Purged","damage_taken":0,"max_hp_gain":0,"max_hp_loss":0,"event_name":"Purifier","floor":3,"gold_loss":0},{"damage_healed":0,"gold_gain":0,"player_choice":"Grow","damage_taken":0,"max_hp_gain":0,"max_hp_loss":0,"event_name":"Living Wall","floor":12,"gold_loss":0,"cards_upgraded":["Shockwave"]},{"damage_healed":0,"gold_gain":0,"player_choice":"Ignored","damage_taken":0,"max_hp_gain":0,"max_hp_loss":0,"event_name":"Vampires","floor":19,"gold_loss":0},{"damage_healed":0,"gold_gain":0,"player_choice":"Fought Bandits","damage_taken":0,"max_hp_gain":0,"max_hp_loss":0,"event_name":"Masked Bandits","floor":31,"gold_loss":0}],"is_beta":false,"boss_relics":[{"not_picked":["Astrolabe","Busted Crown"],"picked":"Velvet Choker"}],"items_purged_floors":[14,20],"is_endless":false,"potions_floor_spawned":[2,4,8,10,13,24,25,31],"killed_by":"Champ","ascension_level":19}