{"gold_per_floor":[112,112,112,77,95,95,129,160,199,224,262,287,299,6,6,84,84,64,64,143,163,175,200,200],"floor_reached":24,"playtime":1303,"items_purged":[],"score":502,"play_id":"51d0c702-ac52-41ef-8e1d-a64ae7aea0ab","local_time":"20190430231439","is_ascension_mode":true,"campfire_choices":[{"data":"Neutralize","floor":6,"key":"SMITH"},{"data":"Skewer","floor":13,"key":"SMITH"},{"data":"Malaise","floor":15,"key":"SMITH"}],"neow_cost":"NONE","seed_source_timestamp":564229380423496,"circlet_count":0,"master_deck":["AscendersBane","Defend_G+1","Defend_G+1","Defend_G","Defend_G","Defend_G","Strike_G","Strike_G","Strike_G","Strike_G","Strike_G","Survivor","Neutralize+1","Bane+1","Cloak And Dagger","Poisoned Stab","Venomology","Dagger Throw","Well Laid Plans","Skewer+1","Malaise+1","A Thousand Cuts","Backstab","Shame","Backstab","Backflip"],"relics":["Ring of the Snake","NeowsBlessing","MawBank","Vajra","Bag of Marbles","Tiny Chest","Eternal Feather","Centennial Puzzle","The Courier","Mercury Hourglass"],"potions_floor_usage":[10,11,16,16,18,18,21,22,23,23,23,23,24],"damage_taken":[{"damage":0,"enemies":"Cultist","floor":1,"turns":1},{"damage":0,"enemies":"Small Slimes","floor":5,"turns":1},{"damage":0,"enemies":"Lagavulin","floor":7,"turns":1},{"damage":0,"enemies":"2 Louse","floor":8,"turns":3},{"damage":0,"enemies":"Exordium Wildlife","floor":10,"turns":3},{"damage":25,"enemies":"3 Sentries","floor":11,"turns":9},{"damage":0,"enemies":"Red Slaver","floor":12,"turns":4},{"damage":3,"enemies":"Hexaghost","floor":16,"turns":11},{"damage":21,"enemies":"2 Thieves","floor":18,"turns":4},{"damage":25,"enemies":"Shell Parasite","floor":21,"turns":6},{"damage":5,"enemies":"Snake Plant","floor":22,"turns":5},{"damage":19,"enemies":"Book of Stabbing","floor":23,"turns":4},{"damage":9,"enemies":"Centurion and Healer","floor":24,"turns":1}],"seed_played":"5193813631503853136","potions_obtained":[{"floor":1,"key":"EssenceOfSteel"},{"floor":7,"key":"Swift Potion"},{"floor":16,"key":"Weak Potion"},{"floor":18,"key":"Regen Potion"},{"floor":23,"key":"Weak Potion"}],"is_trial":false,"path_per_floor":["M","?","?","?","M","R","E","M","T","M","E","M","R","$","R","B",null,"M","?","T","M","M","E","M"],"character_chosen":"THE_SILENT","items_purchased":["Tiny Chest","Malaise"],"campfire_rested":0,"item_purchase_floors":[14,14],"current_hp_per_floor":[59,59,39,55,55,55,55,55,55,55,30,30,30,30,30,27,56,35,35,35,25,20,1,0],"gold":200,"neow_bonus":"THREE_ENEMY_KILL","is_prod":false,"is_daily":false,"chose_seed":false,"campfire_upgraded":3,"win_rate":0,"timestamp":1556680479,"path_taken":["M","?","?","?","M","R","E","M","T","M","E","M","R","$","R","BOSS","M","?","?","M","?","E","M"],"build_version":"2019-01-23","purchased_purges":0,"victory":false,"max_hp_per_floor":[66,66,66,66,66,66,66,66,66,66,66,66,66,66,66,66,66,66,66,66,66,66,66,66],"card_choices":[{"not_picked":["Distraction","Blur"],"picked":"Bane","floor":1},{"not_picked":["Eviscerate","PiercingWail"],"picked":"Cloak And Dagger","floor":5},{"not_picked":["Dagger Spray","Leg Sweep"],"picked":"Poisoned Stab","floor":7},{"not_picked":["Underhanded Strike","Escape Plan"],"picked":"Venomology","floor":8},{"not_picked":["Leg Sweep","Backflip"],"picked":"Dagger Throw","floor":10},{"not_picked":["Quick Slash","Bouncing Flask"],"picked":"Well Laid Plans","floor":11},{"not_picked":["Deflect","Sucker Punch"],"picked":"Skewer","floor":12},{"not_picked":["Tools of the Trade","Burst"],"picked":"A Thousand Cuts","floor":16},{"not_picked":["Calculated Gamble","Leg Sweep"],"picked":"Backstab","floor":18},{"not_picked":["Dagger Spray","Flechettes","Distraction"],"picked":"SKIP","floor":21},{"not_picked":["Quick Slash","Slice"],"picked":"Backstab","floor":22},{"not_picked":["Infinite Blades","Prepared"],"picked":"Backflip","floor":23}],"player_experience":1334804,"relics_obtained":[{"floor":7,"key":"MawBank"},{"floor":9,"key":"Vajra"},{"floor":11,"key":"Bag of Marbles"},{"floor":20,"key":"The Courier"},{"floor":23,"key":"Mercury Hourglass"}],"event_choices":[{"damage_healed":0,"gold_gain":0,"player_choice":"Grow","damage_taken":0,"max_hp_gain":0,"max_hp_loss":0,"event_name":"Living Wall","floor":2,"gold_loss":0,"cards_upgraded":["Bane"]},{"damage_healed":0,"gold_gain":0,"player_choice":"Entered Light","damage_taken":20,"max_hp_gain":0,"max_hp_loss":0,"event_name":"Shining Light","floor":3,"gold_loss":0,"cards_upgraded":["Defend_G","Defend_G"]},{"damage_healed":16,"gold_gain":0,"player_choice":"Healed","damage_taken":0,"max_hp_gain":0,"max_hp_loss":0,"event_name":"The Cleric","floor":4,"gold_loss":35},{"damage_healed":0,"gold_gain":0,"player_choice":"Stole Relic","damage_taken":0,"relics_obtained":["Centennial Puzzle"],"max_hp_gain":0,"max_hp_loss":0,"event_name":"Addict","floor":19,"gold_loss":0,"cards_obtained":["Shame"]}],"is_beta":false,"boss_relics":[{"not_picked":["Sozu","HoveringKite"],"picked":"Eternal Feather"}],"items_purged_floors":[],"is_endless":false,"potions_floor_spawned":[1,7,8,11,16,18,23],"killed_by":"Centurion and Healer","ascension_level":20}