{"gold_per_floor":[111,122,135,150,161,161,189,208,208,219,219,219,219,238,238,238],"floor_reached":16,"playtime":885,"items_purged":[],"score":201,"play_id":"3c39ae6f-c349-4cb3-9e59-eace0e73e441","local_time":"20181226234619","is_ascension_mode":true,"campfire_choices":[{"data":"Finisher","floor":6,"key":"SMITH"},{"floor":13,"key":"REST"},{"floor":15,"key":"REST"}],"neow_cost":"NONE","seed_source_timestamp":80659199686272,"circlet_count":0,"master_deck":["AscendersBane","Defend_G","Defend_G","Defend_G","Defend_G","Defend_G","Strike_G","Strike_G","Strike_G","Strike_G","Strike_G","Survivor","Neutralize","Burst","Finisher+1","Deadly Poison","Cloak And Dagger","Dagger Spray","Endless Agony","Caltrops"],"relics":["Ring of the Snake","Pear","Mummified Hand","Golden Idol","Ancient Tea Set"],"potions_floor_usage":[7,8,8,14,16],"damage_taken":[{"damage":2,"enemies":"2 Louse","floor":1,"turns":5},{"damage":0,"enemies":"Small Slimes","floor":2,"turns":4},{"damage":11,"enemies":"Jaw Worm","floor":3,"turns":3},{"damage":7,"enemies":"3 Louse","floor":4,"turns":3},{"damage":0,"enemies":"Looter","floor":5,"turns":4},{"damage":22,"enemies":"3 Sentries","floor":7,"turns":9},{"damage":7,"enemies":"Gremlin Gang","floor":8,"turns":5},{"damage":0,"enemies":"2 Fungi Beasts","floor":10,"turns":3},{"damage":8,"enemies":"Exordium Thugs","floor":14,"turns":3},{"damage":34,"enemies":"Slime Boss","floor":16,"turns":8}],"seed_played":"6663984348582719435","potions_obtained":[{"floor":2,"key":"PowerPotion"},{"floor":4,"key":"SteroidPotion"},{"floor":7,"key":"Energy Potion"},{"floor":10,"key":"GamblersBrew"},{"floor":14,"key":"Swift Potion"}],"is_trial":false,"path_per_floor":["M","M","M","M","M","R","E","M","T","M","?","?","R","M","R","B"],"character_chosen":"THE_SILENT","items_purchased":[],"campfire_rested":2,"item_purchase_floors":[],"current_hp_per_floor":[57,57,46,39,39,39,27,20,20,20,20,2,22,14,34,0],"gold":238,"neow_bonus":"ONE_RANDOM_RARE_CARD","is_prod":false,"is_daily":false,"chose_seed":false,"campfire_upgraded":1,"win_rate":0,"timestamp":1545885979,"path_taken":["M","M","M","M","M","R","E","M","T","M","?","?","R","M","R","BOSS"],"build_version":"2018-12-20","purchased_purges":0,"victory":false,"max_hp_per_floor":[66,66,66,66,66,66,76,76,76,76,69,69,69,69,69,69],"card_choices":[{"not_picked":["Acrobatics","Choke"],"picked":"Finisher","floor":1},{"not_picked":["Choke","Sucker Punch"],"picked":"Deadly Poison","floor":2},{"not_picked":["Blade Dance","Crippling Poison"],"picked":"Cloak And Dagger","floor":3},{"not_picked":["Reflex","Bane"],"picked":"Dagger Spray","floor":4},{"not_picked":["Acrobatics","Tools of the Trade"],"picked":"Endless Agony","floor":5},{"not_picked":["Dagger Throw","Bane","Acrobatics"],"picked":"SKIP","floor":7},{"not_picked":["Prepared","Reflex","Cloak And Dagger"],"picked":"SKIP","floor":8},{"not_picked":["Setup","Slice","Flechettes"],"picked":"SKIP","floor":10},{"not_picked":["Setup","Slice","Flechettes"],"picked":"SKIP","floor":10},{"not_picked":["Calculated Gamble","Blur"],"picked":"Caltrops","floor":14}],"player_experience":1019292,"relics_obtained":[{"floor":7,"key":"Pear"},{"floor":9,"key":"Mummified Hand"}],"event_choices":[{"damage_healed":0,"gold_gain":0,"player_choice":"Lose Max HP","damage_taken":0,"relics_obtained":["Golden Idol"],"max_hp_gain":0,"max_hp_loss":7,"event_name":"Golden Idol","floor":11,"gold_loss":0},{"damage_healed":0,"gold_gain":0,"player_choice":"Success","damage_taken":18,"relics_obtained":["Ancient Tea Set"],"max_hp_gain":0,"max_hp_loss":0,"event_name":"Scrap Ooze","floor":12,"gold_loss":0}],"is_beta":false,"boss_relics":[],"items_purged_floors":[],"is_endless":false,"potions_floor_spawned":[2,4,7,10,14],"killed_by":"Slime Boss","ascension_level":18}