{"gold_per_floor":[109,109,127,7,7,7,26,26,26,26,53,72,125,135,135,230,230,240,259,50,50,50],"floor_reached":22,"playtime":742,"items_purged":[],"score":248,"play_id":"82e3f905-ebfd-48f0-bda4-ea3c2d615ce2","local_time":"20190529152950","is_ascension_mode":true,"campfire_choices":[{"data":"Power Through","floor":6,"key":"SMITH"},{"data":"Body Slam","floor":8,"key":"SMITH"},{"data":"Burning Pact","floor":10,"key":"SMITH"},{"data":"Pommel Strike","floor":15,"key":"SMITH"}],"neow_cost":"NONE","seed_source_timestamp":61151484059191,"circlet_count":0,"master_deck":["Strike_R","Strike_R","Strike_R","Strike_R","Strike_R","Defend_R","Defend_R","Defend_R","Defend_R","Bash","Power Through+1","Clash","Burning Pact+1","Twin Strike","Body Slam+1","Pommel Strike+1","Warcry","Whirlwind","Demon Form","Cleave","Battle Trance","Seeing Red","Wild Strike","Blood for Blood","Double Tap","Uppercut","Metallicize","Panache"],"relics":["Burning Blood","NeowsBlessing","Dream Catcher","Mummified Hand","Strawberry","Oddly Smooth Stone","Orrery"],"potions_floor_usage":[11,12,12,16,18],"damage_taken":[{"damage":0,"enemies":"Jaw Worm","floor":1,"turns":1},{"damage":0,"enemies":"Small Slimes","floor":3,"turns":1},{"damage":0,"enemies":"Cultist","floor":7,"turns":1},{"damage":13,"enemies":"Gremlin Nob","floor":11,"turns":4},{"damage":23,"enemies":"Exordium Thugs","floor":12,"turns":5},{"damage":12,"enemies":"Large Slime","floor":14,"turns":7},{"damage":64,"enemies":"The Guardian","floor":16,"turns":19},{"damage":32,"enemies":"2 Thieves","floor":18,"turns":4},{"damage":4,"enemies":"3 Byrds","floor":19,"turns":5},{"damage":38,"enemies":"Snake Plant","floor":22,"turns":4}],"seed_played":"7909359920302889363","potions_obtained":[{"floor":5,"key":"SneckoOil"},{"floor":5,"key":"FearPotion"},{"floor":5,"key":"Dexterity Potion"},{"floor":7,"key":"SteroidPotion"},{"floor":12,"key":"Regen Potion"},{"floor":16,"key":"BloodPotion"}],"is_trial":false,"path_per_floor":["M","?","M","$","?","R","M","R","T","R","E","M","T","M","R","B",null,"M","M","$","?","M"],"character_chosen":"IRONCLAD","items_purchased":["Burning Pact","Twin Strike","Metallicize","Panache"],"campfire_rested":0,"item_purchase_floors":[4,4,20,20],"current_hp_per_floor":[78,75,80,80,80,80,80,80,80,80,80,63,63,57,57,14,69,51,53,53,36,0],"gold":50,"neow_bonus":"THREE_ENEMY_KILL","is_prod":false,"is_daily":false,"chose_seed":false,"campfire_upgraded":4,"win_rate":0,"timestamp":1559107790,"path_taken":["M","?","M","$","?","R","M","R","T","R","E","?","?","M","R","BOSS","M","M","$","?","M"],"build_version":"2019-01-23","purchased_purges":0,"victory":false,"max_hp_per_floor":[80,80,80,80,80,80,80,80,80,80,87,87,87,87,87,87,87,87,87,87,92,92],"card_choices":[{"not_picked":["Perfected Strike","Warcry"],"picked":"Power Through","floor":1},{"not_picked":["Havoc","Second Wind"],"picked":"Clash","floor":3},{"not_picked":["Flame Barrier","Warcry"],"picked":"Body Slam","floor":7},{"not_picked":["Heavy Blade","Warcry"],"picked":"Pommel Strike","floor":11},{"not_picked":["Rage","Wild Strike"],"picked":"Warcry","floor":12},{"not_picked":["Fire Breathing","Barricade"],"picked":"Whirlwind","floor":14},{"not_picked":["Double Tap","Brutality"],"picked":"Demon Form","floor":16},{"not_picked":["Whirlwind","Thunderclap"],"picked":"Cleave","floor":17},{"not_picked":["Wild Strike","Body Slam"],"picked":"Battle Trance","floor":17},{"not_picked":["Entrench","Ghostly Armor"],"picked":"Seeing Red","floor":17},{"not_picked":["Ghostly Armor","Warcry"],"picked":"Wild Strike","floor":17},{"not_picked":["Perfected Strike","Clothesline"],"picked":"Blood for Blood","floor":17},{"not_picked":["Pommel Strike","Twin Strike"],"picked":"Double Tap","floor":18},{"not_picked":["Dropkick","Inflame"],"picked":"Uppercut","floor":19}],"player_experience":745516,"relics_obtained":[{"floor":9,"key":"Mummified Hand"},{"floor":11,"key":"Strawberry"},{"floor":13,"key":"Oddly Smooth Stone"}],"event_choices":[{"damage_healed":0,"gold_gain":0,"player_choice":"Success","damage_taken":3,"relics_obtained":["Dream Catcher"],"max_hp_gain":0,"max_hp_loss":0,"event_name":"Scrap Ooze","floor":2,"gold_loss":0},{"damage_healed":0,"gold_gain":0,"player_choice":"Got Potions","damage_taken":0,"max_hp_gain":0,"max_hp_loss":0,"event_name":"Lab","floor":5,"gold_loss":0},{"damage_healed":0,"gold_gain":0,"player_choice":"Shed Blood","damage_taken":22,"max_hp_gain":5,"max_hp_loss":0,"event_name":"Forgotten Altar","floor":21,"gold_loss":0}],"is_beta":false,"boss_relics":[{"not_picked":["Runic Cube","Busted Crown"],"picked":"Orrery"}],"items_purged_floors":[],"is_endless":false,"potions_floor_spawned":[7,12,16],"killed_by":"Snake Plant","ascension_level":7}