{"gold_per_floor":[17,30,48,48,48,48,67,130,184,213,213,178,178,206,206,277,277,290,300,14,27,41,41,41],"floor_reached":24,"playtime":1702,"items_purged":["Strike_B"],"score":519,"play_id":"e0af5954-be76-419d-b414-0201836776ad","local_time":"20190728150419","is_ascension_mode":true,"campfire_choices":[{"data":"Hyperbeam","floor":6,"key":"SMITH"},{"data":"Defragment","floor":11,"key":"SMITH"},{"data":"Rebound","floor":13,"key":"SMITH"},{"data":"Zap","floor":15,"key":"SMITH"},{"data":"Double Energy","floor":23,"key":"SMITH"}],"neow_cost":"NO_GOLD","seed_source_timestamp":83949631232597,"circlet_count":0,"master_deck":["AscendersBane","Strike_B","Strike_B","Strike_B","Defend_B","Defend_B","Defend_B","Defend_B","Zap+1","Dualcast","Gash","Cold Snap","Hyperbeam+1","Hologram","Rebound+1","Defragment+1","Go for the Eyes","Echo Form","Auto Shields","Genetic Algorithm+1","Double Energy+1","Creative AI"],"relics":["Cracked Core","Gambling Chip","Meat on the Bone","Tiny Chest","Blood Vial","Matryoshka","PreservedInsect","Inserter","Toolbox"],"potions_floor_usage":[7,10,16,16,24,24],"damage_taken":[{"damage":2,"enemies":"Jaw Worm","floor":1,"turns":3},{"damage":10,"enemies":"Small Slimes","floor":2,"turns":3},{"damage":0,"enemies":"2 Louse","floor":3,"turns":2},{"damage":6,"enemies":"Large Slime","floor":7,"turns":3},{"damage":36,"enemies":"Gremlin Nob","floor":8,"turns":4},{"damage":24,"enemies":"Lagavulin","floor":10,"turns":6},{"damage":11,"enemies":"Gremlin Nob","floor":14,"turns":3},{"damage":0,"enemies":"Slime Boss","floor":16,"turns":5},{"damage":11,"enemies":"2 Thieves","floor":18,"turns":2},{"damage":0,"enemies":"Spheric Guardian","floor":19,"turns":3},{"damage":30,"enemies":"Snake Plant","floor":21,"turns":7},{"damage":33,"enemies":"Snecko","floor":22,"turns":6},{"damage":44,"enemies":"Slavers","floor":24,"turns":3}],"seed_played":"-1502741960917721321","potions_obtained":[{"floor":2,"key":"Swift Potion"},{"floor":8,"key":"Regen Potion"},{"floor":10,"key":"SkillPotion"},{"floor":14,"key":"PowerPotion"},{"floor":19,"key":"SpeedPotion"},{"floor":21,"key":"Regen Potion"}],"is_trial":false,"path_per_floor":["M","M","M","?","?","R","M","E","T","E","R","?","R","E","R","B",null,"M","M","$","M","M","R","E"],"character_chosen":"DEFECT","items_purchased":["Toolbox"],"campfire_rested":0,"item_purchase_floors":[20],"current_hp_per_floor":[62,52,52,52,47,47,41,17,17,22,22,39,39,42,42,44,64,55,57,57,41,22,22,0],"gold":41,"neow_bonus":"ONE_RARE_RELIC","is_prod":false,"is_daily":false,"chose_seed":false,"campfire_upgraded":5,"win_rate":0,"timestamp":1564340659,"path_taken":["M","M","M","?","?","R","M","E","T","E","R","?","R","E","R","BOSS","M","M","$","M","M","R","E"],"build_version":"2019-07-17","purchased_purges":1,"victory":false,"max_hp_per_floor":[71,71,71,71,71,71,71,71,71,71,71,71,71,71,71,71,71,71,71,71,71,71,71,71],"card_choices":[{"not_picked":["Turbo","Skim"],"picked":"Gash","floor":1},{"not_picked":["Streamline","Barrage"],"picked":"Cold Snap","floor":2},{"not_picked":["Sweeping Beam","Redo"],"picked":"Hyperbeam","floor":3},{"not_picked":["Leap","Turbo"],"picked":"Hologram","floor":7},{"not_picked":["Redo","Compile Driver"],"picked":"Rebound","floor":8},{"not_picked":["Meteor Strike","Conserve Battery"],"picked":"Defragment","floor":10},{"not_picked":["Hologram","Darkness"],"picked":"Go for the Eyes","floor":14},{"not_picked":["Electrodynamics","Rainbow"],"picked":"Echo Form","floor":16},{"not_picked":["Coolheaded+1","Turbo"],"picked":"Auto Shields","floor":18},{"not_picked":["Streamline","Beam Cell"],"picked":"Genetic Algorithm+1","floor":19},{"not_picked":["Rebound","Redo"],"picked":"Double Energy","floor":21},{"not_picked":["Skim","Darkness"],"picked":"Creative AI","floor":22}],"player_experience":1638054,"relics_obtained":[{"floor":8,"key":"Tiny Chest"},{"floor":9,"key":"Blood Vial"},{"floor":10,"key":"Matryoshka"},{"floor":14,"key":"PreservedInsect"}],"event_choices":[{"damage_healed":0,"gold_gain":0,"player_choice":"Ignored","damage_taken":0,"max_hp_gain":0,"max_hp_loss":0,"event_name":"Shining Light","floor":4,"gold_loss":0},{"damage_healed":0,"gold_gain":0,"player_choice":"Success","damage_taken":5,"relics_obtained":["Meat on the Bone"],"max_hp_gain":0,"max_hp_loss":0,"event_name":"Scrap Ooze","floor":5,"gold_loss":0},{"damage_healed":17,"gold_gain":0,"player_choice":"Healed","damage_taken":0,"max_hp_gain":0,"max_hp_loss":0,"event_name":"The Cleric","floor":12,"gold_loss":35}],"is_beta":false,"boss_relics":[{"not_picked":["Velvet Choker","Lizard Tail"],"picked":"Inserter"}],"items_purged_floors":[20],"is_endless":false,"potions_floor_spawned":[2,8,10,14,19,21],"killed_by":"Slavers","ascension_level":19}