{"gold_per_floor":[211,286,4,21,31,49,49,67,67,109,86,28,28,39,39,142,142,157,15,40,40,40,72,72,106,130,141,153,163,163,183,183,286,286,297,297,349,367,378,378,389,389,389,11,11,21,21,49,49,49],"floor_reached":51,"playtime":2299,"items_purged":["Regret"],"score":1150,"play_id":"95704673-19ae-453b-bf6f-db9dedf2a8db","local_time":"20190604093614","is_ascension_mode":true,"campfire_choices":[{"data":"Panacea","floor":7.0,"key":"SMITH"},{"data":"Infernal Blade","floor":13.0,"key":"SMITH"},{"data":"Offering","floor":15.0,"key":"SMITH"},{"floor":24.0,"key":"REST"},{"floor":32.0,"key":"REST"},{"floor":40.0,"key":"REST"},{"data":"Seeing Red","floor":42.0,"key":"SMITH"},{"data":"Armaments","floor":45.0,"key":"SMITH"},{"data":"Battle Trance","floor":47.0,"key":"SMITH"},{"data":"Demon Form","floor":49.0,"key":"SMITH"}],"neow_cost":"NONE","seed_source_timestamp":0,"circlet_count":0,"master_deck":["Strike_R","Strike_R","Strike_R","Strike_R","Strike_R","Defend_R","Defend_R","Defend_R","Defend_R","Bash","Cleave","Panacea+1","Armaments+1","Inflame","Hemokinesis","Sword Boomerang","Inflame","Heavy Blade","Infernal Blade+1","Offering+1","Feed","Flame Barrier","Battle Trance+1","Headbutt","Pommel Strike","Necronomicurse","Burning Pact","Intimidate","Parasite","Headbutt+1","Power Through","Pummel","Impervious","Impervious","Warcry+1","The Bomb","Dark Shackles","Seeing Red+1","Battle Trance+1","Doubt","Clothesline","Heavy Blade+1","Demon Form+1"],"special_seed":0,"relics":["Burning Blood","PreservedInsect","MawBank","Odd Mushroom","Cursed Key","Red Mask","Necronomicon","Bag of Marbles","Bottled Lightning","Blood Vial","Mummified Hand","Eternal Feather","Pocketwatch","Gremlin Horn","Sundial","Shuriken"],"potions_floor_usage":[50],"damage_taken":[{"damage":20.0,"enemies":"Small Slimes","floor":1.0,"turns":4.0},{"damage":1.0,"enemies":"Cultist","floor":4.0,"turns":3.0},{"damage":7.0,"enemies":"Jaw Worm","floor":5.0,"turns":4.0},{"damage":9.0,"enemies":"2 Fungi Beasts","floor":6.0,"turns":2.0},{"damage":8.0,"enemies":"Large Slime","floor":8.0,"turns":5.0},{"damage":24.0,"enemies":"The Mushroom Lair","floor":10.0,"turns":4.0},{"damage":6.0,"enemies":"Exordium Wildlife","floor":14.0,"turns":4.0},{"damage":34.0,"enemies":"Hexaghost","floor":16.0,"turns":8.0},{"damage":18.0,"enemies":"Chosen","floor":18.0,"turns":4.0},{"damage":15.0,"enemies":"Masked Bandits","floor":20.0,"turns":3.0},{"damage":6.0,"enemies":"Book of Stabbing","floor":23.0,"turns":3.0},{"damage":19.0,"enemies":"Slavers","floor":25.0,"turns":4.0},{"damage":10.0,"enemies":"Shell Parasite","floor":27.0,"turns":2.0},{"damage":16.0,"enemies":"3 Cultists","floor":28.0,"turns":4.0},{"damage":6.0,"enemies":"Chosen and Byrds","floor":29.0,"turns":3.0},{"damage":21.0,"enemies":"Snake Plant","floor":31.0,"turns":3.0},{"damage":48.0,"enemies":"Automaton","floor":33.0,"turns":10.0},{"damage":16.0,"enemies":"3 Shapes","floor":35.0,"turns":3.0},{"damage":25.0,"enemies":"2 Orb Walkers","floor":37.0,"turns":4.0},{"damage":9.0,"enemies":"Orb Walker","floor":38.0,"turns":1.0},{"damage":41.0,"enemies":"Writhing Mass","floor":39.0,"turns":5.0},{"damage":11.0,"enemies":"3 Darklings","floor":41.0,"turns":7.0},{"damage":6.0,"enemies":"Jaw Worm Horde","floor":46.0,"turns":1.0},{"damage":65.0,"enemies":"Nemesis","floor":48.0,"turns":7.0},{"damage":62,"enemies":"Awakened One","floor":50,"turns":7}],"seed_played":"9178602464976737233","potions_obtained":[{"floor":4.0,"key":"Weak Potion"},{"floor":5.0,"key":"GamblersBrew"},{"floor":14.0,"key":"Swift Potion"},{"floor":20.0,"key":"Swift Potion"},{"floor":25.0,"key":"Fire Potion"},{"floor":27.0,"key":"SpeedPotion"},{"floor":28.0,"key":"EssenceOfSteel"},{"floor":29.0,"key":"Energy Potion"},{"floor":33.0,"key":"Explosive Potion"},{"floor":35.0,"key":"Energy Potion"},{"floor":38.0,"key":"Fruit Juice"},{"floor":48.0,"key":"Strength Potion"}],"is_trial":false,"path_per_floor":["M","?","$","M","M","M","R","M","T","?","?","$","R","M","R","B",null,"M","$","?","?","$","E","R","E","T","M","M","M","T","M","R","B",null,"M","?","?","M","M","R","M","R","T","$","R","M","R","E","R","B",null],"character_chosen":"IRONCLAD","items_purchased":["Panacea","PreservedInsect","Armaments","Infernal Blade","Battle Trance","Headbutt","Block Potion","Clothesline","Sundial"],"campfire_rested":3,"item_purchase_floors":[3,3,3,12,19,19,19,44,44],"current_hp_per_floor":[58,50,50,55,54,51,51,49,49,31,51,51,51,51,51,23,66,54,54,45,29,29,32,56,46,46,47,42,44,44,34,62,22,77,72,67,53,55,22,80,77,101,101,101,109,109,109,50,74,24],"gold":49,"neow_bonus":"HUNDRED_GOLD","is_prod":false,"is_daily":false,"chose_seed":false,"campfire_upgraded":7,"win_rate":0,"timestamp":1559604974,"path_taken":["M","?","$","?","M","M","R","M","T","?","?","$","R","M","R","BOSS","M","$","?","?","?","E","R","E","T","M","M","M","?","?","R","BOSS","M","?","?","M","M","R","M","R","T","$","R","M","R","E","R","BOSS"],"build_version":"2019-01-23","purchased_purges":1,"victory":true,"max_hp_per_floor":[80,80,80,80,80,80,80,80,80,80,80,80,80,80,80,80,80,80,80,80,80,80,83,83,86,86,89,92,92,92,95,95,95,95,98,98,101,104,104,109,109,109,109,109,109,109,109,109,109,113],"card_choices":[{"not_picked":["Havoc","Twin Strike"],"picked":"Cleave","floor":1.0},{"not_picked":["Dual Wield","Headbutt"],"picked":"Inflame","floor":4.0},{"not_picked":["Dual Wield","Power Through"],"picked":"Hemokinesis","floor":5.0},{"not_picked":["Shrug It Off","Spot Weakness"],"picked":"Sword Boomerang","floor":6.0},{"not_picked":["Sever Soul","Body Slam"],"picked":"Inflame","floor":8.0},{"not_picked":["Sword Boomerang","True Grit"],"picked":"Heavy Blade","floor":10.0},{"not_picked":["Rupture","Clothesline"],"picked":"Offering","floor":14.0},{"not_picked":["Dark Embrace","Bludgeon"],"picked":"Feed","floor":16.0},{"not_picked":["Wild Strike","Anger"],"picked":"Flame Barrier","floor":18.0},{"not_picked":["Fire Breathing+1","Clash"],"picked":"Pommel Strike","floor":20.0},{"not_picked":["Heavy Blade+1","Metallicize"],"picked":"Burning Pact","floor":23.0},{"not_picked":["Warcry","Seeing Red"],"picked":"Intimidate","floor":25.0},{"not_picked":["Sword Boomerang","Anger"],"picked":"Headbutt+1","floor":27.0},{"not_picked":["Twin Strike+1","Perfected Strike+1"],"picked":"Power Through","floor":28.0},{"not_picked":["Dropkick","Armaments"],"picked":"Pummel","floor":29.0},{"not_picked":["Pommel Strike+1","Blood for Blood"],"picked":"Impervious","floor":31.0},{"not_picked":["Limit Break","Bludgeon"],"picked":"Impervious","floor":33.0},{"not_picked":["Headbutt+1","Cleave+1"],"picked":"Warcry+1","floor":35.0},{"not_picked":["Blind","Madness"],"picked":"The Bomb","floor":36.0},{"not_picked":["Trip","Purity"],"picked":"Dark Shackles","floor":36.0},{"not_picked":["Cleave+1","Flex+1","Sword Boomerang+1"],"picked":"SKIP","floor":38.0},{"not_picked":["Wild Strike+1","Thunderclap"],"picked":"Seeing Red","floor":39.0},{"not_picked":["Juggernaut","Wild Strike"],"picked":"Battle Trance+1","floor":41.0},{"not_picked":["Inflame","Bloodletting"],"picked":"Heavy Blade+1","floor":46.0},{"not_picked":["Corruption","Thunderclap+1"],"picked":"Demon Form","floor":48.0}],"player_experience":811585,"relics_obtained":[{"floor":9.0,"key":"MawBank"},{"floor":10.0,"key":"Odd Mushroom"},{"floor":20.0,"key":"Red Mask"},{"floor":21.0,"key":"Necronomicon"},{"floor":23.0,"key":"Bag of Marbles"},{"floor":25.0,"key":"Bottled Lightning"},{"floor":26.0,"key":"Blood Vial"},{"floor":30.0,"key":"Mummified Hand"},{"floor":37.0,"key":"Pocketwatch"},{"floor":43.0,"key":"Gremlin Horn"},{"floor":48.0,"key":"Shuriken"}],"event_choices":[{"damage_healed":0.0,"max_hp_gain":0.0,"max_hp_loss":0.0,"gold_gain":75.0,"event_name":"FaceTrader","player_choice":"Touch","floor":2.0,"gold_loss":0.0,"damage_taken":8.0},{"damage_healed":0.0,"max_hp_gain":0.0,"max_hp_loss":0.0,"gold_gain":0.0,"event_name":"Mushrooms","player_choice":"Fought Mushrooms","floor":10.0,"gold_loss":0.0,"damage_taken":0.0},{"damage_healed":20.0,"max_hp_gain":0.0,"max_hp_loss":0.0,"gold_gain":0.0,"event_name":"The Cleric","player_choice":"Healed","floor":11.0,"gold_loss":35.0,"damage_taken":0.0},{"damage_healed":0.0,"max_hp_gain":0.0,"max_hp_loss":0.0,"gold_gain":0.0,"event_name":"Masked Bandits","player_choice":"Fought Bandits","floor":20.0,"gold_loss":0.0,"damage_taken":0.0},{"damage_healed":0.0,"max_hp_gain":0.0,"max_hp_loss":0.0,"gold_gain":0.0,"event_name":"Cursed Tome","player_choice":"Obtained Book","floor":21.0,"gold_loss":0.0,"damage_taken":16.0},{"damage_healed":0.0,"max_hp_gain":0.0,"max_hp_loss":0.0,"gold_gain":0.0,"event_name":"SensoryStone","player_choice":"Memory 2","floor":36.0,"gold_loss":0.0,"damage_taken":5.0},{"damage_healed":0.0,"max_hp_gain":0.0,"max_hp_loss":0.0,"gold_gain":0.0,"event_name":"Mysterious Sphere","player_choice":"Fight","floor":37.0,"gold_loss":0.0,"damage_taken":0.0}],"is_beta":false,"boss_relics":[{"not_picked":["Fusion Hammer","Empty Cage"],"picked":"Cursed Key"},{"not_picked":["Runic Cube","Orrery"],"picked":"Eternal Feather"}],"items_purged_floors":[44],"is_endless":false,"potions_floor_spawned":[4,5,14,20,25,27,28,29,33,35,38,48],"ascension_level":9}