{"gold_per_floor":[111,122,135,146,146,35,35,47,127,7,36,66,66,84,84,186,186,111,111,111,11,11,11],"floor_reached":23,"playtime":1011,"items_purged":["Strike_R","Strike_R+1"],"score":267,"play_id":"64933396-b97d-4c5e-b893-4325e781c2ef","local_time":"20190530182921","is_ascension_mode":true,"campfire_choices":[{"floor":7,"key":"REST"},{"floor":13,"key":"REST"},{"data":"Intimidate","floor":15,"key":"SMITH"}],"neow_cost":"NONE","seed_source_timestamp":12632656967264,"circlet_count":0,"master_deck":["Strike_R","Strike_R","Strike_R","Defend_R","Defend_R","Defend_R","Defend_R","Bash+1","Rampage","Spot Weakness","Heavy Blade","Evolve","Spot Weakness","Ghostly Armor","Shrug It Off","Bandage Up","Warcry","Cleave","Intimidate+1","Immolate","Demon Form","Sentinel","Power Through","Infernal Blade"],"relics":["Burning Blood","Ice Cream","Question Card","Odd Mushroom","Whetstone","Ectoplasm","Nloth\u0027s Gift"],"potions_floor_usage":[4,11,12,16,18,20,23],"damage_taken":[{"damage":5,"enemies":"Small Slimes","floor":1,"turns":3},{"damage":18,"enemies":"Jaw Worm","floor":2,"turns":4},{"damage":1,"enemies":"Cultist","floor":3,"turns":3},{"damage":25,"enemies":"Exordium Thugs","floor":4,"turns":6},{"damage":15,"enemies":"3 Louse","floor":8,"turns":3},{"damage":41,"enemies":"The Mushroom Lair","floor":11,"turns":5},{"damage":20,"enemies":"Gremlin Nob","floor":12,"turns":3},{"damage":13,"enemies":"Blue Slaver","floor":14,"turns":4},{"damage":42,"enemies":"The Guardian","floor":16,"turns":11},{"damage":33,"enemies":"2 Thieves","floor":18,"turns":4},{"damage":21,"enemies":"Spheric Guardian","floor":19,"turns":5},{"damage":0,"enemies":"Masked Bandits","floor":20,"turns":3},{"damage":45,"enemies":"Book of Stabbing","floor":23,"turns":5}],"seed_played":"6429491366819498061","potions_obtained":[{"floor":1,"key":"SteroidPotion"},{"floor":2,"key":"SteroidPotion"},{"floor":4,"key":"Regen Potion"},{"floor":12,"key":"EntropicBrew"},{"floor":19,"key":"AttackPotion"},{"floor":20,"key":"PowerPotion"}],"is_trial":false,"path_per_floor":["M","M","M","M","?","$","R","M","T","$","?","E","R","M","R","B",null,"M","M","?","$","?","E"],"character_chosen":"IRONCLAD","items_purchased":["Ghostly Armor","Bandage Up","Warcry"],"campfire_rested":2,"item_purchase_floors":[6,10,10],"current_hp_per_floor":[73,61,66,47,44,44,68,59,59,59,42,32,56,53,53,21,65,42,31,37,37,37,0],"gold":11,"neow_bonus":"THREE_CARDS","is_prod":false,"is_daily":false,"chose_seed":false,"campfire_upgraded":1,"win_rate":0,"timestamp":1559204961,"path_taken":["M","M","M","M","?","$","R","M","T","$","?","E","R","M","R","BOSS","M","M","?","$","?","E"],"build_version":"2019-01-23","purchased_purges":2,"victory":false,"max_hp_per_floor":[80,80,80,80,80,80,80,80,80,80,80,80,80,80,80,80,80,80,80,80,80,80,80],"card_choices":[{"not_picked":["Armaments","Sword Boomerang"],"picked":"Rampage","floor":0},{"not_picked":["Rupture","Searing Blow"],"picked":"Spot Weakness","floor":1},{"not_picked":["Sword Boomerang","Havoc"],"picked":"Heavy Blade","floor":2},{"not_picked":["Iron Wave","Anger"],"picked":"Evolve","floor":3},{"not_picked":["Second Wind","Sword Boomerang"],"picked":"Spot Weakness","floor":4},{"not_picked":["Uppercut","Dual Wield"],"picked":"Shrug It Off","floor":8},{"not_picked":["Clothesline","Corruption","Whirlwind"],"picked":"Cleave","floor":11},{"not_picked":["Anger","Clash","Bloodletting"],"picked":"Intimidate","floor":12},{"not_picked":["Pommel Strike","Cleave","Havoc"],"picked":"Immolate","floor":14},{"not_picked":["Juggernaut","Fiend Fire","Immolate"],"picked":"Demon Form","floor":16},{"not_picked":["Pommel Strike","Dual Wield","Anger"],"picked":"Sentinel","floor":18},{"not_picked":["Pommel Strike+1","Thunderclap","Ghostly Armor"],"picked":"Power Through","floor":19},{"not_picked":["Heavy Blade","Sword Boomerang+1","Flame Barrier"],"picked":"Infernal Blade","floor":20}],"player_experience":752135,"relics_obtained":[{"floor":9,"key":"Question Card"},{"floor":11,"key":"Odd Mushroom"},{"floor":12,"key":"Whetstone"},{"floor":20,"key":"Red Mask"}],"event_choices":[{"damage_healed":0,"gold_gain":0,"player_choice":"Success","damage_taken":3,"relics_obtained":["Ice Cream"],"max_hp_gain":0,"max_hp_loss":0,"event_name":"Scrap Ooze","floor":5,"gold_loss":0},{"damage_healed":0,"gold_gain":0,"player_choice":"Fought Mushrooms","damage_taken":0,"max_hp_gain":0,"max_hp_loss":0,"event_name":"Mushrooms","floor":11,"gold_loss":0},{"damage_healed":0,"gold_gain":0,"player_choice":"Fought Bandits","damage_taken":0,"max_hp_gain":0,"max_hp_loss":0,"event_name":"Masked Bandits","floor":20,"gold_loss":0},{"damage_healed":0,"gold_gain":0,"player_choice":"Traded Relic","damage_taken":0,"relics_obtained":["Nloth\u0027s Gift"],"max_hp_gain":0,"max_hp_loss":0,"event_name":"N\u0027loth","floor":22,"relics_lost":["Red Mask"],"gold_loss":0}],"is_beta":false,"boss_relics":[{"not_picked":["Tiny House","Coffee Dripper"],"picked":"Ectoplasm"}],"items_purged_floors":[6,21],"is_endless":false,"potions_floor_spawned":[1,2,4,12,16,19,20],"killed_by":"Book of Stabbing","ascension_level":8}