{"gold_per_floor":[119,43,53,33,45,45,57,85,85,85],"floor_reached":10,"playtime":348,"items_purged":[],"score":129,"play_id":"00bdd82a-e0ae-4021-ac06-bc7208a772f0","local_time":"20190720202753","is_ascension_mode":true,"campfire_choices":[{"data":"Rampage","floor":6,"key":"SMITH"}],"neow_cost":"PERCENT_DAMAGE","seed_source_timestamp":763504343853814,"circlet_count":0,"master_deck":["AscendersBane","Strike_R","Strike_R","Strike_R","Strike_R","Defend_R","Defend_R","Defend_R","Bash","Clothesline","Rampage+1","Pommel Strike","Spot Weakness","Rage","Ghostly Armor"],"relics":["Burning Blood","Shovel","Torii"],"potions_floor_usage":[5,8,8],"damage_taken":[{"damage":3,"enemies":"Small Slimes","floor":1,"turns":4},{"damage":0,"enemies":"Cultist","floor":3,"turns":3},{"damage":0,"enemies":"2 Louse","floor":5,"turns":2},{"damage":9,"enemies":"Looter","floor":7,"turns":4},{"damage":21,"enemies":"Lagavulin","floor":8,"turns":6},{"damage":51,"enemies":"Gremlin Nob","floor":10,"turns":4}],"seed_played":"-1931138650298660789","potions_obtained":[{"floor":1,"key":"Fire Potion"},{"floor":3,"key":"SteroidPotion"},{"floor":7,"key":"Swift Potion"}],"is_trial":false,"path_per_floor":["M","$","M","?","M","R","M","E","T","E"],"character_chosen":"IRONCLAD","items_purchased":["Rampage"],"campfire_rested":0,"item_purchase_floors":[2],"current_hp_per_floor":[53,53,59,59,65,65,62,47,47,0],"gold":85,"neow_bonus":"REMOVE_TWO","is_prod":false,"is_daily":false,"chose_seed":false,"campfire_upgraded":1,"win_rate":0,"timestamp":1563668873,"path_taken":["M","$","M","?","M","R","?","E","T","E"],"build_version":"2019-07-17","purchased_purges":0,"victory":false,"max_hp_per_floor":[75,75,75,75,75,75,75,75,75,75],"card_choices":[{"not_picked":["Bloodletting","Wild Strike"],"picked":"Clothesline","floor":1},{"not_picked":["Havoc","Second Wind"],"picked":"Pommel Strike","floor":3},{"not_picked":["Heavy Blade","Uppercut"],"picked":"Spot Weakness","floor":5},{"not_picked":["Rampage","Wild Strike"],"picked":"Rage","floor":7},{"not_picked":["Demon Form","Reckless Charge"],"picked":"Ghostly Armor","floor":8}],"player_experience":1609862,"relics_obtained":[{"floor":8,"key":"Shovel"},{"floor":9,"key":"Torii"}],"event_choices":[{"damage_healed":0,"gold_gain":0,"player_choice":"Bought 1 Potion","damage_taken":0,"max_hp_gain":0,"max_hp_loss":0,"event_name":"The Woman in Blue","floor":4,"gold_loss":0}],"is_beta":false,"boss_relics":[],"items_purged_floors":[],"is_endless":false,"potions_floor_spawned":[1,3,7],"killed_by":"Gremlin Nob","ascension_level":18}