{"gold_per_floor":[118,118,130,145,32,32,50,50,50,63,96,62,77,88,88,187,187,204,217,316,316,329,329,329],"floor_reached":24,"playtime":1607,"items_purged":["Strike_G"],"score":310,"play_id":"85747131-25f1-416b-add5-2bb19ce53f12","local_time":"20181202125330","is_ascension_mode":true,"campfire_choices":[{"data":"Dagger Spray","floor":6,"key":"SMITH"},{"data":"Riddle With Holes","floor":8,"key":"SMITH"},{"floor":15,"key":"REST"},{"floor":23,"key":"REST"}],"neow_cost":"TEN_PERCENT_HP_LOSS","seed_source_timestamp":136193115475619,"circlet_count":0,"master_deck":["AscendersBane","Defend_G","Defend_G","Defend_G","Survivor","Neutralize","Escape Plan","Dagger Spray+1","Riddle With Holes+1","Footwork","Backflip","Quick Slash","Deflect","Envenom","Burst+1","Dagger Throw+1","Dash+1","Dagger Spray+1","Leg Sweep"],"relics":["Ring of the Snake","Shuriken","Bottled Lightning","Astrolabe","MutagenicStrength"],"potions_floor_usage":[11,16,16,19,22,24],"damage_taken":[{"damage":20,"enemies":"Jaw Worm","floor":1,"turns":11},{"damage":0,"enemies":"Small Slimes","floor":3,"turns":7},{"damage":0,"enemies":"2 Louse","floor":4,"turns":3},{"damage":3,"enemies":"Looter","floor":7,"turns":3},{"damage":1,"enemies":"Blue Slaver","floor":10,"turns":4},{"damage":8,"enemies":"Gremlin Nob","floor":11,"turns":3},{"damage":0,"enemies":"2 Fungi Beasts","floor":13,"turns":3},{"damage":0,"enemies":"3 Louse","floor":14,"turns":1},{"damage":21,"enemies":"The Guardian","floor":16,"turns":14},{"damage":9,"enemies":"Shell Parasite","floor":18,"turns":5},{"damage":0,"enemies":"Chosen","floor":19,"turns":7},{"damage":17,"enemies":"Snake Plant","floor":22,"turns":6},{"damage":46,"enemies":"Slavers","floor":24,"turns":2}],"seed_played":"-7112635765103746364","potions_obtained":[{"floor":1,"key":"Poison Potion"},{"floor":3,"key":"GamblersBrew"},{"floor":10,"key":"SpeedPotion"},{"floor":13,"key":"Energy Potion"},{"floor":16,"key":"Fire Potion"},{"floor":18,"key":"Weak Potion"},{"floor":19,"key":"Explosive Potion"}],"is_trial":false,"path_per_floor":["M","?","M","M","$","R","M","R","T","M","E","?","M","M","R","B",null,"M","M","?","?","M","R","E"],"character_chosen":"THE_SILENT","items_purchased":["Footwork"],"campfire_rested":2,"item_purchase_floors":[5],"current_hp_per_floor":[43,36,36,36,36,36,33,33,33,32,24,24,24,24,42,21,53,44,44,44,44,27,45,0],"gold":329,"neow_bonus":"REMOVE_TWO","is_prod":false,"is_daily":false,"chose_seed":false,"campfire_upgraded":2,"win_rate":0,"timestamp":1543773210,"path_taken":["M","?","M","M","$","R","M","R","T","M","E","?","M","M","R","BOSS","M","M","?","?","M","R","E"],"build_version":"2018-11-15","purchased_purges":1,"victory":false,"max_hp_per_floor":[63,63,63,63,63,63,63,63,63,63,63,63,63,63,63,63,63,63,63,63,63,63,63,63],"card_choices":[{"not_picked":["Acrobatics","Bane"],"picked":"Escape Plan","floor":1},{"not_picked":["Noxious Fumes","PiercingWail"],"picked":"Dagger Spray","floor":3},{"not_picked":["Distraction","Flying Knee"],"picked":"Riddle With Holes","floor":4},{"not_picked":["Dagger Spray","Storm of Steel","PiercingWail"],"picked":"SKIP","floor":7},{"not_picked":["Concentrate","Calculated Gamble","Catalyst"],"picked":"SKIP","floor":10},{"not_picked":["Acrobatics","After Image"],"picked":"Backflip","floor":11},{"not_picked":["Outmaneuver","PiercingWail"],"picked":"Quick Slash","floor":13},{"not_picked":["Calculated Gamble","Underhanded Strike"],"picked":"Deflect","floor":14},{"not_picked":["Corpse Explosion","Tools of the Trade"],"picked":"Envenom","floor":16},{"not_picked":["Prepared+1","Sucker Punch","Blade Dance"],"picked":"SKIP","floor":18},{"not_picked":["Slice+1","Wraith Form v2"],"picked":"Dagger Spray+1","floor":19},{"not_picked":["Sucker Punch","Distraction"],"picked":"Leg Sweep","floor":22}],"player_experience":748379,"relics_obtained":[{"floor":9,"key":"Shuriken"},{"floor":11,"key":"Bottled Lightning"}],"event_choices":[{"cards_removed":["Strike_G"],"damage_healed":0,"gold_gain":0,"player_choice":"Card Removal","damage_taken":7,"max_hp_gain":0,"max_hp_loss":0,"event_name":"Golden Wing","floor":2,"gold_loss":0},{"damage_healed":0,"gold_gain":0,"player_choice":"Left Gold","damage_taken":0,"max_hp_gain":0,"max_hp_loss":0,"event_name":"World of Goop","floor":12,"gold_loss":34},{"damage_healed":0,"gold_gain":99,"player_choice":"Stole From Cult","damage_taken":0,"max_hp_gain":0,"max_hp_loss":0,"event_name":"Nest","floor":20,"gold_loss":0},{"damage_healed":0,"gold_gain":0,"player_choice":"Inject Mutagens","damage_taken":0,"relics_obtained":["MutagenicStrength"],"max_hp_gain":0,"max_hp_loss":0,"event_name":"Drug Dealer","floor":21,"gold_loss":0}],"is_beta":false,"boss_relics":[{"not_picked":["Calling Bell","Velvet Choker"],"picked":"Astrolabe"}],"items_purged_floors":[5],"is_endless":false,"potions_floor_spawned":[1,3,10,13,16,18,19],"killed_by":"Slavers","ascension_level":11}