{"gold_per_floor":[111,126,10,20,30,30,42,42,65,65,65,84,109,136,136,210,210,222,232,232,252,48,48,80,80,80,98,98],"floor_reached":28,"playtime":1654,"items_purged":["Strike_G"],"score":551,"play_id":"dcd4abc4-ec53-4bdd-99e2-5f06c1fb6fcf","local_time":"20181226232223","is_ascension_mode":true,"campfire_choices":[{"data":"Neutralize","floor":6.0,"key":"SMITH"},{"data":"Cloak And Dagger","floor":8.0,"key":"SMITH"},{"data":"Crippling Poison","floor":10.0,"key":"SMITH"},{"data":"Catalyst","floor":15,"key":"SMITH"},{"data":"Die Die Die","floor":23,"key":"SMITH"},{"data":"Footwork","floor":25,"key":"SMITH"}],"neow_cost":"TEN_PERCENT_HP_LOSS","seed_source_timestamp":78361994506354,"circlet_count":0,"master_deck":["AscendersBane","Defend_G","Defend_G","Defend_G","Defend_G","Defend_G","Strike_G","Strike_G","Strike_G","Strike_G","Survivor","Neutralize+1","Dash","Blur","Crippling Poison+1","Cloak And Dagger+1","Deadly Poison","Catalyst+1","Deadly Poison","Die Die Die+1","PiercingWail","Deadly Poison+1","Ghostly","Ghostly","Ghostly","Footwork+1","Dodge and Roll"],"special_seed":0,"relics":["Ring of the Snake","StoneCalendar","Bag of Marbles","Juzu Bracelet","Odd Mushroom","Snecko Eye","Vajra","Blood Vial","Singing Bowl"],"potions_floor_usage":[13,13,24,27,28],"damage_taken":[{"damage":2.0,"enemies":"Jaw Worm","floor":1.0,"turns":7.0},{"damage":0.0,"enemies":"2 Louse","floor":2.0,"turns":3.0},{"damage":0.0,"enemies":"Small Slimes","floor":4.0,"turns":4.0},{"damage":1.0,"enemies":"Red Slaver","floor":5.0,"turns":4.0},{"damage":0.0,"enemies":"Exordium Wildlife","floor":7.0,"turns":4.0},{"damage":0.0,"enemies":"Gremlin Gang","floor":12.0,"turns":4.0},{"damage":4,"enemies":"Gremlin Nob","floor":13,"turns":3},{"damage":10,"enemies":"The Mushroom Lair","floor":14,"turns":6},{"damage":0,"enemies":"The Guardian","floor":16,"turns":7},{"damage":2,"enemies":"3 Byrds","floor":18,"turns":4},{"damage":7,"enemies":"Shell Parasite","floor":19,"turns":3},{"damage":1,"enemies":"Centurion and Healer","floor":21,"turns":5},{"damage":20,"enemies":"Slavers","floor":24,"turns":7},{"damage":0,"enemies":"3 Cultists","floor":27,"turns":4},{"damage":18,"enemies":"Gremlin Leader","floor":28,"turns":7}],"seed_played":"-187551027134566794","potions_obtained":[{"floor":1.0,"key":"Poison Potion"},{"floor":2.0,"key":"AttackPotion"},{"floor":7.0,"key":"Swift Potion"},{"floor":14,"key":"SpeedPotion"},{"floor":18,"key":"Strength Potion"},{"floor":24,"key":"AttackPotion"}],"is_trial":false,"path_per_floor":["M","M","$","M","M","R","M","R","T","R","?","M","E","?","R","B",null,"M","M","?","M","$","R","E","R","T","M","E"],"character_chosen":"THE_SILENT","items_purchased":["Crippling Poison","Footwork","Vajra"],"campfire_rested":0,"item_purchase_floors":[3,22,22],"current_hp_per_floor":[57,57,57,57,56,56,56,56,56,56,61,61,57,47,47,47,61,59,52,32,31,31,31,11,11,11,15,0],"gold":98,"neow_bonus":"ONE_RARE_RELIC","is_prod":false,"is_daily":false,"chose_seed":false,"campfire_upgraded":6,"win_rate":0,"timestamp":1545884543,"path_taken":["M","M","$","M","M","R","M","R","T","R","?","M","E","?","R","BOSS","M","M","?","M","$","R","E","R","T","M","E"],"build_version":"2018-12-20","purchased_purges":1,"victory":false,"max_hp_per_floor":[60,60,60,60,60,60,60,60,60,60,65,65,65,65,65,65,65,65,65,32,32,32,32,32,32,32,34,34],"card_choices":[{"not_picked":["Terror","Setup"],"picked":"Dash","floor":1.0},{"not_picked":["Flying Knee","Riddle With Holes"],"picked":"Blur","floor":2.0},{"not_picked":["Flying Knee","Sucker Punch"],"picked":"Cloak And Dagger","floor":4.0},{"not_picked":["Dash","Calculated Gamble","Eviscerate"],"picked":"SKIP","floor":5.0},{"not_picked":["Acrobatics","Eviscerate","Dagger Throw"],"picked":"SKIP","floor":7.0},{"not_picked":["Dodge and Roll","Dagger Spray"],"picked":"Deadly Poison","floor":12.0},{"not_picked":["Poisoned Stab","Slice"],"picked":"Catalyst","floor":13},{"not_picked":["Skewer","Doppelganger"],"picked":"Deadly Poison","floor":14},{"not_picked":["Storm of Steel","Grand Finale"],"picked":"Die Die Die","floor":16},{"not_picked":["Caltrops","Blur"],"picked":"PiercingWail","floor":18},{"not_picked":["Finisher","Dagger Throw"],"picked":"Deadly Poison+1","floor":19},{"not_picked":["Distraction","Noxious Fumes","Dash"],"picked":"SKIP","floor":21},{"not_picked":["Choke","Masterful Stab"],"picked":"Dodge and Roll","floor":24},{"not_picked":["Masterful Stab+1","Eviscerate","Outmaneuver"],"picked":"Singing Bowl","floor":27}],"player_experience":1017638,"relics_obtained":[{"floor":9.0,"key":"Bag of Marbles"},{"floor":13,"key":"Juzu Bracelet"},{"floor":14,"key":"Odd Mushroom"},{"floor":24,"key":"Blood Vial"},{"floor":26,"key":"Singing Bowl"}],"event_choices":[{"damage_healed":0.0,"max_hp_gain":5.0,"max_hp_loss":0.0,"gold_gain":0.0,"event_name":"Big Fish","player_choice":"Donut","floor":11.0,"gold_loss":0.0,"damage_taken":0.0},{"damage_healed":0,"gold_gain":0,"player_choice":"Fought Mushrooms","damage_taken":0,"max_hp_gain":0,"max_hp_loss":0,"event_name":"Mushrooms","floor":14,"gold_loss":0},{"damage_healed":0,"gold_gain":0,"player_choice":"Became a Ghost","damage_taken":0,"max_hp_gain":0,"max_hp_loss":33,"event_name":"Ghosts","floor":20,"gold_loss":0,"cards_obtained":["Ghostly","Ghostly","Ghostly"]}],"is_beta":false,"boss_relics":[{"not_picked":["Orrery","Pandora\u0027s Box"],"picked":"Snecko Eye"}],"items_purged_floors":[3],"is_endless":false,"potions_floor_spawned":[1,2,7,14,18,24],"killed_by":"Gremlin Leader","ascension_level":18}