{"gold_per_floor":[110,285,285,301,313,345,345,364,390,415,427,19,19,30,30,132,132,148,148,168,179,179],"floor_reached":22,"playtime":1210,"items_purged":[],"score":188,"play_id":"60b929af-4fd9-41f1-8366-19f2c948162b","local_time":"20190323210745","is_ascension_mode":false,"campfire_choices":[{"data":"Double Tap","floor":7,"key":"SMITH"},{"floor":15,"key":"REST"}],"neow_cost":"PERCENT_DAMAGE","seed_source_timestamp":9006958390025,"circlet_count":0,"master_deck":["Strike_R","Strike_R","Strike_R","Strike_R","Strike_R","Defend_R","Defend_R","Defend_R","Defend_R","Bash","Double Tap+1","Rage","Perfected Strike","Iron Wave","Iron Wave","Pommel Strike","Ghostly Armor","Apotheosis","Dual Wield","Demon Form","Infernal Blade","J.A.X.","Flex+1","Shrug It Off"],"relics":["Black Blood","Vajra","MawBank","Letter Opener"],"potions_floor_usage":[6,6,16,21,21],"damage_taken":[{"damage":6,"enemies":"2 Louse","floor":1,"turns":3},{"damage":2,"enemies":"Jaw Worm","floor":4,"turns":4},{"damage":0,"enemies":"Cultist","floor":5,"turns":3},{"damage":12,"enemies":"Gremlin Nob","floor":6,"turns":3},{"damage":8,"enemies":"Large Slime","floor":8,"turns":6},{"damage":4,"enemies":"Exordium Wildlife","floor":10,"turns":4},{"damage":6,"enemies":"Blue Slaver","floor":14,"turns":2},{"damage":76,"enemies":"The Guardian","floor":16,"turns":9},{"damage":25,"enemies":"Shell Parasite","floor":18,"turns":5},{"damage":56,"enemies":"3 Byrds","floor":20,"turns":7},{"damage":13,"enemies":"Cultist and Chosen","floor":21,"turns":8},{"damage":25,"enemies":"Colosseum Slavers","floor":22,"turns":3}],"seed_played":"-1491187582389055510","potions_obtained":[{"floor":1,"key":"FearPotion"},{"floor":5,"key":"Swift Potion"},{"floor":10,"key":"BloodPotion"},{"floor":16,"key":"Dexterity Potion"},{"floor":20,"key":"Block Potion"}],"is_trial":false,"path_per_floor":["M","?","?","M","M","E","R","M","T","M","?","$","?","M","R","B",null,"M","?","M","M","?"],"character_chosen":"IRONCLAD","items_purchased":["Letter Opener","Apotheosis"],"campfire_rested":1,"item_purchase_floors":[12,12],"current_hp_per_floor":[56,56,56,60,66,60,60,58,58,60,53,53,53,53,77,15,80,65,65,19,16,0],"gold":179,"neow_bonus":"THREE_RARE_CARDS","is_prod":false,"is_daily":false,"chose_seed":false,"campfire_upgraded":1,"win_rate":0.0,"timestamp":1553339265,"path_taken":["M","?","?","M","?","E","R","M","T","M","?","$","?","M","R","BOSS","M","?","M","M","?"],"build_version":"2019-01-23","purchased_purges":0,"victory":false,"max_hp_per_floor":[80,80,80,80,80,80,80,80,80,80,80,80,80,80,80,80,80,80,80,80,80,80],"card_choices":[{"not_picked":["Exhume","Offering"],"picked":"Double Tap","floor":0},{"not_picked":["Clothesline","Havoc"],"picked":"Rage","floor":1},{"not_picked":["Anger","Headbutt"],"picked":"Perfected Strike","floor":4},{"not_picked":["Twin Strike","True Grit"],"picked":"Iron Wave","floor":5},{"not_picked":["Dark Embrace","Sever Soul"],"picked":"Iron Wave","floor":6},{"not_picked":["Entrench","Clothesline"],"picked":"Pommel Strike","floor":8},{"not_picked":["Seeing Red","Rupture"],"picked":"Ghostly Armor","floor":10},{"not_picked":["Searing Blow","Iron Wave"],"picked":"Dual Wield","floor":14},{"not_picked":["Impervious","Fiend Fire"],"picked":"Demon Form","floor":16},{"not_picked":["Havoc","Sentinel"],"picked":"Infernal Blade","floor":18},{"not_picked":["Headbutt+1","Clash"],"picked":"Flex+1","floor":20},{"not_picked":["Heavy Blade","Sword Boomerang"],"picked":"Shrug It Off","floor":21}],"player_experience":80993,"relics_obtained":[{"floor":6,"key":"Vajra"},{"floor":9,"key":"MawBank"}],"event_choices":[{"damage_healed":0,"gold_gain":175,"player_choice":"AGREE","damage_taken":0,"max_hp_gain":0,"max_hp_loss":0,"event_name":"Liars Game","floor":2,"gold_loss":0,"cards_obtained":["Doubt"]},{"damage_healed":0,"gold_gain":0,"cards_transformed":["Doubt"],"player_choice":"Transformed","damage_taken":0,"max_hp_gain":0,"max_hp_loss":0,"event_name":"Transmorgrifier","floor":3,"gold_loss":0,"cards_obtained":["Regret"]},{"cards_removed":["Regret"],"damage_healed":0,"gold_gain":0,"player_choice":"Card Removal","damage_taken":7,"max_hp_gain":0,"max_hp_loss":0,"event_name":"Golden Wing","floor":11,"gold_loss":0},{"damage_healed":0,"gold_gain":0,"player_choice":"Leave","damage_taken":0,"max_hp_gain":0,"max_hp_loss":0,"event_name":"The Cleric","floor":13,"gold_loss":0},{"damage_healed":0,"gold_gain":0,"player_choice":"Obtain J.A.X.","damage_taken":0,"max_hp_gain":0,"max_hp_loss":0,"event_name":"Drug Dealer","floor":19,"gold_loss":0,"cards_obtained":["J.A.X."]},{"damage_healed":0,"gold_gain":0,"player_choice":"Fight","damage_taken":0,"max_hp_gain":0,"max_hp_loss":0,"event_name":"Colosseum","floor":22,"gold_loss":0}],"is_beta":false,"boss_relics":[{"not_picked":["Snecko Eye","Lizard Tail"],"picked":"Black Blood"}],"items_purged_floors":[],"is_endless":false,"potions_floor_spawned":[1,5,10,16,20],"killed_by":"Colosseum Slavers","ascension_level":0}