{"gold_per_floor":[114,114,127,127,146,180,197,197,197,197,231,231,10,50,50,171,171,196,196,221,235,250,286,298,60,60,60,84,183,201,225,225,346,346,366,386,129,462,474,493,507,507,507,607,607,8,19,38,38,38],"floor_reached":50,"playtime":4297,"items_purged":["Parasite"],"score":511,"play_id":"16b92f77-5fa2-455f-b80d-7f25f742c485","local_time":"20190827005042","is_ascension_mode":false,"campfire_choices":[{"floor":8,"key":"RECALL"},{"floor":12,"key":"REST"},{"floor":15,"key":"REST"},{"floor":24,"key":"REST"},{"floor":27,"key":"REST"},{"floor":32,"key":"REST"},{"floor":42,"key":"REST"},{"floor":45,"key":"REST"},{"floor":49,"key":"REST"}],"neow_cost":"NONE","seed_source_timestamp":12020618970185,"circlet_count":0,"master_deck":["Strike_G","Strike_G","Strike_G+1","Strike_G","Strike_G","Defend_G","Defend_G","Defend_G","Defend_G","Defend_G","Survivor","Neutralize","Deflect+1","Terror","Dagger Spray+1","Corpse Explosion","Cloak And Dagger","Dagger Spray","Footwork","Noxious Fumes","Deflect+1","All Out Attack+1","Footwork+1","Footwork","Infinite Blades","Envenom","Deadly Poison+1","Noxious Fumes"],"relics":["Fusion Hammer","Whetstone","Letter Opener","Vajra","Mango","Black Star","MawBank","Ginger","Mummified Hand","Pocketwatch","Meat on the Bone","Ninja Scroll","Regal Pillow","Unceasing Top"],"potions_floor_usage":[6,6,6,6,11,16,33,33,33,50,50],"damage_taken":[{"damage":0,"enemies":"Small Slimes","floor":1,"turns":4},{"damage":0,"enemies":"Cultist","floor":3,"turns":5},{"damage":1,"enemies":"Jaw Worm","floor":5,"turns":4},{"damage":8,"enemies":"Gremlin Nob","floor":6,"turns":5},{"damage":0,"enemies":"Looter","floor":7,"turns":3},{"damage":2,"enemies":"Lagavulin","floor":11,"turns":5},{"damage":16,"enemies":"Gremlin Nob","floor":14,"turns":3},{"damage":25,"enemies":"The Guardian","floor":16,"turns":8},{"damage":3,"enemies":"3 Byrds","floor":18,"turns":3},{"damage":1,"enemies":"Chosen","floor":20,"turns":6},{"damage":8,"enemies":"Centurion and Healer","floor":21,"turns":5},{"damage":0,"enemies":"3 Cultists","floor":22,"turns":2},{"damage":31,"enemies":"Gremlin Leader","floor":23,"turns":7},{"damage":14,"enemies":"Snake Plant","floor":28,"turns":4},{"damage":14,"enemies":"Centurion and Healer","floor":30,"turns":5},{"damage":6,"enemies":"Cultist and Chosen","floor":31,"turns":5},{"damage":48,"enemies":"Champ","floor":33,"turns":16},{"damage":5,"enemies":"Orb Walker","floor":35,"turns":5},{"damage":7,"enemies":"3 Shapes","floor":36,"turns":2},{"damage":17,"enemies":"3 Darklings","floor":39,"turns":4},{"damage":23,"enemies":"Writhing Mass","floor":40,"turns":7},{"damage":22,"enemies":"4 Shapes","floor":41,"turns":3},{"damage":33,"enemies":"Jaw Worm Horde","floor":47,"turns":5},{"damage":15,"enemies":"Transient","floor":48,"turns":5},{"damage":82,"enemies":"Awakened One","floor":50,"turns":13}],"seed_played":"4510208244878383712","potions_obtained":[{"floor":1,"key":"Dexterity Potion"},{"floor":3,"key":"SpeedPotion"},{"floor":5,"key":"EntropicBrew"},{"floor":14,"key":"LiquidBronze"},{"floor":18,"key":"SkillPotion"},{"floor":23,"key":"Block Potion"},{"floor":28,"key":"Explosive Potion"},{"floor":33,"key":"PowerPotion"},{"floor":41,"key":"GhostInAJar"},{"floor":48,"key":"Weak Potion"}],"is_trial":false,"path_per_floor":["M","?","M","?","M","E","M","R","T","?","E","R","$","E","R","B",null,"M","?","M","M","M","E","R","$","T","R","M","?","M","M","R","B",null,"M","M","$","?","M","M","M","R","T","?","R","$","M","M","R","B"],"character_chosen":"THE_SILENT","items_purchased":["Footwork","Vajra","Mummified Hand","Meat on the Bone","Noxious Fumes","Regal Pillow","Unceasing Top"],"campfire_rested":8,"item_purchase_floors":[13,13,25,37,46,46,46],"current_hp_per_floor":[70,70,70,70,69,61,61,61,61,44,42,63,63,61,84,59,84,81,81,80,72,72,41,66,66,66,84,70,70,56,50,75,27,84,79,72,72,72,55,44,34,59,59,59,84,81,48,45,81,0],"gold":38,"neow_bonus":"BOSS_RELIC","is_prod":false,"is_daily":false,"chose_seed":false,"campfire_upgraded":0,"win_rate":0,"timestamp":1566863442,"path_taken":["M","?","M","?","?","E","M","R","T","?","E","R","$","E","R","BOSS","M","?","M","M","M","E","R","?","T","R","M","?","M","M","R","BOSS","M","M","$","?","M","M","M","R","T","?","R","$","M","?","R","BOSS"],"build_version":"2019-07-17","purchased_purges":1,"victory":false,"max_hp_per_floor":[70,70,70,70,70,70,70,70,70,70,70,70,70,84,84,84,84,84,84,84,84,84,84,84,84,84,84,84,84,84,84,84,84,84,84,84,84,84,84,84,84,84,84,84,84,81,81,81,81,81],"card_choices":[{"not_picked":["Flechettes","Expertise"],"picked":"Deflect","floor":1},{"not_picked":["Deflect","Reflex"],"picked":"Terror","floor":3},{"not_picked":["Slice","Deflect"],"picked":"Dagger Spray","floor":5},{"not_picked":["Sucker Punch","Deflect"],"picked":"Corpse Explosion","floor":6},{"not_picked":["Outmaneuver","Bane"],"picked":"Cloak And Dagger","floor":7},{"not_picked":["Bouncing Flask","Expertise"],"picked":"Dagger Spray","floor":11},{"not_picked":["Slice","Eviscerate"],"picked":"Noxious Fumes","floor":14},{"not_picked":["Dash","Choke"],"picked":"Deflect+1","floor":18},{"not_picked":["Cloak And Dagger","Deadly Poison+1"],"picked":"All Out Attack+1","floor":20},{"not_picked":["Acrobatics+1","Outmaneuver","PiercingWail"],"picked":"SKIP","floor":21},{"not_picked":["Cloak And Dagger","Leg Sweep"],"picked":"Footwork+1","floor":22},{"not_picked":["Quick Slash","Escape Plan"],"picked":"Footwork","floor":23},{"not_picked":["Catalyst","PiercingWail+1","Wraith Form v2"],"picked":"SKIP","floor":28},{"not_picked":["Flying Knee","Eviscerate+1","Reflex"],"picked":"SKIP","floor":30},{"not_picked":["Well Laid Plans","Underhanded Strike"],"picked":"Infinite Blades","floor":31},{"not_picked":["Unload","Doppelganger"],"picked":"Envenom","floor":33},{"not_picked":["Sucker Punch","Dagger Spray","Endless Agony"],"picked":"SKIP","floor":35},{"not_picked":["Masterful Stab+1","Predator","All Out Attack+1"],"picked":"SKIP","floor":36},{"not_picked":["Dodge and Roll","Dash+1"],"picked":"Deadly Poison+1","floor":39},{"not_picked":["Bouncing Flask","Slice","All Out Attack"],"picked":"SKIP","floor":40},{"not_picked":["Sucker Punch+1","Slice+1","Outmaneuver+1"],"picked":"SKIP","floor":41},{"not_picked":["Well Laid Plans+1","Deadly Poison+1","Venomology"],"picked":"SKIP","floor":47},{"not_picked":["Dagger Throw+1","Prepared","Endless Agony+1"],"picked":"SKIP","floor":48}],"player_experience":96684,"relics_obtained":[{"floor":6,"key":"Whetstone"},{"floor":11,"key":"Letter Opener"},{"floor":14,"key":"Mango"},{"floor":23,"key":"MawBank"},{"floor":23,"key":"Ginger"},{"floor":26,"key":"Pocketwatch"},{"floor":43,"key":"Ninja Scroll"}],"event_choices":[{"damage_healed":0,"gold_gain":0,"player_choice":"Grow","damage_taken":0,"max_hp_gain":0,"max_hp_loss":0,"event_name":"Living Wall","floor":2,"gold_loss":0,"cards_upgraded":["Deflect"]},{"damage_healed":0,"gold_gain":0,"player_choice":"Ignored","damage_taken":0,"max_hp_gain":0,"max_hp_loss":0,"event_name":"Purifier","floor":4,"gold_loss":0},{"damage_healed":0,"gold_gain":0,"player_choice":"Take Damage","damage_taken":17,"relics_obtained":["Golden Idol"],"max_hp_gain":0,"max_hp_loss":0,"event_name":"Golden Idol","floor":10,"gold_loss":0},{"damage_healed":0,"gold_gain":0,"player_choice":"Ignored","damage_taken":0,"max_hp_gain":0,"max_hp_loss":0,"event_name":"NoteForYourself","floor":19,"gold_loss":0},{"damage_healed":0,"gold_gain":99,"player_choice":"Stole From Cult","damage_taken":0,"max_hp_gain":0,"max_hp_loss":0,"event_name":"Nest","floor":29,"gold_loss":0},{"damage_healed":0,"gold_gain":333,"player_choice":"Gave Idol","damage_taken":0,"max_hp_gain":0,"max_hp_loss":0,"event_name":"The Moai Head","floor":38,"relics_lost":["Golden Idol"],"gold_loss":0},{"damage_healed":0,"gold_gain":100,"player_choice":"Pray","damage_taken":0,"max_hp_gain":0,"max_hp_loss":0,"event_name":"Golden Shrine","floor":44,"gold_loss":0}],"is_beta":false,"boss_relics":[{"not_picked":["Philosopher\u0027s Stone","Tiny House"],"picked":"Black Star"},{"not_picked":["Coffee Dripper","Runic Pyramid","Velvet Choker"]}],"items_purged_floors":[46],"is_endless":false,"potions_floor_spawned":[1,3,5,14,18,23,28,33,41,48],"killed_by":"Awakened One","ascension_level":0}