{"path_per_floor":["M","M","?","M","?","R","$","?","T","T","R","E","M","M","R","B",null,"M","M"],"character_chosen":"THE_SILENT","items_purchased":["Expertise"],"gold_per_floor":[111,128,128,145,145,145,29,29,29,101,101,129,143,154,154,257,257,269,255,255],"floor_reached":20,"campfire_rested":1,"playtime":966,"current_hp_per_floor":[62,62,62,55,55,55,55,55,55,55,55,42,42,42,60,52,63,60,45,0],"items_purged":["Strike_G"],"gold":255,"score":191,"play_id":"5a068be2-1c2b-490a-8405-74a2bce9ec60","local_time":"20180326214604","is_prod":false,"is_daily":false,"is_ascension_mode":true,"campfire_upgraded":2,"timestamp":1522115164,"path_taken":["M","M","?","M","?","R","$","?","T","?","R","E","M","M","R","BOSS","M","M","M"],"build_version":"2018-03-22v2","purchased_purges":1,"victory":false,"master_deck":["Defend_G","Defend_G","Defend_G","Defend_G","Defend_G","Strike_G","Strike_G","Strike_G","Survivor","Neutralize","Wraith Form+1","Deflect+1","Injury","Expertise+1","Deflect","Adrenaline","PiercingWail","Deadly Poison+1"],"max_hp_per_floor":[63,63,63,63,63,63,63,63,63,63,63,63,63,63,63,63,63,63,63,63],"relics":["Ring of the Snake","Calipers","Ninja Scroll","Matryoshka","Philosopher\u0027s Stone"],"card_choices":[{"not_picked":["Sucker Punch","Underhanded Strike"],"picked":"Wraith Form","floor":1},{"not_picked":["Endless Agony","Flechettes"],"picked":"Deflect","floor":2},{"not_picked":["Flying Knee","Sucker Punch"],"picked":"Deflect","floor":12},{"not_picked":["Burst","Phantasmal Killer"],"picked":"Adrenaline","floor":16},{"not_picked":["Accuracy","Caltrops"],"picked":"PiercingWail","floor":18},{"not_picked":["Dash","Underhanded Strike"],"picked":"Deadly Poison","floor":19}],"player_experience":102726,"potions_floor_usage":[12,14,16],"damage_taken":[{"damage":1,"enemies":"Jaw Worm","floor":1,"turns":4},{"damage":0,"enemies":"Cultist","floor":2,"turns":5},{"damage":7,"enemies":"Small Slimes","floor":4,"turns":5},{"damage":19,"enemies":"Gremlin Nob","floor":12,"turns":5},{"damage":0,"enemies":"2 Fungi Beasts","floor":13,"turns":3},{"damage":0,"enemies":"Looter","floor":14,"turns":2},{"damage":8,"enemies":"The Guardian","floor":16,"turns":14},{"damage":3,"enemies":"Shell Parasite","floor":18,"turns":4},{"damage":15,"enemies":"2 Thieves","floor":19,"turns":4},{"damage":57,"enemies":"Cultist and Chosen","floor":20,"turns":5}],"event_choices":[{"event_name":"Accursed Blacksmith","player_choice":"Forge","floor":3,"damage_taken":0},{"event_name":"Shining Light","player_choice":"Ignored","floor":5,"damage_taken":0},{"event_name":"Living Wall","player_choice":"Forget","floor":8,"damage_taken":0}],"boss_relics":[{"not_picked":["Ectoplasm","Velvet Choker"],"picked":"Philosopher\u0027s Stone"}],"potions_floor_spawned":[2,4,12],"seed_played":"-5326993709831261313","killed_by":"Cultist and Chosen","ascension_level":2,"is_trial":false}