{"gold_per_floor":[111,111,127,143,162,162,196,196,196,229,283,283,283,301,301,402,402,419,334,304,315,315,315,340,340,340,353,383,394,45,45,45,45],"floor_reached":33,"playtime":1104,"items_purged":[],"score":534,"play_id":"fd5f45c1-2f15-4116-8f3d-db080a3fa4c2","local_time":"20181202175350","is_ascension_mode":true,"campfire_choices":[{"data":"Perfected Strike","floor":6,"key":"SMITH"},{"floor":8,"key":"REST"},{"data":"Feed","floor":12,"key":"SMITH"},{"floor":15,"key":"REST"},{"data":"Double Tap","floor":23,"key":"SMITH"},{"floor":25,"key":"REST"},{"data":"Limit Break","floor":32,"key":"SMITH"}],"neow_cost":"NONE","seed_source_timestamp":154716330135226,"circlet_count":0,"master_deck":["AscendersBane","Strike_R+1","Strike_R+1","Strike_R+1","Strike_R+1","Strike_R+1","Defend_R+1","Defend_R+1","Bash","Perfected Strike+1","Inflame+1","Thunderclap","Warcry","Feed+1","Shockwave","Double Tap+1","Flex+1","Limit Break+1","Pommel Strike","Dropkick","Jack Of All Trades"],"relics":["Burning Blood","Frozen Egg 2","Anchor","Blue Candle","Juzu Bracelet","Pen Nib","Black Star","Ornamental Fan","Bronze Scales","Ancient Tea Set","Vajra","Regal Pillow","Dream Catcher","Tiny Chest"],"potions_floor_usage":[10,14,16,18,21,24,28,29,33,33],"damage_taken":[{"damage":0,"enemies":"Small Slimes","floor":1,"turns":3},{"damage":9,"enemies":"Jaw Worm","floor":3,"turns":3},{"damage":2,"enemies":"2 Louse","floor":4,"turns":2},{"damage":11,"enemies":"Blue Slaver","floor":5,"turns":3},{"damage":45,"enemies":"3 Sentries","floor":7,"turns":7},{"damage":16,"enemies":"Gremlin Nob","floor":10,"turns":3},{"damage":10,"enemies":"Gremlin Gang","floor":14,"turns":3},{"damage":18,"enemies":"Slime Boss","floor":16,"turns":6},{"damage":12,"enemies":"3 Byrds","floor":18,"turns":4},{"damage":22,"enemies":"2 Thieves","floor":21,"turns":4},{"damage":25,"enemies":"Book of Stabbing","floor":24,"turns":4},{"damage":18,"enemies":"Snecko","floor":27,"turns":5},{"damage":57,"enemies":"Slavers","floor":28,"turns":6},{"damage":0,"enemies":"Centurion and Healer","floor":29,"turns":4},{"damage":98,"enemies":"Automaton","floor":33,"turns":6}],"seed_played":"5885702960046890546","potions_obtained":[{"floor":4,"key":"LiquidBronze"},{"floor":7,"key":"FearPotion"},{"floor":10,"key":"AttackPotion"},{"floor":14,"key":"PowerPotion"},{"floor":20,"key":"SteroidPotion"},{"floor":20,"key":"Weak Potion"},{"floor":21,"key":"Swift Potion"},{"floor":24,"key":"SteroidPotion"},{"floor":29,"key":"Ancient Potion"}],"is_trial":false,"path_per_floor":["M","?","M","M","M","R","E","R","T","E","T","R","?","M","R","B",null,"M","?","?","M","?","R","E","R","T","M","E","M","$","?","R","B"],"character_chosen":"IRONCLAD","items_purchased":["Tiny Chest","BloodPotion","Dropkick","Jack Of All Trades"],"campfire_rested":3,"item_purchase_floors":[30,30,30,30],"current_hp_per_floor":[78,71,68,72,67,67,28,52,52,45,45,45,38,38,64,56,82,76,76,76,64,64,64,49,78,78,66,15,25,25,59,59,0],"gold":45,"neow_bonus":"REMOVE_CARD","is_prod":false,"is_daily":false,"chose_seed":false,"campfire_upgraded":4,"win_rate":0,"timestamp":1543791230,"path_taken":["M","?","M","M","M","R","E","R","T","E","?","R","?","M","R","BOSS","M","?","?","M","?","R","E","R","T","M","E","M","$","?","R","BOSS"],"build_version":"2018-11-15","purchased_purges":0,"victory":false,"max_hp_per_floor":[80,80,80,80,80,80,80,80,80,83,83,83,83,87,87,91,91,91,91,91,95,95,95,99,99,99,99,99,103,103,103,103,103],"card_choices":[{"not_picked":["Thunderclap","Hemokinesis"],"picked":"Perfected Strike","floor":1},{"not_picked":["Reckless Charge","Anger"],"picked":"Inflame+1","floor":3},{"not_picked":["Headbutt","Heavy Blade"],"picked":"Thunderclap","floor":4},{"not_picked":["Headbutt","Armaments"],"picked":"Warcry","floor":5},{"not_picked":["Headbutt","Flex"],"picked":"Feed","floor":7},{"not_picked":["Exhume","Second Wind"],"picked":"Shockwave","floor":10},{"not_picked":["Thunderclap","Anger","Ghostly Armor"],"picked":"SKIP","floor":14},{"not_picked":["Limit Break","Fiend Fire"],"picked":"Double Tap","floor":16},{"not_picked":["Rupture+1","Thunderclap","Clothesline"],"picked":"SKIP","floor":18},{"not_picked":["Armaments","Shrug It Off"],"picked":"Flex+1","floor":21},{"not_picked":["Searing Blow","Flex","Hemokinesis"],"picked":"SKIP","floor":24},{"not_picked":["Perfected Strike","Body Slam"],"picked":"Limit Break","floor":27},{"not_picked":["Fire Breathing+1","Thunderclap","Seeing Red"],"picked":"SKIP","floor":28},{"not_picked":["Evolve+1","Perfected Strike"],"picked":"Pommel Strike","floor":29}],"player_experience":762904,"relics_obtained":[{"floor":7,"key":"Anchor"},{"floor":9,"key":"Blue Candle"},{"floor":10,"key":"Juzu Bracelet"},{"floor":11,"key":"Pen Nib"},{"floor":24,"key":"Bronze Scales"},{"floor":24,"key":"Ancient Tea Set"},{"floor":26,"key":"Vajra"},{"floor":28,"key":"Regal Pillow"},{"floor":28,"key":"Dream Catcher"}],"event_choices":[{"damage_healed":0,"gold_gain":0,"player_choice":"Success","damage_taken":7,"relics_obtained":["Frozen Egg 2"],"max_hp_gain":0,"max_hp_loss":0,"event_name":"Scrap Ooze","floor":2,"gold_loss":0},{"cards_removed":["Defend_R"],"damage_healed":0,"gold_gain":0,"player_choice":"Card Removal","damage_taken":7,"max_hp_gain":0,"max_hp_loss":0,"event_name":"Golden Wing","floor":13,"gold_loss":0},{"damage_healed":0,"gold_gain":0,"player_choice":"Obtained Relic","damage_taken":0,"relics_obtained":["Ornamental Fan"],"max_hp_gain":0,"max_hp_loss":0,"event_name":"Addict","floor":19,"gold_loss":85},{"damage_healed":0,"gold_gain":0,"player_choice":"Bought 2 Potions","damage_taken":0,"max_hp_gain":0,"max_hp_loss":0,"event_name":"The Woman in Blue","floor":20,"gold_loss":0},{"damage_healed":0,"gold_gain":0,"player_choice":"Simplicity","damage_taken":0,"max_hp_gain":0,"max_hp_loss":0,"event_name":"Back to Basics","floor":22,"gold_loss":0,"cards_upgraded":["Strike_R","Strike_R","Strike_R","Strike_R","Strike_R","Defend_R","Defend_R"]},{"damage_healed":34,"gold_gain":0,"player_choice":"Heal","damage_taken":0,"max_hp_gain":0,"max_hp_loss":0,"event_name":"The Library","floor":31,"gold_loss":0}],"is_beta":false,"boss_relics":[{"not_picked":["Snecko Eye","Velvet Choker"],"picked":"Black Star"}],"items_purged_floors":[],"is_endless":false,"potions_floor_spawned":[4,7,10,14,21,24,29],"killed_by":"Automaton","ascension_level":12}