{"gold_per_floor":[119,131,145,220,237,237,264,264,287,45,45,66,66,79,79,203,203,228,242,44,44,58,58,71,71,145,169,169,190,203,221,221,345,345,370,370,151,166,19,19,38,57,57,57,57,72,97,97,97,97],"floor_reached":50,"playtime":5763,"items_purged":["Shame"],"score":568,"play_id":"e2e86521-25b0-4356-bd13-6f6a946e97b4","local_time":"20190831212827","is_ascension_mode":true,"campfire_choices":[{"floor":6,"key":"REST"},{"floor":13,"key":"REST"},{"floor":15,"key":"REST"},{"floor":23,"key":"RECALL"},{"floor":25,"key":"REST"},{"data":"Glacier","floor":28,"key":"SMITH"},{"floor":32,"key":"REST"},{"data":"Conserve Battery","floor":40,"key":"SMITH"},{"floor":44,"key":"REST"},{"floor":49,"key":"REST"}],"neow_cost":"NONE","seed_source_timestamp":15750198787800,"circlet_count":0,"master_deck":["Strike_B","Strike_B","Strike_B","Strike_B","Defend_B","Defend_B","Defend_B","Defend_B","Zap","Dualcast","Glacier+1","Cold Snap","Go for the Eyes","Go for the Eyes","Undo+1","Panacea","Rip and Tear","Zap","Conserve Battery+1","Cold Snap","All For One","Go for the Eyes","Skim","BootSequence+1","Cold Snap+1","Cold Snap+1","Barrage+1","Coolheaded+1","Undo+1","Seek+1","Glacier+1","Consume+1","Parasite","BootSequence+1","Double Energy+1","Regret","Force Field+1","Cold Snap"],"relics":["Cracked Core","Happy Flower","Golden Idol","Kunai","Runic Pyramid","TheAbacus","Toxic Egg 2","Cursed Key","Torii","Centennial Puzzle","DataDisk","Singing Bowl"],"potions_floor_usage":[16,50,50,50],"damage_taken":[{"damage":8,"enemies":"Small Slimes","floor":1,"turns":3},{"damage":0,"enemies":"2 Louse","floor":2,"turns":3},{"damage":5,"enemies":"Jaw Worm","floor":3,"turns":3},{"damage":0,"enemies":"Looter","floor":5,"turns":3},{"damage":23,"enemies":"Gremlin Nob","floor":7,"turns":8},{"damage":8,"enemies":"Gremlin Gang","floor":12,"turns":5},{"damage":6,"enemies":"Exordium Thugs","floor":14,"turns":6},{"damage":40,"enemies":"Slime Boss","floor":16,"turns":14},{"damage":1,"enemies":"Shell Parasite","floor":18,"turns":6},{"damage":4,"enemies":"3 Byrds","floor":19,"turns":7},{"damage":9,"enemies":"Centurion and Healer","floor":22,"turns":14},{"damage":13,"enemies":"Snake Plant","floor":24,"turns":8},{"damage":9,"enemies":"Sentry and Sphere","floor":27,"turns":8},{"damage":7,"enemies":"3 Cultists","floor":29,"turns":7},{"damage":5,"enemies":"Snecko","floor":30,"turns":6},{"damage":0,"enemies":"Shelled Parasite and Fungi","floor":31,"turns":6},{"damage":25,"enemies":"Champ","floor":33,"turns":32},{"damage":1,"enemies":"Orb Walker","floor":35,"turns":4},{"damage":12,"enemies":"3 Shapes","floor":38,"turns":6},{"damage":26,"enemies":"Writhing Mass","floor":41,"turns":14},{"damage":1,"enemies":"3 Darklings","floor":42,"turns":9},{"damage":20,"enemies":"Jaw Worm Horde","floor":46,"turns":9},{"damage":10,"enemies":"Sphere and 2 Shapes","floor":47,"turns":12},{"damage":66,"enemies":"Time Eater","floor":50,"turns":27}],"seed_played":"4682367561460846819","potions_obtained":[{"floor":1,"key":"PowerPotion"},{"floor":5,"key":"SteroidPotion"},{"floor":14,"key":"Energy Potion"},{"floor":16,"key":"FocusPotion"}],"is_trial":false,"path_per_floor":["M","M","M","?","M","R","E","?","T","$","?","M","R","M","R","B",null,"M","M","$","?","M","R","M","R","T","M","R","M","M","M","R","B",null,"M","T","$","M","$","R","M","M","T","R","$","M","M","$","R","B"],"character_chosen":"DEFECT","items_purchased":["Kunai","TheAbacus","Centennial Puzzle","DataDisk"],"campfire_rested":7,"item_purchase_floors":[10,20,37,39],"current_hp_per_floor":[74,74,69,58,58,82,59,39,39,39,39,31,55,49,73,33,82,81,77,77,77,68,68,55,79,79,70,70,63,58,58,82,57,82,81,81,81,69,69,69,43,42,42,66,66,46,36,36,60,0],"gold":97,"neow_bonus":"TEN_PERCENT_HP_BONUS","is_prod":false,"is_daily":false,"chose_seed":false,"campfire_upgraded":2,"win_rate":0,"timestamp":1567304907,"path_taken":["M","M","M","?","M","R","E","?","T","?","?","M","R","M","R","BOSS","M","?","$","?","?","R","M","R","T","M","R","M","M","M","R","BOSS","M","?","?","M","$","R","M","?","T","R","$","?","M","$","R","BOSS"],"build_version":"2019-07-17","purchased_purges":1,"victory":false,"max_hp_per_floor":[82,82,82,82,82,82,82,82,82,82,82,82,82,82,82,82,82,82,82,82,82,82,82,82,82,82,82,82,82,82,82,82,82,82,82,82,82,82,82,82,82,82,82,82,82,82,82,82,82,82],"card_choices":[{"not_picked":["Static Discharge","Gash"],"picked":"Glacier","floor":1},{"not_picked":["Streamline","Ball Lightning"],"picked":"Cold Snap","floor":2},{"not_picked":["Streamline","Auto Shields"],"picked":"Go for the Eyes","floor":3},{"not_picked":["Streamline","Conserve Battery"],"picked":"Go for the Eyes","floor":5},{"not_picked":["Ball Lightning","Gash"],"picked":"Undo","floor":7},{"not_picked":["Sweeping Beam","Fusion"],"picked":"Conserve Battery","floor":12},{"not_picked":["Beam Cell","Turbo"],"picked":"Cold Snap","floor":14},{"not_picked":["Fission","Echo Form"],"picked":"All For One","floor":16},{"not_picked":["Rebound+1","Fusion"],"picked":"Go for the Eyes","floor":18},{"not_picked":["Turbo","Ball Lightning"],"picked":"Skim","floor":19},{"not_picked":["Aggregate","Redo+1"],"picked":"BootSequence+1","floor":22},{"not_picked":["Go for the Eyes+1","Redo"],"picked":"Cold Snap+1","floor":24},{"not_picked":["Go for the Eyes","Compile Driver+1"],"picked":"Cold Snap+1","floor":27},{"not_picked":["Gash","Storm"],"picked":"Barrage+1","floor":29},{"not_picked":["Skim+1","Cold Snap"],"picked":"Coolheaded+1","floor":30},{"not_picked":["Machine Learning","Fusion+1"],"picked":"Undo+1","floor":31},{"not_picked":["Core Surge","Creative AI"],"picked":"Seek+1","floor":33},{"not_picked":["Hello World","Hologram+1"],"picked":"Glacier+1","floor":35},{"not_picked":["Barrage","Steam+1"],"picked":"Consume+1","floor":38},{"not_picked":["Sunder","Rebound"],"picked":"BootSequence+1","floor":41},{"not_picked":["Lockon","Leap+1"],"picked":"Double Energy+1","floor":42},{"not_picked":["Scrape","BootSequence+1"],"picked":"Force Field+1","floor":46},{"not_picked":["Sunder+1","Genetic Algorithm+1"],"picked":"Cold Snap","floor":47}],"player_experience":267848,"relics_obtained":[{"floor":7,"key":"Happy Flower"},{"floor":26,"key":"Toxic Egg 2"},{"floor":36,"key":"Torii"},{"floor":43,"key":"Singing Bowl"}],"event_choices":[{"damage_healed":0,"gold_gain":75,"player_choice":"Gather Gold","damage_taken":11,"max_hp_gain":0,"max_hp_loss":0,"event_name":"World of Goop","floor":4,"gold_loss":0},{"damage_healed":0,"gold_gain":0,"player_choice":"Take Damage","damage_taken":20,"relics_obtained":["Golden Idol"],"max_hp_gain":0,"max_hp_loss":0,"event_name":"Golden Idol","floor":8,"gold_loss":0},{"damage_healed":0,"gold_gain":0,"player_choice":"3 cards matched","damage_taken":0,"max_hp_gain":0,"max_hp_loss":0,"event_name":"Match and Keep!","floor":11,"gold_loss":0,"cards_obtained":["Panacea","Rip and Tear","Zap"]},{"damage_healed":0,"gold_gain":0,"player_choice":"Forge","damage_taken":0,"max_hp_gain":0,"max_hp_loss":0,"event_name":"Accursed Blacksmith","floor":21,"gold_loss":0,"cards_upgraded":["Undo"]}],"is_beta":false,"boss_relics":[{"not_picked":["Inserter","FrozenCore"],"picked":"Runic Pyramid"},{"not_picked":["Eternal Feather","Sozu"],"picked":"Cursed Key"}],"items_purged_floors":[37],"is_endless":false,"potions_floor_spawned":[1,5,14,16,19,22,27,31,33,42,46],"killed_by":"Time Eater","ascension_level":3}