{"gold_per_floor":[18,31,31,48,13,43,43,72,72,104,118,135,135,150,150,222,222,240,240,240,28,43,43,43],"floor_reached":24,"playtime":1145,"items_purged":[],"score":432,"play_id":"6c1ca4c9-f7b8-4070-b3ef-1e8c93f9b4b6","local_time":"20190821185556","is_ascension_mode":true,"campfire_choices":[{"data":"Zap","floor":7,"key":"SMITH"},{"data":"1","floor":15,"key":"LIFT"},{"floor":23,"key":"REST"}],"neow_cost":"NO_GOLD","seed_source_timestamp":2172057052946817,"circlet_count":0,"master_deck":["AscendersBane","Strike_B","Strike_B","Strike_B","Defend_B","Defend_B","Zap+1","Dualcast","Steam","Leap+1","Compile Driver","Go for the Eyes","Glacier+1","Loop","Tempest","Turbo","Core Surge","Meteor Strike","Conserve Battery","RitualDagger"],"relics":["Cracked Core","Bag of Marbles","Ice Cream","Singing Bowl","Mercury Hourglass","Girya","Black Star","War Paint"],"potions_floor_usage":[8,16,16,22,24],"damage_taken":[{"damage":0,"enemies":"Cultist","floor":1,"turns":3},{"damage":1,"enemies":"Small Slimes","floor":2,"turns":4},{"damage":0,"enemies":"Jaw Worm","floor":4,"turns":4},{"damage":18,"enemies":"Lagavulin","floor":6,"turns":10},{"damage":28,"enemies":"Gremlin Nob","floor":8,"turns":5},{"damage":12,"enemies":"3 Sentries","floor":10,"turns":9},{"damage":0,"enemies":"Blue Slaver","floor":11,"turns":2},{"damage":0,"enemies":"2 Fungi Beasts","floor":12,"turns":2},{"damage":0,"enemies":"Exordium Wildlife","floor":14,"turns":3},{"damage":10,"enemies":"Slime Boss","floor":16,"turns":7},{"damage":15,"enemies":"3 Byrds","floor":18,"turns":4},{"damage":11,"enemies":"Spheric Guardian","floor":22,"turns":3},{"damage":42,"enemies":"Slavers","floor":24,"turns":3}],"seed_played":"-7252997918238953800","potions_obtained":[{"floor":1,"key":"Block Potion"},{"floor":6,"key":"FairyPotion"},{"floor":12,"key":"Dexterity Potion"},{"floor":14,"key":"SkillPotion"},{"floor":22,"key":"SpeedPotion"}],"is_trial":false,"path_per_floor":["M","M","?","M","?","E","R","E","T","E","M","M","T","M","R","B",null,"M","?","?","$","M","R","E"],"character_chosen":"DEFECT","items_purchased":["War Paint","AttackPotion"],"campfire_rested":1,"item_purchase_floors":[21,21],"current_hp_per_floor":[64,63,56,56,71,53,53,25,25,15,15,17,17,17,17,7,58,43,22,16,16,7,31,0],"gold":43,"neow_bonus":"TRANSFORM_TWO_CARDS","is_prod":false,"is_daily":false,"chose_seed":false,"campfire_upgraded":1,"win_rate":0,"timestamp":1566428156,"path_taken":["M","?","?","M","?","E","R","E","T","E","M","M","?","M","R","BOSS","M","?","?","?","M","R","E"],"build_version":"2019-07-17","purchased_purges":0,"victory":false,"max_hp_per_floor":[71,71,71,71,71,71,71,71,71,73,73,75,75,75,75,75,75,75,80,80,80,82,82,82],"card_choices":[{"not_picked":["Auto Shields","Gash"],"picked":"Compile Driver","floor":1},{"not_picked":["Conserve Battery","Gash"],"picked":"Go for the Eyes","floor":2},{"not_picked":["Gash","Go for the Eyes"],"picked":"Glacier","floor":4},{"not_picked":["Blizzard","Recycle"],"picked":"Loop","floor":6},{"not_picked":["Rebound","Barrage"],"picked":"Tempest","floor":8},{"not_picked":["Undo","Coolheaded","Hologram"],"picked":"Singing Bowl","floor":10},{"not_picked":["Coolheaded","Storm"],"picked":"Turbo","floor":11},{"not_picked":["Cold Snap","Rebound","Skim"],"picked":"Singing Bowl","floor":12},{"not_picked":["Go for the Eyes","Heatsinks"],"picked":"Core Surge","floor":14},{"not_picked":["Thunder Strike","Hyperbeam"],"picked":"Meteor Strike","floor":16},{"not_picked":["Scrape","Rip and Tear"],"picked":"Conserve Battery","floor":18},{"not_picked":["Blizzard+1","Conserve Battery","Redo"],"picked":"Singing Bowl","floor":22}],"player_experience":1822667,"relics_obtained":[{"floor":6,"key":"Bag of Marbles"},{"floor":8,"key":"Ice Cream"},{"floor":9,"key":"Singing Bowl"},{"floor":10,"key":"Mercury Hourglass"},{"floor":13,"key":"Girya"}],"event_choices":[{"cards_removed":["Defend_B"],"damage_healed":0,"gold_gain":0,"player_choice":"Card Removal","damage_taken":7,"max_hp_gain":0,"max_hp_loss":0,"event_name":"Golden Wing","floor":3,"gold_loss":0},{"damage_healed":17,"gold_gain":0,"player_choice":"Healed","damage_taken":0,"max_hp_gain":0,"max_hp_loss":0,"event_name":"The Cleric","floor":5,"gold_loss":35},{"damage_healed":0,"gold_gain":0,"player_choice":"Shed Blood","damage_taken":26,"max_hp_gain":5,"max_hp_loss":0,"event_name":"Forgotten Altar","floor":19,"gold_loss":0},{"damage_healed":0,"gold_gain":0,"player_choice":"Joined the Cult","damage_taken":6,"max_hp_gain":0,"max_hp_loss":0,"event_name":"Nest","floor":20,"gold_loss":0,"cards_obtained":["RitualDagger"]}],"is_beta":false,"boss_relics":[{"not_picked":["Velvet Choker","Eternal Feather"],"picked":"Black Star"}],"items_purged_floors":[],"is_endless":false,"potions_floor_spawned":[1,6,12,14,22],"killed_by":"Slavers","ascension_level":20}