{"gold_per_floor":[118,68,68,79,79,79,4,28,28,28,48,48,83,97,97,228,228,241,73,172,190,213,213,213],"floor_reached":24,"playtime":1057,"items_purged":["Strike_G","Strike_G"],"score":304,"play_id":"8c563aab-087d-476f-9a01-9a536760115b","local_time":"20181130103255","is_ascension_mode":true,"campfire_choices":[{"data":"Choke","floor":6,"key":"SMITH"},{"data":"Footwork","floor":12,"key":"SMITH"},{"data":"Cloak And Dagger","floor":15,"key":"SMITH"},{"floor":23,"key":"REST"}],"neow_cost":"NONE","seed_source_timestamp":999731747727190,"circlet_count":0,"master_deck":["AscendersBane","Defend_G","Defend_G","Defend_G","Defend_G","Defend_G","Strike_G","Strike_G","Survivor","Neutralize","Choke+1","Footwork+1","Flying Knee","Deflect","Heel Hook","Cloak And Dagger+1","Doppelganger","Underhanded Strike+1","Tactician","Reflex+1"],"relics":["Ring of the Snake","NeowsBlessing","Golden Idol","Letter Opener","Matryoshka","Singing Bowl","Cursed Key"],"potions_floor_usage":[13,16,21,24],"damage_taken":[{"damage":0,"enemies":"Small Slimes","floor":1,"turns":1},{"damage":0,"enemies":"Cultist","floor":4,"turns":1},{"damage":0,"enemies":"2 Louse","floor":8,"turns":1},{"damage":4,"enemies":"Blue Slaver","floor":11,"turns":4},{"damage":12,"enemies":"Gremlin Nob","floor":13,"turns":4},{"damage":7,"enemies":"Red Slaver","floor":14,"turns":6},{"damage":24,"enemies":"The Guardian","floor":16,"turns":17},{"damage":14,"enemies":"Spheric Guardian","floor":18,"turns":8},{"damage":0,"enemies":"Chosen","floor":21,"turns":5},{"damage":24,"enemies":"Sentry and Sphere","floor":22,"turns":6},{"damage":45,"enemies":"Gremlin Leader","floor":24,"turns":6}],"seed_played":"-3695145264179901394","potions_obtained":[{"floor":1,"key":"AttackPotion"},{"floor":8,"key":"SkillPotion"},{"floor":16,"key":"Swift Potion"},{"floor":22,"key":"Fire Potion"}],"is_trial":false,"path_per_floor":["M","?","?","M","?","R","$","M","T","T","M","R","E","M","R","B",null,"M","$","?","M","M","R","E"],"character_chosen":"THE_SILENT","items_purchased":["Tactician"],"campfire_rested":1,"item_purchase_floors":[19],"current_hp_per_floor":[63,63,56,56,56,56,56,56,56,56,52,52,40,33,33,9,51,37,37,37,39,15,35,0],"gold":213,"neow_bonus":"THREE_ENEMY_KILL","is_prod":false,"is_daily":false,"chose_seed":false,"campfire_upgraded":3,"win_rate":0,"timestamp":1543591975,"path_taken":["M","?","?","?","?","R","$","M","T","?","?","R","E","M","R","BOSS","M","$","?","M","M","R","E"],"build_version":"2018-11-15","purchased_purges":2,"victory":false,"max_hp_per_floor":[70,70,70,70,65,65,65,65,65,65,65,65,65,65,65,65,65,65,65,65,67,67,67,67],"card_choices":[{"not_picked":["Backstab","Blade Dance"],"picked":"Choke","floor":1},{"not_picked":["Blade Dance","Deflect"],"picked":"Footwork","floor":4},{"not_picked":["Deadly Poison","Bane"],"picked":"Flying Knee","floor":8},{"not_picked":["All Out Attack","Dagger Spray"],"picked":"Deflect","floor":11},{"not_picked":["Flying Knee","Choke"],"picked":"Heel Hook","floor":13},{"not_picked":["Underhanded Strike","Blade Dance"],"picked":"Cloak And Dagger","floor":14},{"not_picked":["Night Terror","Malaise"],"picked":"Doppelganger","floor":16},{"not_picked":["Reflex","Catalyst"],"picked":"Underhanded Strike+1","floor":18},{"not_picked":["Noxious Fumes","Poisoned Stab","Outmaneuver"],"picked":"Singing Bowl","floor":21},{"not_picked":["Setup","Leg Sweep"],"picked":"Reflex+1","floor":22}],"player_experience":737382,"relics_obtained":[{"floor":9,"key":"Letter Opener"},{"floor":10,"key":"Matryoshka"},{"floor":13,"key":"Singing Bowl"}],"event_choices":[{"cards_removed":["Strike_G"],"damage_healed":0,"gold_gain":0,"player_choice":"Card Removal","damage_taken":0,"max_hp_gain":0,"max_hp_loss":0,"event_name":"The Cleric","floor":2,"gold_loss":50},{"damage_healed":0,"gold_gain":0,"player_choice":"Damaged","damage_taken":7,"max_hp_gain":0,"max_hp_loss":0,"event_name":"Wheel of Change","floor":3,"gold_loss":0},{"damage_healed":0,"gold_gain":0,"player_choice":"Lose Max HP","damage_taken":0,"relics_obtained":["Golden Idol"],"max_hp_gain":0,"max_hp_loss":5,"event_name":"Golden Idol","floor":5,"gold_loss":0},{"damage_healed":0,"gold_gain":99,"player_choice":"Stole From Cult","damage_taken":0,"max_hp_gain":0,"max_hp_loss":0,"event_name":"Nest","floor":20,"gold_loss":0}],"is_beta":false,"boss_relics":[{"not_picked":["Fusion Hammer","Velvet Choker"],"picked":"Cursed Key"}],"items_purged_floors":[7,19],"is_endless":false,"potions_floor_spawned":[1,8,16,22],"killed_by":"Gremlin Leader","ascension_level":11}