{"gold_per_floor":[109,209,226,241,260,260,275,293,318,335,335,367,383,313,313,390,390,403,418,418,431,443,443,478,478,478,478,494,14,14],"floor_reached":30,"playtime":1223,"items_purged":["Strike_B+1"],"score":448,"play_id":"4b47ebba-87da-4513-aa79-73154d04fb3b","local_time":"20190716221416","is_ascension_mode":true,"campfire_choices":[{"data":"Zap","floor":6,"key":"SMITH"},{"data":"Hologram","floor":11,"key":"SMITH"},{"floor":15,"key":"REST"},{"floor":23,"key":"REST"},{"floor":25,"key":"REST"},{"floor":27,"key":"REST"}],"neow_cost":"NONE","seed_source_timestamp":58506339617792,"circlet_count":0,"master_deck":["AscendersBane","Strike_B+1","Strike_B+1","Strike_B+1","Defend_B+1","Defend_B+1","Defend_B+1","Defend_B+1","Zap+1","Dualcast","Genetic Algorithm","Cold Snap","Conserve Battery","BootSequence","Undo","Hyperbeam","Hologram+1","Core Surge","Ball Lightning","Seek","Reprogram","Steam Power","Defragment+1","Beam Cell","Loop","Go for the Eyes","Bandage Up"],"relics":["Cracked Core","Bronze Scales","Omamori","Bag of Preparation","Nuclear Battery","Orichalcum","Ginger","Sling"],"potions_floor_usage":[10,30,30],"damage_taken":[{"damage":0,"enemies":"2 Louse","floor":1,"turns":1},{"damage":1,"enemies":"Cultist","floor":3,"turns":3},{"damage":7,"enemies":"Jaw Worm","floor":4,"turns":3},{"damage":12,"enemies":"Looter","floor":5,"turns":3},{"damage":5,"enemies":"Large Slime","floor":7,"turns":6},{"damage":2,"enemies":"Blue Slaver","floor":8,"turns":4},{"damage":4,"enemies":"Exordium Thugs","floor":10,"turns":4},{"damage":8,"enemies":"3 Sentries","floor":12,"turns":5},{"damage":1,"enemies":"Looter","floor":13,"turns":3},{"damage":19,"enemies":"Slime Boss","floor":16,"turns":9},{"damage":9,"enemies":"Shell Parasite","floor":18,"turns":3},{"damage":15,"enemies":"3 Byrds","floor":19,"turns":3},{"damage":16,"enemies":"Cultist and Chosen","floor":21,"turns":6},{"damage":10,"enemies":"3 Cultists","floor":22,"turns":4},{"damage":29,"enemies":"Book of Stabbing","floor":24,"turns":5},{"damage":9,"enemies":"Shelled Parasite and Fungi","floor":28,"turns":5},{"damage":50,"enemies":"Gremlin Leader","floor":30,"turns":9}],"seed_played":"-8901708193163803548","potions_obtained":[{"floor":1,"key":"FocusPotion"},{"floor":8,"key":"Fire Potion"},{"floor":10,"key":"GamblersBrew"}],"is_trial":false,"path_per_floor":["M","?","M","M","M","R","M","M","T","M","R","E","M","?","R","B",null,"M","M","?","M","M","R","E","R","T","R","M","$","E"],"character_chosen":"DEFECT","items_purchased":["Loop","Go for the Eyes","Sling","Bandage Up"],"campfire_rested":4,"item_purchase_floors":[29,29,29,29],"current_hp_per_floor":[64,64,63,56,44,44,39,37,37,33,33,25,24,24,45,26,60,51,36,36,20,10,31,2,23,23,44,35,35,0],"gold":14,"neow_bonus":"RANDOM_COMMON_RELIC","is_prod":false,"is_daily":false,"chose_seed":false,"campfire_upgraded":2,"win_rate":0,"timestamp":1563279256,"path_taken":["M","?","M","M","?","R","M","M","T","M","R","E","M","?","R","BOSS","M","M","?","M","M","R","E","R","T","R","M","$","E"],"build_version":"2019-07-05","purchased_purges":1,"victory":false,"max_hp_per_floor":[71,71,71,71,71,71,71,71,71,71,71,71,71,71,71,71,71,71,71,71,71,71,71,71,71,71,71,71,71,71],"card_choices":[{"not_picked":["BootSequence","Sunder"],"picked":"Genetic Algorithm","floor":1},{"not_picked":["Sweeping Beam","Stack"],"picked":"Cold Snap","floor":3},{"not_picked":["Streamline","Redo"],"picked":"Conserve Battery","floor":4},{"not_picked":["Coolheaded","Redo"],"picked":"BootSequence","floor":5},{"not_picked":["Fusion","Barrage"],"picked":"Undo","floor":7},{"not_picked":["Static Discharge","Steam"],"picked":"Hyperbeam","floor":8},{"not_picked":["Turbo","Beam Cell"],"picked":"Hologram","floor":10},{"not_picked":["Reprogram","Conserve Battery"],"picked":"Core Surge","floor":12},{"not_picked":["Chaos","Skim"],"picked":"Ball Lightning","floor":13},{"not_picked":["Creative AI","Meteor Strike"],"picked":"Seek","floor":16},{"not_picked":["Conserve Battery","Gash"],"picked":"Reprogram","floor":18},{"not_picked":["Hologram","Doom and Gloom"],"picked":"Steam Power","floor":19},{"not_picked":["Force Field","Double Energy","Aggregate"],"picked":"SKIP","floor":21},{"not_picked":["Go for the Eyes","Conserve Battery"],"picked":"Defragment+1","floor":22},{"not_picked":["Coolheaded","Conserve Battery","All For One"],"picked":"SKIP","floor":24},{"not_picked":["Genetic Algorithm","Coolheaded"],"picked":"Beam Cell","floor":28}],"player_experience":992576,"relics_obtained":[{"floor":9,"key":"Omamori"},{"floor":12,"key":"Bag of Preparation"},{"floor":24,"key":"Orichalcum"},{"floor":26,"key":"Ginger"}],"event_choices":[{"damage_healed":0,"gold_gain":100,"player_choice":"Gold","damage_taken":0,"max_hp_gain":0,"max_hp_loss":0,"event_name":"Wheel of Change","floor":2,"gold_loss":0},{"damage_healed":0,"gold_gain":0,"player_choice":"Left Gold","damage_taken":0,"max_hp_gain":0,"max_hp_loss":0,"event_name":"World of Goop","floor":14,"gold_loss":70},{"damage_healed":0,"gold_gain":0,"player_choice":"Simplicity","damage_taken":0,"max_hp_gain":0,"max_hp_loss":0,"event_name":"Back to Basics","floor":20,"gold_loss":0,"cards_upgraded":["Strike_B","Strike_B","Strike_B","Strike_B","Defend_B","Defend_B","Defend_B","Defend_B"]}],"is_beta":false,"boss_relics":[{"not_picked":["Black Star","Inserter"],"picked":"Nuclear Battery"}],"items_purged_floors":[29],"is_endless":false,"potions_floor_spawned":[1,8,10,13,16,18,24],"killed_by":"Gremlin Leader","ascension_level":15}