{"gold_per_floor":[14,26,46,32,32,32,46,79,79,129,149,149,31,43,43,118,118,135,135,150,150],"floor_reached":21,"playtime":1036,"items_purged":[],"score":320,"play_id":"b89afffc-515d-483d-a47a-91312377c38f","local_time":"20190722060929","is_ascension_mode":true,"campfire_choices":[{"floor":6,"key":"REST"},{"floor":12,"key":"REST"},{"floor":15,"key":"REST"}],"neow_cost":"NO_GOLD","seed_source_timestamp":61154986300812,"circlet_count":0,"master_deck":["AscendersBane","Strike_B","Defend_B","Defend_B","Defend_B","Defend_B","Zap","Dualcast","Compile Driver","Melter","Conserve Battery","Sweeping Beam","Seek","Ball Lightning","Sunder","Cold Snap","Capacitor","Cold Snap","Gash","Electrodynamics","Doom and Gloom","Ball Lightning","Beam Cell","Rip and Tear","Meteor Strike","Leap","Fission","Scrape","Coolheaded"],"relics":["Cracked Core","Blue Candle","Darkstone Periapt","Orrery"],"potions_floor_usage":[8,11,16,21],"damage_taken":[{"damage":0,"enemies":"Cultist","floor":1,"turns":3},{"damage":2,"enemies":"2 Louse","floor":2,"turns":2},{"damage":12,"enemies":"Jaw Worm","floor":3,"turns":3},{"damage":30,"enemies":"Exordium Thugs","floor":4,"turns":5},{"damage":4,"enemies":"Blue Slaver","floor":7,"turns":4},{"damage":23,"enemies":"3 Sentries","floor":8,"turns":6},{"damage":0,"enemies":"Large Slime","floor":11,"turns":3},{"damage":4,"enemies":"Exordium Thugs","floor":14,"turns":4},{"damage":45,"enemies":"Slime Boss","floor":16,"turns":9},{"damage":34,"enemies":"Chosen","floor":18,"turns":5},{"damage":0,"enemies":"Spheric Guardian","floor":20,"turns":3},{"damage":41,"enemies":"Cultist and Chosen","floor":21,"turns":4}],"seed_played":"9045803078800805023","potions_obtained":[{"floor":2,"key":"FocusPotion"},{"floor":7,"key":"GamblersBrew"},{"floor":8,"key":"AttackPotion"},{"floor":14,"key":"GamblersBrew"},{"floor":16,"key":"EssenceOfSteel"}],"is_trial":false,"path_per_floor":["M","M","M","M","?","R","M","E","T","?","M","R","$","M","R","B",null,"M","?","M","M"],"character_chosen":"DEFECT","items_purchased":["Capacitor","Cold Snap"],"campfire_rested":3,"item_purchase_floors":[13,13],"current_hp_per_floor":[78,76,64,34,34,59,55,32,32,24,24,49,49,45,70,25,70,36,36,36,0],"gold":150,"neow_bonus":"TWENTY_PERCENT_HP_BONUS","is_prod":false,"is_daily":false,"chose_seed":false,"campfire_upgraded":0,"win_rate":0,"timestamp":1563739769,"path_taken":["M","?","M","M","?","R","M","E","T","?","?","R","$","M","R","BOSS","M","?","M","M"],"build_version":"2019-07-17","purchased_purges":0,"victory":false,"max_hp_per_floor":[85,85,85,85,85,85,85,85,85,85,85,85,85,85,85,85,85,85,85,85,85],"card_choices":[{"not_picked":["Hologram","Barrage"],"picked":"Compile Driver","floor":1},{"not_picked":["Lockon","Sweeping Beam"],"picked":"Melter","floor":2},{"not_picked":["Compile Driver","Sweeping Beam"],"picked":"Conserve Battery","floor":3},{"not_picked":["Leap","Beam Cell"],"picked":"Sweeping Beam","floor":4},{"not_picked":["Fission","Streamline"],"picked":"Ball Lightning","floor":7},{"not_picked":["Darkness","Go for the Eyes"],"picked":"Sunder","floor":8},{"not_picked":["Barrage","Stack"],"picked":"Cold Snap","floor":11},{"not_picked":["Hologram","Steam"],"picked":"Gash","floor":14},{"not_picked":["Thunder Strike","Creative AI"],"picked":"Electrodynamics","floor":16},{"not_picked":["Rip and Tear","Gash"],"picked":"Doom and Gloom","floor":17},{"not_picked":["FTL","Skim"],"picked":"Ball Lightning","floor":17},{"not_picked":["Streamline","Heatsinks"],"picked":"Beam Cell","floor":17},{"not_picked":["Compile Driver","Barrage"],"picked":"Rip and Tear","floor":17},{"not_picked":["Barrage","Ball Lightning"],"picked":"Meteor Strike","floor":17},{"not_picked":["Scrape","Ball Lightning"],"picked":"Leap","floor":18},{"not_picked":["Leap+1","Turbo"],"picked":"Coolheaded","floor":20}],"player_experience":1055794,"relics_obtained":[{"floor":8,"key":"Blue Candle"},{"floor":9,"key":"Darkstone Periapt"}],"event_choices":[{"damage_healed":0,"gold_gain":0,"cards_transformed":["Strike_B"],"player_choice":"Change","damage_taken":0,"max_hp_gain":0,"max_hp_loss":0,"event_name":"Living Wall","floor":5,"gold_loss":0,"cards_obtained":["Seek"]},{"damage_healed":0,"gold_gain":50,"player_choice":"Touch","damage_taken":8,"max_hp_gain":0,"max_hp_loss":0,"event_name":"FaceTrader","floor":10,"gold_loss":0},{"damage_healed":0,"gold_gain":0,"cards_transformed":["Strike_B","Strike_B"],"player_choice":"Became Test Subject","damage_taken":0,"max_hp_gain":0,"max_hp_loss":0,"event_name":"Drug Dealer","floor":19,"gold_loss":0,"cards_obtained":["Fission","Scrape"]}],"is_beta":false,"boss_relics":[{"not_picked":["Inserter","Pandora\u0027s Box"],"picked":"Orrery"}],"items_purged_floors":[],"is_endless":false,"potions_floor_spawned":[2,7,8,14,16],"killed_by":"Cultist and Chosen","ascension_level":15}