{"path_per_floor":["M","?","M","M","?","$","M","E","T","M","R","E","M","M","R","B",null,"M","?","?","M","M","R","$"],"character_chosen":"IRONCLAD","items_purchased":["Bag of Marbles","True Grit"],"gold_per_floor":[216,216,227,238,238,91,108,134,134,154,154,188,201,213,213,310,340,352,277,277,296,316,316,264],"floor_reached":25,"campfire_rested":1,"playtime":1313,"current_hp_per_floor":[80,64,70,76,76,76,80,62,62,59,59,69,64,70,70,31,95,84,84,84,49,26,54,54],"items_purged":[],"gold":264,"score":240,"play_id":"e7a63348-deba-42aa-a20a-0ba3a529c753","local_time":"20180321014157","is_prod":false,"is_daily":false,"is_ascension_mode":false,"campfire_upgraded":2,"timestamp":1521610917,"path_taken":["M","?","M","M","?","$","M","E","T","M","R","E","M","M","R","BOSS","M","?","?","M","M","R","$","?"],"build_version":"2018-03-15v3","purchased_purges":0,"victory":false,"master_deck":["Strike_R","Strike_R","Strike_R","Strike_R+1","Strike_R","Defend_R","Defend_R+1","Defend_R","Headbutt","Spot Weakness+1","Perfected Strike","Searing Blow+2","Shrug It Off","Power Through","Double Tap","Metallicize","Clash","Wild Strike+1","True Grit"],"max_hp_per_floor":[80,80,80,80,80,80,80,80,80,80,80,90,90,90,90,90,95,95,95,95,95,95,95,95],"relics":["Burning Blood","Bag of Marbles","Calipers","Torii","Pear","Tiny House"],"card_choices":[{"not_picked":["Twin Strike","Armaments"],"picked":"Headbutt"},{"not_picked":["Rage","Evolve"],"picked":"Spot Weakness"},{"not_picked":["Sword Boomerang","Evolve"],"picked":"Perfected Strike"},{"not_picked":["Cleave","Burning Pact"],"picked":"Searing Blow"},{"not_picked":["Wild Strike","Dual Wield"],"picked":"Shrug It Off"},{"not_picked":["Juggernaut","Burning Pact"],"picked":"Power Through"},{"not_picked":["Berserk","Limit Break"],"picked":"Double Tap"},{"not_picked":["Clothesline","Corruption"],"picked":"Metallicize"},{"not_picked":["Warcry","Anger"],"picked":"Clash"},{"not_picked":["Combust","Pommel Strike"],"picked":"Wild Strike"}],"player_experience":44786,"potions_floor_usage":[12,16,16,21,22],"damage_taken":[{"damage":6,"enemies":"Jaw Worm","floor":1,"turns":4},{"damage":0,"enemies":"Small Slimes","floor":3,"turns":3},{"damage":0,"enemies":"2 Louse","floor":4,"turns":2},{"damage":0,"enemies":"Exordium Wildlife","floor":7,"turns":3},{"damage":24,"enemies":"3 Sentries","floor":8,"turns":6},{"damage":9,"enemies":"Red Slaver","floor":10,"turns":4},{"damage":6,"enemies":"Gremlin Nob","floor":12,"turns":3},{"damage":11,"enemies":"Gremlin Gang","floor":13,"turns":4},{"damage":0,"enemies":"Large Slime","floor":14,"turns":4},{"damage":45,"enemies":"Slime Boss","floor":16,"turns":12},{"damage":17,"enemies":"Shell Parasite","floor":18,"turns":7},{"damage":41,"enemies":"3 Byrds","floor":21,"turns":8},{"damage":29,"enemies":"Centurion and Healer","floor":22,"turns":5},{"damage":57,"enemies":"Cultist and Chosen","floor":25,"turns":5}],"event_choices":[{"event_name":"Shining Light","player_choice":"Entered Light","floor":2,"damage_taken":0},{"event_name":"Purifier","player_choice":"One Purge","floor":5,"damage_taken":0},{"event_name":"Beggar","player_choice":"Gave Gold","floor":19,"damage_taken":0},{"event_name":"Vampires","player_choice":"Ignored","floor":20,"damage_taken":0}],"boss_relics":[{"not_picked":["Runic Pyramid","Mark of Pain"],"picked":"Tiny House"}],"potions_floor_spawned":[7,10,12,13,14,22],"seed_played":"-2905862638982487914","killed_by":"Cultist and Chosen","ascension_level":0,"is_trial":false}