{"gold_per_floor":[146,224,224,235,385,385,416,431,431,460,460,490,506,506,506,605,605,618,618,13,0,78,78],"floor_reached":23,"playtime":2834,"items_purged":["Doubt"],"score":362,"play_id":"99052363-c3b4-409c-812d-38f2fd5192c1","local_time":"20190723032455","is_ascension_mode":true,"campfire_choices":[{"data":"Zap","floor":6.0,"key":"SMITH"},{"floor":11.0,"key":"REST"},{"floor":15.0,"key":"REST"}],"neow_cost":"NONE","seed_source_timestamp":0,"circlet_count":0,"master_deck":["AscendersBane","Strike_B","Strike_B","Defend_B","Defend_B","Defend_B","Defend_B","Zap+1","Dualcast","Doom and Gloom","Ball Lightning","Auto Shields","Compile Driver","Echo Form","Hologram","Buffer","Skim","Capacitor","Reinforced Body"],"special_seed":0,"relics":["Cracked Core","Tiny Chest","Sundial","Symbiotic Virus","Pear","Singing Bowl","Bag of Preparation","Golden Idol","Inserter","DataDisk","Vajra","MealTicket","Darkstone Periapt"],"potions_floor_usage":[21,21,21,23],"damage_taken":[{"damage":4.0,"enemies":"Jaw Worm","floor":1.0,"turns":3.0},{"damage":0.0,"enemies":"Small Slimes","floor":4.0,"turns":3.0},{"damage":40.0,"enemies":"Gremlin Nob","floor":7.0,"turns":4.0},{"damage":1.0,"enemies":"Cultist","floor":8.0,"turns":3.0},{"damage":14.0,"enemies":"Lagavulin","floor":10.0,"turns":5.0},{"damage":10.0,"enemies":"3 Sentries","floor":12.0,"turns":5.0},{"damage":12.0,"enemies":"Looter","floor":13.0,"turns":3.0},{"damage":13,"enemies":"Hexaghost","floor":16,"turns":8},{"damage":33,"enemies":"3 Byrds","floor":18,"turns":4},{"damage":28,"enemies":"2 Thieves","floor":21,"turns":3},{"damage":10,"enemies":"Gremlin Leader","floor":23,"turns":1}],"seed_played":"4485370237483373171","potions_obtained":[{"floor":1.0,"key":"Explosive Potion"},{"floor":10.0,"key":"SpeedPotion"},{"floor":12.0,"key":"SkillPotion"},{"floor":16,"key":"EntropicBrew"},{"floor":18,"key":"FocusPotion"}],"is_trial":false,"path_per_floor":["M","?","?","M","?","R","E","M","T","E","R","E","M","?","R","B",null,"M","?","$","M","T","E"],"character_chosen":"DEFECT","items_purchased":["DataDisk","Vajra","MealTicket","Reinforced Body"],"campfire_rested":2,"item_purchase_floors":[20,20,20,20],"current_hp_per_floor":[60,60,60,60,60,60,20,19,29,15,39,29,19,19,41,28,63,32,32,32,4,4,0],"gold":78,"neow_bonus":"RANDOM_COMMON_RELIC","is_prod":false,"is_daily":false,"chose_seed":false,"campfire_upgraded":1,"win_rate":0,"timestamp":1563816295,"path_taken":["M","?","?","?","?","R","E","M","T","E","R","E","M","?","R","BOSS","M","?","$","M","?","E"],"build_version":"2019-07-17","purchased_purges":1,"victory":false,"max_hp_per_floor":[71,71,71,71,71,71,71,71,81,81,81,81,83,75,75,75,75,77,77,77,77,77,77],"card_choices":[{"not_picked":["Turbo","Compile Driver"],"picked":"Doom and Gloom","floor":1.0},{"not_picked":["Cold Snap","Leap"],"picked":"Ball Lightning","floor":4.0},{"not_picked":["Genetic Algorithm","Leap"],"picked":"Auto Shields","floor":7.0},{"not_picked":["Gash","Thunder Strike"],"picked":"Compile Driver","floor":8.0},{"not_picked":["Gash","Cold Snap"],"picked":"Echo Form","floor":10.0},{"not_picked":["Steam Power","Fusion"],"picked":"Hologram","floor":12.0},{"not_picked":["Hologram","Storm","Aggregate"],"picked":"Singing Bowl","floor":13.0},{"not_picked":["Amplify","Rainbow"],"picked":"Buffer","floor":16},{"not_picked":["Steam Power+1","Heatsinks","Reprogram"],"picked":"Singing Bowl","floor":18}],"player_experience":1065727,"relics_obtained":[{"floor":7.0,"key":"Symbiotic Virus"},{"floor":9.0,"key":"Pear"},{"floor":10.0,"key":"Singing Bowl"},{"floor":12.0,"key":"Bag of Preparation"},{"floor":22,"key":"Darkstone Periapt"}],"event_choices":[{"damage_healed":0.0,"max_hp_gain":0.0,"max_hp_loss":0.0,"gold_gain":78.0,"event_name":"Golden Wing","player_choice":"Gained Gold","floor":2.0,"gold_loss":0.0,"damage_taken":0.0},{"damage_healed":0.0,"max_hp_gain":0.0,"max_hp_loss":0.0,"gold_gain":0.0,"event_name":"WeMeetAgain","player_choice":"Gave Potion","floor":3.0,"gold_loss":0.0,"damage_taken":0.0,"relics_obtained":["Sundial"]},{"damage_healed":0.0,"max_hp_gain":0.0,"max_hp_loss":0.0,"gold_gain":150.0,"event_name":"Liars Game","player_choice":"AGREE","floor":5.0,"gold_loss":0.0,"damage_taken":0.0,"cards_obtained":["Doubt"]},{"damage_healed":0.0,"max_hp_gain":0.0,"max_hp_loss":8.0,"gold_gain":0.0,"event_name":"Golden Idol","player_choice":"Lose Max HP","floor":14.0,"gold_loss":0.0,"damage_taken":0.0,"relics_obtained":["Golden Idol"]},{"damage_healed":0,"gold_gain":0,"cards_transformed":["Strike_B","Strike_B"],"player_choice":"Became Test Subject","damage_taken":0,"max_hp_gain":0,"max_hp_loss":0,"event_name":"Drug Dealer","floor":19,"gold_loss":0,"cards_obtained":["Skim","Capacitor"]}],"is_beta":false,"boss_relics":[{"not_picked":["Calling Bell","Fusion Hammer"],"picked":"Inserter"}],"items_purged_floors":[20],"is_endless":false,"potions_floor_spawned":[1,10,12,16,18],"killed_by":"Gremlin Leader","ascension_level":15}