{"gold_per_floor":[114,132,150,150,150,150,188,212,212,237,268,281,281,301,301,397,397,397,397],"floor_reached":19,"playtime":689,"items_purged":[],"score":349,"play_id":"2d6ec0f8-7721-4add-b5f3-34757c2b42dd","local_time":"20190909223645","is_ascension_mode":true,"campfire_choices":[{"data":"Zap","floor":6,"key":"SMITH"},{"floor":13,"key":"REST"},{"floor":15,"key":"REST"}],"neow_cost":"NONE","seed_source_timestamp":26880197249567,"circlet_count":0,"master_deck":["AscendersBane","Strike_B","Strike_B","Strike_B","Strike_B","Defend_B","Defend_B+1","Defend_B","Defend_B","Zap+1","Dualcast","Electrodynamics","Gash","Cold Snap","Leap","Defragment","Undo+1","Storm","Sweeping Beam","Ball Lightning","Echo Form","Cold Snap"],"relics":["Cracked Core","Golden Idol","Blue Candle","The Courier","Question Card","War Paint","Orichalcum","Ectoplasm"],"potions_floor_usage":[11,16],"damage_taken":[{"damage":4,"enemies":"Jaw Worm","floor":1,"turns":4},{"damage":1,"enemies":"2 Louse","floor":2,"turns":2},{"damage":1,"enemies":"Cultist","floor":3,"turns":3},{"damage":19,"enemies":"3 Sentries","floor":7,"turns":4},{"damage":21,"enemies":"Large Slime","floor":8,"turns":5},{"damage":5,"enemies":"Lagavulin","floor":11,"turns":6},{"damage":3,"enemies":"Looter","floor":12,"turns":3},{"damage":7,"enemies":"Blue Slaver","floor":14,"turns":3},{"damage":29,"enemies":"Slime Boss","floor":16,"turns":7},{"damage":29,"enemies":"Shell Parasite","floor":18,"turns":5},{"damage":21,"enemies":"3 Byrds","floor":19,"turns":3}],"seed_played":"1249000351052208583","potions_obtained":[{"floor":2,"key":"Ancient Potion"},{"floor":3,"key":"FearPotion"},{"floor":14,"key":"SpeedPotion"}],"is_trial":false,"path_per_floor":["M","M","M","?","?","R","E","M","T","T","E","M","R","M","R","B",null,"M","M"],"character_chosen":"DEFECT","items_purchased":[],"campfire_rested":2,"item_purchase_floors":[],"current_hp_per_floor":[60,59,58,58,53,53,34,13,13,13,8,5,24,17,36,7,50,21,0],"gold":397,"neow_bonus":"ONE_RANDOM_RARE_CARD","is_prod":false,"is_daily":false,"chose_seed":false,"campfire_upgraded":1,"win_rate":0,"timestamp":1568032605,"path_taken":["M","M","M","?","?","R","E","M","T","?","E","?","R","?","R","BOSS","M","M"],"build_version":"2019-08-26","purchased_purges":0,"victory":false,"max_hp_per_floor":[71,71,71,64,64,64,64,64,64,64,64,64,64,64,64,64,64,64,64],"card_choices":[{"not_picked":["Stack","Beam Cell"],"picked":"Gash","floor":1},{"not_picked":["Melter","Stack"],"picked":"Cold Snap","floor":2},{"not_picked":["Rebound","Skim"],"picked":"Leap","floor":3},{"not_picked":["Reboot","Double Energy"],"picked":"Defragment","floor":7},{"not_picked":["Conserve Battery","Hologram"],"picked":"Undo","floor":8},{"not_picked":["Turbo","Force Field","Skim"],"picked":"Storm","floor":11},{"not_picked":["Coolheaded","Capacitor","Stack"],"picked":"Sweeping Beam","floor":12},{"not_picked":["Aggregate","Lockon","Leap"],"picked":"Ball Lightning","floor":14},{"not_picked":["Meteor Strike","Amplify","Rainbow"],"picked":"Echo Form","floor":16},{"not_picked":["Redo","Steam Power","Rebound"],"picked":"Cold Snap","floor":18}],"player_experience":1269253,"relics_obtained":[{"floor":7,"key":"The Courier"},{"floor":9,"key":"Question Card"},{"floor":10,"key":"War Paint"},{"floor":11,"key":"Orichalcum"}],"event_choices":[{"damage_healed":0,"gold_gain":0,"player_choice":"Lose Max HP","damage_taken":0,"relics_obtained":["Golden Idol"],"max_hp_gain":0,"max_hp_loss":7,"event_name":"Golden Idol","floor":4,"gold_loss":0},{"damage_healed":0,"gold_gain":0,"player_choice":"Success","damage_taken":5,"relics_obtained":["Blue Candle"],"max_hp_gain":0,"max_hp_loss":0,"event_name":"Scrap Ooze","floor":5,"gold_loss":0}],"is_beta":true,"boss_relics":[{"not_picked":["Calling Bell","Astrolabe"],"picked":"Ectoplasm"}],"items_purged_floors":[],"is_endless":false,"potions_floor_spawned":[2,3,14],"killed_by":"3 Byrds","ascension_level":19}