{"gold_per_floor":[119,119,119,119,119,119,44,44,71,71,112,112,131,174,174,303,303,326,140,158,158,171,171,204,204,255,255,271,288,298,313,313,313],"floor_reached":33,"playtime":1327,"items_purged":["Regret","Strike_B"],"score":358,"play_id":"5dbf7295-4d5f-4ac0-92c5-7dc3fa54b911","local_time":"20190224151619","is_ascension_mode":true,"campfire_choices":[{"floor":6,"key":"REST"},{"data":"Dualcast","floor":8,"key":"SMITH"},{"data":"Gash","floor":10,"key":"SMITH"},{"data":"Hyperbeam","floor":12,"key":"SMITH"},{"data":"Go for the Eyes","floor":15,"key":"SMITH"},{"data":"Darkness","floor":23,"key":"SMITH"},{"floor":27,"key":"REST"},{"floor":32,"key":"REST"}],"neow_cost":"NONE","seed_source_timestamp":1017573973460300,"circlet_count":0,"master_deck":["Strike_B","Strike_B","Strike_B","Defend_B","Defend_B","Defend_B","Defend_B+1","Zap+1","Dualcast+1","Gash+1","Hyperbeam+1","Go for the Eyes+1","All For One","Stack","Panacea","Darkness+1","Reinforced Body","Redo","FTL","Beam Cell","Aggregate+1"],"relics":["Cracked Core","NeowsBlessing","Potion Belt","Bloody Idol","StoneCalendar","Bag of Marbles","Anchor","War Paint","Inserter","Orichalcum","Lantern"],"potions_floor_usage":[14,33],"damage_taken":[{"damage":0,"enemies":"2 Louse","floor":1,"turns":1},{"damage":0,"enemies":"Gremlin Nob","floor":11,"turns":1},{"damage":0,"enemies":"Small Slimes","floor":13,"turns":1},{"damage":5,"enemies":"3 Sentries","floor":14,"turns":3},{"damage":58,"enemies":"Slime Boss","floor":16,"turns":7},{"damage":0,"enemies":"3 Byrds","floor":18,"turns":2},{"damage":0,"enemies":"Spheric Guardian","floor":20,"turns":3},{"damage":33,"enemies":"Snecko","floor":22,"turns":6},{"damage":34,"enemies":"Gremlin Leader","floor":24,"turns":7},{"damage":4,"enemies":"Shelled Parasite and Fungi","floor":28,"turns":3},{"damage":0,"enemies":"3 Cultists","floor":29,"turns":1},{"damage":27,"enemies":"Snake Plant","floor":30,"turns":5},{"damage":3,"enemies":"Snecko","floor":31,"turns":3},{"damage":64,"enemies":"Champ","floor":33,"turns":9}],"seed_played":"6897486149736452297","potions_obtained":[{"floor":13,"key":"Swift Potion"},{"floor":18,"key":"Dexterity Potion"},{"floor":24,"key":"FocusPotion"},{"floor":30,"key":"LiquidBronze"}],"is_trial":false,"path_per_floor":["M","?","?","?","?","R","$","R","T","R","E","R","M","E","R","B",null,"M","$","M","?","M","R","E","?","T","R","M","M","M","M","R","B"],"character_chosen":"DEFECT","items_purchased":["Panacea"],"campfire_rested":3,"item_purchase_floors":[19],"current_hp_per_floor":[75,75,75,57,45,67,67,67,67,67,67,67,67,62,62,4,75,75,75,75,75,42,42,8,8,13,35,36,41,19,21,43,0],"gold":313,"neow_bonus":"THREE_ENEMY_KILL","is_prod":false,"is_daily":false,"chose_seed":false,"campfire_upgraded":5,"win_rate":0,"timestamp":1551050179,"path_taken":["M","?","?","?","?","R","$","R","T","R","E","R","M","E","R","BOSS","M","$","M","?","M","R","E","?","T","R","M","M","M","M","R","BOSS"],"build_version":"2019-01-23","purchased_purges":2,"victory":false,"max_hp_per_floor":[75,75,75,75,75,75,75,75,75,75,75,75,75,75,75,75,75,75,75,75,75,75,75,75,75,75,75,75,75,75,75,75,75],"card_choices":[{"not_picked":["Leap","Steam"],"picked":"Gash","floor":1},{"not_picked":["Force Field","Leap"],"picked":"Hyperbeam","floor":11},{"not_picked":["Barrage","Turbo"],"picked":"Go for the Eyes","floor":13},{"not_picked":["Barrage","Ball Lightning","Glacier"],"picked":"SKIP","floor":14},{"not_picked":["Machine Learning","Reboot"],"picked":"All For One","floor":16},{"not_picked":["Chill","Conserve Battery"],"picked":"Stack","floor":18},{"not_picked":["Go for the Eyes","Skim"],"picked":"Darkness","floor":20},{"not_picked":["Go for the Eyes","Turbo+1"],"picked":"Reinforced Body","floor":22},{"not_picked":["Rebound","Tempest"],"picked":"Redo","floor":24},{"not_picked":["Leap","Conserve Battery"],"picked":"FTL","floor":28},{"not_picked":["Streamline","Conserve Battery"],"picked":"Beam Cell","floor":29},{"not_picked":["Go for the Eyes","Stack"],"picked":"Aggregate+1","floor":30},{"not_picked":["Capacitor","Recycle","Barrage+1"],"picked":"SKIP","floor":31}],"player_experience":192850,"relics_obtained":[{"floor":9,"key":"Bag of Marbles"},{"floor":11,"key":"Anchor"},{"floor":14,"key":"War Paint"},{"floor":24,"key":"Orichalcum"},{"floor":26,"key":"Lantern"}],"event_choices":[{"damage_healed":0,"gold_gain":0,"player_choice":"Box","damage_taken":0,"relics_obtained":["Potion Belt"],"max_hp_gain":0,"max_hp_loss":0,"event_name":"Big Fish","floor":2,"gold_loss":0,"cards_obtained":["Regret"]},{"damage_healed":0,"gold_gain":0,"player_choice":"Ignored","damage_taken":0,"max_hp_gain":0,"max_hp_loss":0,"event_name":"Shining Light","floor":3,"gold_loss":0},{"damage_healed":0,"gold_gain":0,"player_choice":"Take Damage","damage_taken":18,"relics_obtained":["Golden Idol"],"max_hp_gain":0,"max_hp_loss":0,"event_name":"Golden Idol","floor":4,"gold_loss":0},{"damage_healed":0,"gold_gain":0,"player_choice":"Success","damage_taken":12,"relics_obtained":["StoneCalendar"],"max_hp_gain":0,"max_hp_loss":0,"event_name":"Scrap Ooze","floor":5,"gold_loss":0},{"damage_healed":0,"gold_gain":0,"player_choice":"Ignored","damage_taken":0,"max_hp_gain":0,"max_hp_loss":0,"event_name":"Ghosts","floor":21,"gold_loss":0},{"damage_healed":0,"gold_gain":0,"player_choice":"Gave Idol","damage_taken":0,"relics_obtained":["Bloody Idol"],"max_hp_gain":0,"max_hp_loss":0,"event_name":"Forgotten Altar","floor":25,"relics_lost":["Golden Idol"],"gold_loss":0}],"is_beta":false,"boss_relics":[{"not_picked":["Runic Dome","Empty Cage"],"picked":"Inserter"}],"items_purged_floors":[7,19],"is_endless":false,"potions_floor_spawned":[13,18,24,30],"killed_by":"Champ","ascension_level":4}