{"gold_per_floor":[110,136,65,83,101,126,126,153,229,229,49,67,67,84,84,186,186,201,150,150,150,162,162,190,190,190,105,119,394,394,23,23,122,172,183,156,211,211,221,221,221,221,268,268,296,23,23,23,23,23],"floor_reached":51,"playtime":3119,"items_purged":["Strike_B","Strike_B","Strike_B"],"score":745,"play_id":"1f96e1ed-0b94-4109-b7b6-24f90a480fe5","local_time":"20190213132245","is_ascension_mode":false,"campfire_choices":[{"floor":7,"key":"REST"},{"data":"Go for the Eyes","floor":13,"key":"SMITH"},{"floor":15,"key":"REST"},{"data":"Consume","floor":23,"key":"SMITH"},{"floor":25,"key":"REST"},{"floor":32,"key":"REST"},{"floor":40,"key":"REST"},{"floor":42,"key":"REST"},{"floor":49,"key":"REST"}],"neow_cost":"NONE","seed_source_timestamp":58543489969600,"circlet_count":0,"master_deck":["Strike_B","Defend_B","Defend_B+1","Defend_B","Defend_B","Zap","Dualcast","Capacitor","FTL","Leap","Ball Lightning","Sweeping Beam","White Noise+1","Loop","Go for the Eyes+1","Consume+1","Electrodynamics","Steam","Capacitor","Consume","Go for the Eyes+1","Heatsinks","Cold Snap","Leap","Reinforced Body","Writhe","Storm","Coolheaded"],"relics":["Cracked Core","NeowsBlessing","Boot","Blood Vial","Omamori","Darkstone Periapt","Busted Crown","Enchiridion","Juzu Bracelet","Bottled Flame","Pocketwatch","Orichalcum","Tiny House","Nunchaku","Bronze Scales","Ancient Tea Set"],"potions_floor_usage":[6,24,33,33,37,39,45,45,50,50],"damage_taken":[{"damage":0,"enemies":"Cultist","floor":1,"turns":1},{"damage":0,"enemies":"Jaw Worm","floor":4,"turns":1},{"damage":0,"enemies":"Small Slimes","floor":5,"turns":1},{"damage":32,"enemies":"Gremlin Nob","floor":6,"turns":4},{"damage":30,"enemies":"3 Sentries","floor":8,"turns":6},{"damage":7,"enemies":"Looter","floor":12,"turns":3},{"damage":16,"enemies":"Large Slime","floor":14,"turns":5},{"damage":26,"enemies":"Slime Boss","floor":16,"turns":8},{"damage":0,"enemies":"3 Byrds","floor":18,"turns":2},{"damage":11,"enemies":"Spheric Guardian","floor":22,"turns":4},{"damage":19,"enemies":"Book of Stabbing","floor":24,"turns":5},{"damage":17,"enemies":"Snake Plant","floor":28,"turns":4},{"damage":22,"enemies":"Collector","floor":33,"turns":7},{"damage":6,"enemies":"Orb Walker","floor":35,"turns":5},{"damage":53,"enemies":"2 Orb Walkers","floor":37,"turns":4},{"damage":18,"enemies":"3 Darklings","floor":39,"turns":3},{"damage":22,"enemies":"Reptomancer","floor":45,"turns":6},{"damage":6,"enemies":"Time Eater","floor":50,"turns":9}],"seed_played":"-6086960988982283034","potions_obtained":[{"floor":4,"key":"Fruit Juice"},{"floor":14,"key":"Weak Potion"},{"floor":16,"key":"SkillPotion"},{"floor":22,"key":"EssenceOfSteel"},{"floor":24,"key":"AttackPotion"},{"floor":34,"key":"AttackPotion"},{"floor":35,"key":"Block Potion"},{"floor":37,"key":"SkillPotion"},{"floor":45,"key":"Ancient Potion"}],"is_trial":false,"path_per_floor":["M","T","$","M","M","E","R","E","T","?","$","M","R","M","R","B",null,"M","$","?","?","M","R","E","R","T","?","M","?","?","$","R","B",null,"M","$","?","?","M","R","?","R","T","?","E","$","?","?","R","B",null],"character_chosen":"DEFECT","items_purchased":["FTL","Loop","Go for the Eyes","Steam","Orichalcum","Heatsinks","Cold Snap","Leap","Coolheaded","Block Potion","Poison Potion"],"campfire_rested":7,"item_purchase_floors":[3,11,11,19,31,31,31,36,46,46,46],"current_hp_per_floor":[75,75,75,75,75,48,72,44,44,64,64,59,59,45,69,45,80,80,80,80,64,55,55,38,62,62,62,47,47,47,47,71,51,85,79,79,28,28,12,37,37,62,62,89,69,69,69,69,91,85],"gold":23,"neow_bonus":"THREE_ENEMY_KILL","is_prod":false,"is_daily":false,"chose_seed":false,"campfire_upgraded":2,"win_rate":0.0,"timestamp":1550092965,"path_taken":["M","?","?","?","M","E","R","E","T","?","$","M","R","M","R","BOSS","M","$","?","?","M","R","E","R","T","?","M","?","?","$","R","BOSS","M","$","?","?","M","R","?","R","T","?","E","$","?","?","R","BOSS"],"build_version":"2019-01-23","purchased_purges":3,"victory":true,"max_hp_per_floor":[75,75,75,75,75,80,80,80,80,80,80,80,80,80,80,80,80,80,80,80,80,80,80,80,80,80,80,80,80,80,80,80,80,85,85,85,85,85,85,85,85,85,85,91,91,91,91,91,91,91],"card_choices":[{"not_picked":["Cold Snap","Genetic Algorithm"],"picked":"Capacitor","floor":1},{"not_picked":["Cold Snap","Streamline"],"picked":"Leap","floor":4},{"not_picked":["Barrage","Leap"],"picked":"Ball Lightning","floor":5},{"not_picked":["Chaos","Skim"],"picked":"Sweeping Beam","floor":6},{"not_picked":["Coolheaded","Hologram"],"picked":"White Noise","floor":8},{"not_picked":["Redo","Go for the Eyes","Creative AI"],"picked":"SKIP","floor":12},{"not_picked":["Compile Driver","Glacier"],"picked":"Consume","floor":14},{"not_picked":["Reboot","Biased Cognition"],"picked":"Electrodynamics","floor":16},{"not_picked":["Storm"],"picked":"SKIP","floor":18},{"not_picked":[],"picked":"Capacitor","floor":22},{"not_picked":[],"picked":"Consume","floor":24},{"not_picked":["Sweeping Beam"],"picked":"SKIP","floor":28},{"not_picked":[],"picked":"Reboot","floor":33},{"not_picked":["Hello World+1"],"picked":"SKIP","floor":35},{"not_picked":[],"picked":"Reinforced Body","floor":37},{"not_picked":["Barrage"],"picked":"SKIP","floor":39},{"not_picked":[],"picked":"Storm","floor":45}],"player_experience":7984,"relics_obtained":[{"floor":2,"key":"Boot"},{"floor":6,"key":"Blood Vial"},{"floor":8,"key":"Omamori"},{"floor":9,"key":"Darkstone Periapt"},{"floor":21,"key":"Enchiridion"},{"floor":24,"key":"Juzu Bracelet"},{"floor":26,"key":"Bottled Flame"},{"floor":37,"key":"Nunchaku"},{"floor":43,"key":"Bronze Scales"},{"floor":45,"key":"Ancient Tea Set"}],"event_choices":[{"damage_healed":20,"gold_gain":0,"player_choice":"Healed and dodged fight","damage_taken":0,"max_hp_gain":0,"max_hp_loss":0,"event_name":"Mushrooms","floor":10,"gold_loss":0,"cards_obtained":["Parasite"]},{"damage_healed":0,"gold_gain":0,"player_choice":"Ignored","damage_taken":0,"max_hp_gain":0,"max_hp_loss":0,"event_name":"Vampires","floor":20,"gold_loss":0},{"damage_healed":0,"gold_gain":0,"player_choice":"Obtained Book","damage_taken":16,"max_hp_gain":0,"max_hp_loss":0,"event_name":"Cursed Tome","floor":21,"gold_loss":0},{"damage_healed":0,"gold_gain":0,"player_choice":"Obtained Relic","damage_taken":0,"relics_obtained":["Pocketwatch"],"max_hp_gain":0,"max_hp_loss":0,"event_name":"Addict","floor":27,"gold_loss":85},{"damage_healed":0,"gold_gain":275,"player_choice":"Desecrate","damage_taken":0,"max_hp_gain":0,"max_hp_loss":0,"event_name":"Golden Shrine","floor":29,"gold_loss":0,"cards_obtained":["Regret"]},{"damage_healed":0,"gold_gain":0,"player_choice":"Copied","damage_taken":0,"max_hp_gain":0,"max_hp_loss":0,"event_name":"Duplicator","floor":30,"gold_loss":0,"cards_obtained":["Go for the Eyes"]},{"damage_healed":0,"gold_gain":0,"player_choice":"Fight","damage_taken":0,"max_hp_gain":0,"max_hp_loss":0,"event_name":"Mysterious Sphere","floor":37,"gold_loss":0},{"damage_healed":0,"gold_gain":0,"player_choice":"Ignored","damage_taken":0,"max_hp_gain":0,"max_hp_loss":0,"event_name":"Tomb of Lord Red Mask","floor":38,"gold_loss":0},{"damage_healed":0,"gold_gain":0,"player_choice":"Ignored","damage_taken":0,"max_hp_gain":0,"max_hp_loss":0,"event_name":"The Moai Head","floor":41,"gold_loss":0},{"damage_healed":21,"gold_gain":0,"player_choice":"Writhe","damage_taken":0,"max_hp_gain":0,"max_hp_loss":0,"event_name":"Winding Halls","floor":44,"gold_loss":0,"cards_obtained":["Writhe"]},{"cards_removed":["Reboot"],"damage_healed":0,"gold_gain":0,"player_choice":"Removed Skill","damage_taken":0,"max_hp_gain":0,"max_hp_loss":0,"event_name":"Falling","floor":47,"gold_loss":0},{"damage_healed":0,"gold_gain":0,"player_choice":"Upgraded","damage_taken":0,"max_hp_gain":0,"max_hp_loss":0,"event_name":"Upgrade Shrine","floor":48,"gold_loss":0,"cards_upgraded":["White Noise"]}],"is_beta":false,"boss_relics":[{"not_picked":["Calling Bell","Black Star"],"picked":"Busted Crown"},{"not_picked":["Orrery","White Beast Statue"],"picked":"Tiny House"}],"items_purged_floors":[11,31,46],"is_endless":false,"potions_floor_spawned":[4,14,16,22,24,35,37,45],"ascension_level":0}