{"gold_per_floor":[117,117,136,286,51,81,100,131,182,201,219,10,10,10,10,81,81,93,106,106,31,31,65,65,78,78,111,124,157,171,2,2,75,75,85,97,116,132,150,150],"floor_reached":40,"playtime":3039,"items_purged":["Doubt"],"score":970,"play_id":"d0f9c3db-8588-47b2-9ec1-3d72f70ab631","local_time":"20190429085257","is_ascension_mode":true,"campfire_choices":[{"data":"Neutralize","floor":13,"key":"SMITH"},{"floor":15,"key":"DIG"},{"floor":24,"key":"DIG"},{"floor":32,"key":"REST"}],"neow_cost":"NONE","seed_source_timestamp":424371221707755,"circlet_count":0,"master_deck":["AscendersBane","Defend_G+1","Defend_G+1","Defend_G","Defend_G","Defend_G","Strike_G","Strike_G","Strike_G","Strike_G","Survivor","Neutralize+1","Caltrops","Heel Hook","Die Die Die","Dash","Deadly Poison","Calculated Gamble","Well Laid Plans","Adrenaline","Deflect","Blade Dance+1","Blade Dance+1","Dodge and Roll","Envenom","PiercingWail"],"relics":["Ring of the Snake","NeowsBlessing","Letter Opener","Omamori","Centennial Puzzle","Boot","Oddly Smooth Stone","Shovel","Anchor","Cursed Key","Art of War","Pocketwatch","Kunai","Girya","The Courier","War Paint","Busted Crown"],"potions_floor_usage":[8,16,23,23,27,33,35,39,40],"damage_taken":[{"damage":0,"enemies":"Cultist","floor":1,"turns":1},{"damage":0,"enemies":"Jaw Worm","floor":3,"turns":1},{"damage":0,"enemies":"3 Sentries","floor":6,"turns":1},{"damage":0,"enemies":"2 Louse","floor":7,"turns":1},{"damage":16,"enemies":"Gremlin Nob","floor":8,"turns":4},{"damage":2,"enemies":"Looter","floor":10,"turns":4},{"damage":3,"enemies":"Large Slime","floor":11,"turns":7},{"damage":6,"enemies":"The Guardian","floor":16,"turns":11},{"damage":7,"enemies":"Chosen","floor":18,"turns":4},{"damage":1,"enemies":"2 Thieves","floor":19,"turns":3},{"damage":4,"enemies":"Book of Stabbing","floor":23,"turns":4},{"damage":1,"enemies":"Cultist and Chosen","floor":25,"turns":6},{"damage":3,"enemies":"Slavers","floor":27,"turns":4},{"damage":3,"enemies":"Sentry and Sphere","floor":28,"turns":6},{"damage":2,"enemies":"Book of Stabbing","floor":29,"turns":5},{"damage":6,"enemies":"Snake Plant","floor":30,"turns":3},{"damage":36,"enemies":"Champ","floor":33,"turns":14},{"damage":4,"enemies":"3 Darklings","floor":35,"turns":11},{"damage":16,"enemies":"Orb Walker","floor":36,"turns":4},{"damage":3,"enemies":"3 Darklings","floor":37,"turns":3},{"damage":10,"enemies":"Sphere and 2 Shapes","floor":38,"turns":5},{"damage":7,"enemies":"Jaw Worm Horde","floor":39,"turns":4},{"damage":26,"enemies":"Nemesis","floor":40,"turns":3}],"seed_played":"5623812469008628595","potions_obtained":[{"floor":3,"key":"SkillPotion"},{"floor":10,"key":"SpeedPotion"},{"floor":16,"key":"Strength Potion"},{"floor":19,"key":"Energy Potion"},{"floor":22,"key":"PowerPotion"},{"floor":23,"key":"SteroidPotion"},{"floor":27,"key":"Ancient Potion"},{"floor":33,"key":"FearPotion"},{"floor":37,"key":"AttackPotion"},{"floor":38,"key":"Swift Potion"}],"is_trial":false,"path_per_floor":["M","?","M","?","$","E","M","E","T","M","M","$","R","T","R","B",null,"M","M","?","?","?","E","R","M","T","E","M","E","M","$","R","B",null,"M","M","M","M","M","E"],"character_chosen":"THE_SILENT","items_purchased":["Omamori","Oddly Smooth Stone","Well Laid Plans","War Paint","Strength Potion"],"campfire_rested":1,"item_purchase_floors":[5,12,12,31,31],"current_hp_per_floor":[59,48,48,48,48,48,48,32,32,30,27,27,27,27,27,21,55,48,47,47,47,47,43,43,42,42,39,36,34,28,28,47,11,52,48,32,29,19,12,0],"gold":150,"neow_bonus":"THREE_ENEMY_KILL","is_prod":false,"is_daily":false,"chose_seed":false,"campfire_upgraded":1,"win_rate":0,"timestamp":1556542377,"path_taken":["M","?","M","?","?","E","M","E","T","?","M","?","R","?","R","BOSS","M","M","?","?","?","E","R","M","T","E","?","E","M","?","R","BOSS","M","M","?","M","M","E"],"build_version":"2019-01-23","purchased_purges":1,"victory":false,"max_hp_per_floor":[66,66,66,66,66,66,66,66,66,66,66,66,66,66,66,66,66,66,66,66,66,66,66,66,66,66,66,66,66,66,66,66,66,66,66,66,66,66,66,66],"card_choices":[{"not_picked":["Outmaneuver","Cloak And Dagger"],"picked":"Caltrops","floor":1},{"not_picked":["Deadly Poison","Acrobatics"],"picked":"Heel Hook","floor":3},{"not_picked":["Blade Dance","Masterful Stab"],"picked":"Die Die Die","floor":6},{"not_picked":["Dodge and Roll","Bouncing Flask"],"picked":"Dash","floor":7},{"not_picked":["Dagger Throw","Flying Knee","Blade Dance"],"picked":"SKIP","floor":8},{"not_picked":["Flying Knee","Slice"],"picked":"Deadly Poison","floor":10},{"not_picked":["Slice","Deadly Poison"],"picked":"Calculated Gamble","floor":11},{"not_picked":["Storm of Steel","Venomology"],"picked":"Adrenaline","floor":16},{"not_picked":["Distraction","Endless Agony"],"picked":"Deflect","floor":18},{"not_picked":["Bane","Underhanded Strike"],"picked":"Blade Dance+1","floor":19},{"not_picked":["Dagger Spray","Masterful Stab","Distraction"],"picked":"SKIP","floor":23},{"not_picked":["Bane","Slice","Cloak And Dagger"],"picked":"SKIP","floor":25},{"not_picked":["Quick Slash","Bullet Time","Deflect"],"picked":"SKIP","floor":27},{"not_picked":["Slice","Setup+1"],"picked":"Blade Dance+1","floor":28},{"not_picked":["PiercingWail","Blade Dance","Underhanded Strike+1"],"picked":"SKIP","floor":29},{"not_picked":["Acrobatics","Dagger Throw"],"picked":"Dodge and Roll","floor":30},{"not_picked":["Bullet Time","Grand Finale"],"picked":"Envenom","floor":33},{"not_picked":["Well Laid Plans"],"picked":"SKIP","floor":35},{"not_picked":["Outmaneuver"],"picked":"SKIP","floor":36},{"not_picked":["Dagger Throw"],"picked":"SKIP","floor":37},{"not_picked":["Bane"],"picked":"SKIP","floor":38},{"not_picked":[],"picked":"PiercingWail","floor":39}],"player_experience":1301751,"relics_obtained":[{"floor":6,"key":"Centennial Puzzle"},{"floor":8,"key":"Boot"},{"floor":14,"key":"Shovel"},{"floor":15,"key":"Anchor"},{"floor":23,"key":"Art of War"},{"floor":24,"key":"Pocketwatch"},{"floor":26,"key":"Kunai"},{"floor":27,"key":"Girya"},{"floor":29,"key":"The Courier"}],"event_choices":[{"damage_healed":0,"gold_gain":0,"player_choice":"Success","damage_taken":11,"relics_obtained":["Letter Opener"],"max_hp_gain":0,"max_hp_loss":0,"event_name":"Scrap Ooze","floor":2,"gold_loss":0},{"damage_healed":0,"gold_gain":150,"player_choice":"AGREE","damage_taken":0,"max_hp_gain":0,"max_hp_loss":0,"event_name":"Liars Game","floor":4,"gold_loss":0,"cards_obtained":["Doubt"]},{"damage_healed":0,"gold_gain":0,"player_choice":"Ignored","damage_taken":0,"max_hp_gain":0,"max_hp_loss":0,"event_name":"Ghosts","floor":20,"gold_loss":0},{"cards_removed":["Strike_G"],"damage_healed":0,"gold_gain":0,"player_choice":"Gave Gold","damage_taken":0,"max_hp_gain":0,"max_hp_loss":0,"event_name":"Beggar","floor":21,"gold_loss":75},{"damage_healed":0,"gold_gain":0,"player_choice":"Got Potions","damage_taken":0,"max_hp_gain":0,"max_hp_loss":0,"event_name":"Lab","floor":22,"gold_loss":0}],"is_beta":false,"boss_relics":[{"not_picked":["Ring of the Serpent","Orrery"],"picked":"Cursed Key"},{"not_picked":["Tiny House","Calling Bell"],"picked":"Busted Crown"}],"items_purged_floors":[5],"is_endless":false,"potions_floor_spawned":[3,10,16,19,23,27,33,37,38],"killed_by":"Nemesis","ascension_level":20}