{"gold_per_floor":[215,232,81,97,111,111,141,141,141,141,161,171,202,214,214,293,293,303,321,340,51,64,64,80,111,192,204,232,262,274,301,313,325],"floor_reached":33,"playtime":5585,"items_purged":["Strike_G"],"score":620,"play_id":"9f0d56c1-727b-4280-9edb-11a63a9414cc","local_time":"20190501111626","is_ascension_mode":true,"campfire_choices":[{"data":"Neutralize","floor":6.0,"key":"SMITH"},{"floor":8.0,"key":"REST"},{"data":"Blade Dance","floor":10.0,"key":"SMITH"},{"data":"Glass Knife","floor":15.0,"key":"SMITH"},{"floor":23.0,"key":"REST"},{"floor":27.0,"key":"REST"},{"floor":30,"key":"REST"},{"floor":32,"key":"REST"}],"neow_cost":"NONE","seed_source_timestamp":583243166586267,"circlet_count":0,"master_deck":["AscendersBane","Defend_G","Defend_G+1","Defend_G","Defend_G","Defend_G","Strike_G","Strike_G","Strike_G","Strike_G","Survivor","Neutralize+1","Well Laid Plans","Blade Dance+1","Choke","Accuracy","Terror+1","Glass Knife+1","Leg Sweep","Flechettes","Dodge and Roll","Die Die Die","Crippling Poison","Infinite Blades","Leg Sweep","Calculated Gamble"],"special_seed":0,"relics":["Ring of the Snake","War Paint","Ornamental Fan","Mercury Hourglass","Philosopher\u0027s Stone","Tiny Chest","Happy Flower","MawBank","Pear"],"potions_floor_usage":[29,29,33,33],"damage_taken":[{"damage":7.0,"enemies":"Cultist","floor":1.0,"turns":5.0},{"damage":15.0,"enemies":"Jaw Worm","floor":2.0,"turns":7.0},{"damage":0.0,"enemies":"2 Louse","floor":4.0,"turns":2.0},{"damage":3.0,"enemies":"Blue Slaver","floor":5.0,"turns":4.0},{"damage":21.0,"enemies":"3 Sentries","floor":7.0,"turns":10.0},{"damage":2.0,"enemies":"2 Fungi Beasts","floor":11.0,"turns":2.0},{"damage":0.0,"enemies":"3 Louse","floor":12.0,"turns":3.0},{"damage":0.0,"enemies":"Gremlin Nob","floor":13.0,"turns":2.0},{"damage":0.0,"enemies":"Exordium Wildlife","floor":14.0,"turns":2.0},{"damage":1.0,"enemies":"The Guardian","floor":16.0,"turns":7.0},{"damage":5.0,"enemies":"3 Byrds","floor":18.0,"turns":5.0},{"damage":13.0,"enemies":"Spheric Guardian","floor":19.0,"turns":4.0},{"damage":20.0,"enemies":"Snake Plant","floor":20.0,"turns":4.0},{"damage":0.0,"enemies":"Snecko","floor":22.0,"turns":4.0},{"damage":11.0,"enemies":"Shelled Parasite and Fungi","floor":24.0,"turns":3.0},{"damage":23.0,"enemies":"Gremlin Leader","floor":25.0,"turns":5.0},{"damage":12.0,"enemies":"Sentry and Sphere","floor":28.0,"turns":6.0},{"damage":0,"enemies":"Cultist and Chosen","floor":29,"turns":3},{"damage":7,"enemies":"Snake Plant","floor":31,"turns":3},{"damage":85,"enemies":"Champ","floor":33,"turns":10}],"seed_played":"8146234547541643611","potions_obtained":[{"floor":2.0,"key":"Fire Potion"},{"floor":5.0,"key":"Energy Potion"},{"floor":11.0,"key":"SteroidPotion"},{"floor":13.0,"key":"Dexterity Potion"},{"floor":14.0,"key":"Strength Potion"},{"floor":20.0,"key":"Ancient Potion"},{"floor":25.0,"key":"Energy Potion"},{"floor":28.0,"key":"EntropicBrew"},{"floor":29,"key":"SneckoOil"},{"floor":31,"key":"Strength Potion"}],"is_trial":false,"path_per_floor":["M","M","$","M","M","R","E","R","T","R","M","M","E","M","R","B",null,"M","M","M","$","M","R","M","E","T","R","M","M","R","M","R","B"],"character_chosen":"THE_SILENT","items_purchased":["Choke","Tiny Chest","Happy Flower"],"campfire_rested":5,"item_purchase_floors":[3,21,21],"current_hp_per_floor":[52,37,37,37,34,34,13,32,32,32,30,30,30,30,30,29,57,52,39,19,19,19,38,27,4,14,36,24,24,46,39,61,0],"gold":325,"neow_bonus":"HUNDRED_GOLD","is_prod":false,"is_daily":false,"chose_seed":false,"campfire_upgraded":3,"win_rate":0,"timestamp":1556723786,"path_taken":["M","M","$","M","M","R","E","R","T","R","M","M","E","M","R","BOSS","M","M","M","$","M","R","M","E","T","R","M","M","R","M","R","BOSS"],"build_version":"2019-01-23","purchased_purges":1,"victory":false,"max_hp_per_floor":[66,66,66,66,66,66,66,66,66,66,66,66,66,66,66,66,66,66,66,66,66,66,66,66,66,76,76,76,76,76,76,76,76],"card_choices":[{"not_picked":["Dagger Spray","Acrobatics"],"picked":"Well Laid Plans","floor":1.0},{"not_picked":["Prepared","Acrobatics"],"picked":"Blade Dance","floor":2.0},{"not_picked":["Prepared","Acrobatics"],"picked":"Accuracy","floor":4.0},{"not_picked":["Outmaneuver","Blur"],"picked":"Terror","floor":5.0},{"not_picked":["Quick Slash","Blade Dance"],"picked":"Glass Knife","floor":7.0},{"not_picked":["Poisoned Stab","Bane"],"picked":"Leg Sweep","floor":11.0},{"not_picked":["Eviscerate","Distraction"],"picked":"Flechettes","floor":12.0},{"not_picked":["Leg Sweep","Acrobatics"],"picked":"Dodge and Roll","floor":13.0},{"not_picked":["Slice","Flying Knee","Dagger Spray"],"picked":"SKIP","floor":14.0},{"not_picked":["Corpse Explosion","Grand Finale"],"picked":"Die Die Die","floor":16.0},{"not_picked":["Deadly Poison+1","Dagger Spray"],"picked":"Crippling Poison","floor":18.0},{"not_picked":["Well Laid Plans","Blade Dance"],"picked":"Infinite Blades","floor":19.0},{"not_picked":["Sucker Punch","Deadly Poison","Reflex"],"picked":"SKIP","floor":20.0},{"not_picked":["Eviscerate","Slice+1","Dagger Throw"],"picked":"SKIP","floor":22.0},{"not_picked":["Grand Finale","Dagger Spray","Choke"],"picked":"SKIP","floor":24.0},{"not_picked":["Endless Agony","Footwork"],"picked":"Leg Sweep","floor":25.0},{"not_picked":["Well Laid Plans","Tactician+1","Finisher"],"picked":"SKIP","floor":28.0},{"not_picked":["Distraction","Deadly Poison","Flying Knee"],"picked":"SKIP","floor":29},{"not_picked":["Cloak And Dagger","Predator"],"picked":"Calculated Gamble","floor":31}],"player_experience":1342863,"relics_obtained":[{"floor":7.0,"key":"War Paint"},{"floor":9.0,"key":"Ornamental Fan"},{"floor":13.0,"key":"Mercury Hourglass"},{"floor":25.0,"key":"MawBank"},{"floor":26.0,"key":"Pear"}],"event_choices":[],"is_beta":false,"boss_relics":[{"not_picked":["Calling Bell","Runic Dome"],"picked":"Philosopher\u0027s Stone"}],"items_purged_floors":[3],"is_endless":false,"potions_floor_spawned":[2,5,11,12,13,14,20,25,28,29,31],"killed_by":"Champ","ascension_level":20}