{"gold_per_floor":[109,34,34,34,50,82,101,132,132,132,132,144,144,46,46,122,122,138,63,74,94,94,94,123,123,146,161,181,209,209,209,209,282,282,295,309,47,63,0,0],"floor_reached":40,"playtime":1510,"items_purged":[],"score":896,"play_id":"2e35afa0-cd7a-43c3-8dc0-80c1851795e5","local_time":"20190804164723","is_ascension_mode":true,"campfire_choices":[{"data":"Sucker Punch","floor":10.0,"key":"SMITH"},{"data":"Catalyst","floor":13.0,"key":"SMITH"},{"floor":15.0,"key":"REST"},{"floor":23.0,"key":"REST"},{"floor":25.0,"key":"REST"},{"data":"Well Laid Plans","floor":30.0,"key":"SMITH"},{"data":"Crippling Poison","floor":32.0,"key":"SMITH"}],"neow_cost":"NONE","seed_source_timestamp":0,"circlet_count":0,"master_deck":["AscendersBane","Defend_G+1","Defend_G+1","Defend_G+1","Defend_G+1","Defend_G+1","Survivor","Neutralize","Heel Hook","Crippling Poison+1","Sucker Punch+1","PiercingWail","Bouncing Flask","Catalyst+1","Catalyst","Catalyst","Noxious Fumes","All Out Attack+1","Blur","Acrobatics","Leg Sweep","Outmaneuver+1","Well Laid Plans+1","Bite","Bite","Bite","Bite","Bite","Corpse Explosion","Crippling Poison","Acrobatics+1"],"special_seed":0,"relics":["Ring of the Snake","NeowsBlessing","Regal Pillow","Kunai","Ancient Tea Set","Velvet Choker","Anchor","Omamori","Letter Opener","Eternal Feather","Mummified Hand","Red Mask"],"potions_floor_usage":[],"damage_taken":[{"damage":0.0,"enemies":"2 Louse","floor":1.0,"turns":1.0},{"damage":0.0,"enemies":"Small Slimes","floor":5.0,"turns":2.0},{"damage":0.0,"enemies":"Lagavulin","floor":6.0,"turns":1.0},{"damage":0.0,"enemies":"Jaw Worm","floor":7.0,"turns":4.0},{"damage":23.0,"enemies":"Gremlin Nob","floor":8.0,"turns":5.0},{"damage":10.0,"enemies":"Exordium Thugs","floor":12.0,"turns":6.0},{"damage":33.0,"enemies":"Slime Boss","floor":16.0,"turns":11.0},{"damage":28.0,"enemies":"2 Thieves","floor":18.0,"turns":4.0},{"damage":10.0,"enemies":"Shell Parasite","floor":20.0,"turns":3.0},{"damage":6.0,"enemies":"Shelled Parasite and Fungi","floor":21.0,"turns":7.0},{"damage":39.0,"enemies":"Book of Stabbing","floor":24.0,"turns":6.0},{"damage":0.0,"enemies":"Chosen and Byrds","floor":27.0,"turns":4.0},{"damage":3.0,"enemies":"Snake Plant","floor":28.0,"turns":2.0},{"damage":15.0,"enemies":"Slavers","floor":29.0,"turns":8.0},{"damage":49.0,"enemies":"Automaton","floor":33.0,"turns":8.0},{"damage":3.0,"enemies":"3 Darklings","floor":35.0,"turns":3.0},{"damage":15.0,"enemies":"Orb Walker","floor":36.0,"turns":5.0},{"damage":2.0,"enemies":"Transient","floor":38.0,"turns":5.0},{"damage":43,"enemies":"Reptomancer","floor":40,"turns":3}],"seed_played":"5754182502530168456","potions_obtained":[{"floor":1.0,"key":"PowerPotion"},{"floor":5.0,"key":"Explosive Potion"},{"floor":16.0,"key":"EssenceOfSteel"},{"floor":20.0,"key":"Regen Potion"},{"floor":21.0,"key":"Strength Potion"},{"floor":27.0,"key":"Energy Potion"},{"floor":33.0,"key":"Ancient Potion"},{"floor":36.0,"key":"FearPotion"}],"is_trial":false,"path_per_floor":["M","?","?","$","M","E","M","E","T","R","?","M","R","$","R","B",null,"M","?","M","M","?","R","E","R","T","M","M","E","R","?","R","B",null,"M","M","$","M","?","E"],"character_chosen":"THE_SILENT","items_purchased":["Catalyst","Fire Potion","Mummified Hand"],"campfire_rested":3,"item_purchase_floors":[14,14,37],"current_hp_per_floor":[59,59,64,64,64,64,64,41,41,41,41,31,31,31,67,34,62,34,34,24,33,33,69,30,66,66,66,63,48,48,48,48,6,38,37,30,30,34,34,0],"gold":0,"neow_bonus":"THREE_ENEMY_KILL","is_prod":false,"is_daily":false,"chose_seed":false,"campfire_upgraded":4,"win_rate":0,"timestamp":1564901243,"path_taken":["M","?","?","?","?","E","M","E","T","R","?","M","R","?","R","BOSS","M","?","M","M","?","R","E","R","T","M","M","E","R","?","R","BOSS","M","M","$","M","?","E"],"build_version":"2019-07-17","purchased_purges":0,"victory":false,"max_hp_per_floor":[66,66,71,71,71,71,71,71,71,71,71,71,71,71,71,71,71,71,71,71,71,71,71,71,71,71,71,71,71,71,49,49,49,49,49,49,49,49,49,49],"card_choices":[{"not_picked":["All Out Attack","Dodge and Roll"],"picked":"Heel Hook","floor":1.0},{"not_picked":["Underhanded Strike","Dagger Spray"],"picked":"Crippling Poison","floor":5.0},{"not_picked":["Slice","Reflex"],"picked":"Sucker Punch","floor":6.0},{"not_picked":["Riddle With Holes","Masterful Stab"],"picked":"PiercingWail","floor":7.0},{"not_picked":["Riddle With Holes","Concentrate"],"picked":"Bouncing Flask","floor":8.0},{"not_picked":["Sucker Punch","Prepared"],"picked":"Catalyst","floor":12.0},{"not_picked":["Glass Knife","Phantasmal Killer"],"picked":"Grand Finale","floor":16.0},{"not_picked":["Underhanded Strike+1","Caltrops"],"picked":"Noxious Fumes","floor":18.0},{"not_picked":["Finisher+1","Quick Slash"],"picked":"All Out Attack+1","floor":20.0},{"not_picked":["Deflect","Flechettes"],"picked":"Blur","floor":21.0},{"not_picked":["Underhanded Strike","Bane"],"picked":"Acrobatics","floor":24.0},{"not_picked":["Bane","Slice"],"picked":"Leg Sweep","floor":27.0},{"not_picked":["Choke","Underhanded Strike"],"picked":"Outmaneuver+1","floor":28.0},{"not_picked":["Deflect+1","Deadly Poison"],"picked":"Well Laid Plans","floor":29.0},{"not_picked":["Bullet Time","Grand Finale"],"picked":"Corpse Explosion","floor":33.0},{"not_picked":["Sucker Punch+1","Cloak And Dagger"],"picked":"Crippling Poison","floor":35.0},{"not_picked":["Dagger Spray","Bane"],"picked":"Acrobatics+1","floor":36.0},{"not_picked":["Concentrate","Underhanded Strike","Noxious Fumes"],"picked":"SKIP","floor":38.0}],"player_experience":1108871,"relics_obtained":[{"floor":6.0,"key":"Regal Pillow"},{"floor":8.0,"key":"Kunai"},{"floor":9.0,"key":"Ancient Tea Set"},{"floor":24.0,"key":"Anchor"},{"floor":26.0,"key":"Omamori"},{"floor":29.0,"key":"Letter Opener"}],"event_choices":[{"cards_removed":["Strike_G"],"damage_healed":0.0,"max_hp_gain":0.0,"max_hp_loss":0.0,"gold_gain":0.0,"event_name":"The Cleric","player_choice":"Card Removal","floor":2.0,"gold_loss":75.0,"damage_taken":0.0},{"damage_healed":0.0,"max_hp_gain":5.0,"max_hp_loss":0.0,"gold_gain":0.0,"event_name":"Big Fish","player_choice":"Donut","floor":3.0,"gold_loss":0.0,"damage_taken":0.0},{"damage_healed":0.0,"max_hp_gain":0.0,"max_hp_loss":0.0,"gold_gain":0.0,"cards_transformed":["Strike_G"],"event_name":"Living Wall","player_choice":"Change","floor":11.0,"gold_loss":0.0,"damage_taken":0.0,"cards_obtained":["Catalyst"]},{"cards_removed":["Grand Finale"],"damage_healed":0.0,"max_hp_gain":0.0,"max_hp_loss":0.0,"gold_gain":0.0,"event_name":"Beggar","player_choice":"Gave Gold","floor":19.0,"gold_loss":75.0,"damage_taken":0.0},{"damage_healed":0.0,"max_hp_gain":0.0,"max_hp_loss":0.0,"gold_gain":0.0,"event_name":"Back to Basics","player_choice":"Simplicity","floor":22.0,"gold_loss":0.0,"damage_taken":0.0,"cards_upgraded":["Strike_G","Strike_G","Strike_G","Defend_G","Defend_G","Defend_G","Defend_G","Defend_G"]},{"damage_healed":0.0,"max_hp_gain":0.0,"max_hp_loss":22.0,"gold_gain":0.0,"event_name":"Vampires","player_choice":"Became a vampire","floor":31.0,"gold_loss":0.0,"damage_taken":0.0,"cards_obtained":["Bite","Bite","Bite","Bite","Bite"]},{"damage_healed":0.0,"max_hp_gain":0.0,"max_hp_loss":0.0,"gold_gain":0.0,"event_name":"Tomb of Lord Red Mask","player_choice":"Paid","floor":39.0,"gold_loss":63.0,"damage_taken":0.0,"relics_obtained":["Red Mask"]}],"is_beta":false,"boss_relics":[{"not_picked":["Runic Dome","Pandora\u0027s Box"],"picked":"Velvet Choker"},{"not_picked":["Fusion Hammer","Empty Cage"],"picked":"Eternal Feather"}],"items_purged_floors":[],"is_endless":false,"potions_floor_spawned":[1,5,6,16,20,21,27,33,36],"killed_by":"Reptomancer","ascension_level":16}