{"gold_per_floor":[17,34,113,125,125,125,184,217,241,241,272,272,272,286,286,385,385,395,409,423,34,48,48,83,97,97,97,124,137,137,151,151,250,250,266,3,13,29,47,47,80,80,80,93,30,85,85,98,98,98],"floor_reached":50,"playtime":3281,"items_purged":["Strike_B","Strike_B","Shame"],"score":811,"play_id":"fc1ef9a1-4cb0-44ac-8a1c-c6705b41dc79","local_time":"20190609030416","is_ascension_mode":true,"campfire_choices":[{"data":"Sunder","floor":6.0,"key":"SMITH"},{"floor":10.0,"key":"REST"},{"data":"Pain","floor":13.0,"key":"PURGE"},{"floor":15.0,"key":"REST"},{"floor":23.0,"key":"REST"},{"floor":27.0,"key":"REST"},{"floor":30.0,"key":"REST"},{"floor":32.0,"key":"DIG"},{"floor":40,"key":"REST"},{"floor":42,"key":"REST"},{"floor":49,"key":"DIG"}],"neow_cost":"NO_GOLD","seed_source_timestamp":0,"circlet_count":0,"master_deck":["AscendersBane","Strike_B","Defend_B+1","Defend_B","Defend_B","Defend_B","Zap","Dualcast","Hologram","Sunder+1","Rebound","Undo+1","Double Energy","BootSequence","Ball Lightning","Seek","Coolheaded","Coolheaded","Meteor Strike","Cold Snap","Coolheaded+1","Turbo","Redo","Compile Driver","FTL","Redo+1","Doom and Gloom","Stack","Self Repair","Redo+1","Streamline","Capacitor","Amplify","Loop","Defragment","Tempest","Skim+1","Force Field+1","FTL","Cold Snap","Reinforced Body+1","Double Energy","Electrodynamics"],"special_seed":0,"relics":["Cracked Core","Peace Pipe","Dream Catcher","Torii","Blood Vial","Shovel","WarpedTongs","Nuclear Battery","Membership Card","Bronze Scales","PreservedInsect","Bottled Flame","Darkstone Periapt","Anchor","Cursed Key","MealTicket","Lantern","Potion Belt","Blue Candle","StoneCalendar","War Paint"],"potions_floor_usage":[33,50,50,50,50],"damage_taken":[{"damage":6.0,"enemies":"2 Louse","floor":1.0,"turns":3.0},{"damage":0.0,"enemies":"Small Slimes","floor":2.0,"turns":3.0},{"damage":1.0,"enemies":"Cultist","floor":4.0,"turns":3.0},{"damage":0.0,"enemies":"3 Sentries","floor":7.0,"turns":5.0},{"damage":24.0,"enemies":"3 Sentries","floor":8.0,"turns":9.0},{"damage":28.0,"enemies":"Lagavulin","floor":11.0,"turns":6.0},{"damage":8.0,"enemies":"Blue Slaver","floor":14.0,"turns":3.0},{"damage":46.0,"enemies":"Slime Boss","floor":16.0,"turns":12.0},{"damage":0.0,"enemies":"Chosen","floor":18.0,"turns":3.0},{"damage":7.0,"enemies":"2 Thieves","floor":19.0,"turns":4.0},{"damage":32.0,"enemies":"Centurion and Healer","floor":20.0,"turns":9.0},{"damage":11.0,"enemies":"Shelled Parasite and Fungi","floor":22.0,"turns":5.0},{"damage":2.0,"enemies":"Slavers","floor":24.0,"turns":6.0},{"damage":14.0,"enemies":"Snake Plant","floor":25.0,"turns":3.0},{"damage":13.0,"enemies":"Gremlin Leader","floor":28.0,"turns":6.0},{"damage":11.0,"enemies":"Sentry and Sphere","floor":29.0,"turns":3.0},{"damage":18.0,"enemies":"Snecko","floor":31.0,"turns":3.0},{"damage":36,"enemies":"Champ","floor":33,"turns":12},{"damage":12,"enemies":"Orb Walker","floor":35,"turns":3},{"damage":16,"enemies":"3 Darklings","floor":37,"turns":6},{"damage":15,"enemies":"Sphere and 2 Shapes","floor":38,"turns":6},{"damage":35,"enemies":"Writhing Mass","floor":39,"turns":6},{"damage":30,"enemies":"Reptomancer","floor":41,"turns":6},{"damage":13,"enemies":"Spire Growth","floor":44,"turns":5},{"damage":0,"enemies":"2 Orb Walkers","floor":46,"turns":4},{"damage":9,"enemies":"Sphere and 2 Shapes","floor":48,"turns":3},{"damage":58,"enemies":"Awakened One","floor":50,"turns":11}],"seed_played":"-7014331089066473307","potions_obtained":[{"floor":2.0,"key":"SteroidPotion"},{"floor":4.0,"key":"SneckoOil"},{"floor":11.0,"key":"FearPotion"},{"floor":20.0,"key":"Strength Potion"},{"floor":24.0,"key":"PowerPotion"},{"floor":31.0,"key":"Energy Potion"},{"floor":33,"key":"FearPotion"},{"floor":37,"key":"EssenceOfSteel"},{"floor":41,"key":"LiquidBronze"}],"is_trial":false,"path_per_floor":["M","M","?","M","?","R","?","E","T","R","E","?","R","M","R","B",null,"M","M","M","$","M","R","E","M","T","R","E","M","R","M","R","B",null,"M","$","M","M","M","R","E","R","T","M","$","?","?","M","R","B"],"character_chosen":"DEFECT","items_purchased":["Membership Card","Redo","Bronze Scales","Compile Driver","Block Potion","Defragment","MealTicket","Lantern"],"campfire_rested":7,"item_purchase_floors":[21,21,21,21,21,36,36,36],"current_hp_per_floor":[62,62,62,61,61,61,61,37,37,59,33,33,33,27,49,5,58,60,55,25,25,16,38,38,26,26,48,44,35,57,48,48,21,62,59,59,52,46,20,42,21,43,49,45,60,62,62,55,55,0],"gold":98,"neow_bonus":"ONE_RARE_RELIC","is_prod":false,"is_daily":false,"chose_seed":false,"campfire_upgraded":1,"win_rate":0,"timestamp":1560013456,"path_taken":["M","M","?","M","?","R","?","E","T","R","E","?","R","M","R","BOSS","M","M","M","$","M","R","E","M","T","R","E","M","R","M","R","BOSS","M","$","M","M","M","R","E","R","T","M","$","?","?","M","R","BOSS"],"build_version":"2019-01-23","purchased_purges":3,"victory":false,"max_hp_per_floor":[75,75,75,75,75,75,75,75,75,75,75,75,75,75,75,75,75,75,75,75,75,75,75,75,75,75,75,75,75,75,75,75,75,75,75,75,75,75,75,75,75,75,81,81,81,81,77,77,77,77],"card_choices":[{"not_picked":["Steam","Tempest"],"picked":"Hologram","floor":1.0},{"not_picked":["Gash","Coolheaded"],"picked":"Sunder","floor":2.0},{"not_picked":["Barrage","Reprogram"],"picked":"Rebound","floor":4.0},{"not_picked":["Turbo","Stack"],"picked":"Double Energy","floor":7.0},{"not_picked":["Melter","Compile Driver"],"picked":"BootSequence","floor":8.0},{"not_picked":["Stack","Turbo"],"picked":"Ball Lightning","floor":10.0},{"not_picked":["Sweeping Beam","Undo"],"picked":"Seek","floor":11.0},{"not_picked":["Steam","Reprogram"],"picked":"Coolheaded","floor":14.0},{"not_picked":["Barrage","Capacitor"],"picked":"Coolheaded","floor":15.0},{"not_picked":["All For One","Creative AI"],"picked":"Meteor Strike","floor":16.0},{"not_picked":["Beam Cell","Gash"],"picked":"Cold Snap","floor":18.0},{"not_picked":["Reprogram","Meteor Strike"],"picked":"Coolheaded+1","floor":19.0},{"not_picked":["Chill","Scrape"],"picked":"Turbo","floor":20.0},{"not_picked":["Gash","Redo"],"picked":"FTL","floor":22.0},{"not_picked":["Sunder","Scrape+1"],"picked":"Redo+1","floor":23.0},{"not_picked":["Hologram","Barrage"],"picked":"Doom and Gloom","floor":24.0},{"not_picked":["Lockon+1","Compile Driver"],"picked":"Stack","floor":25.0},{"not_picked":["Sweeping Beam","Rip and Tear"],"picked":"Self Repair","floor":27.0},{"not_picked":["Reboot","Darkness"],"picked":"Redo+1","floor":28.0},{"not_picked":["Barrage","Cold Snap"],"picked":"Streamline","floor":29.0},{"not_picked":["Rebound","Go for the Eyes"],"picked":"Capacitor","floor":31.0},{"not_picked":["Multi-Cast","All For One"],"picked":"Amplify","floor":33},{"not_picked":["Leap","Doom and Gloom"],"picked":"Loop","floor":35},{"not_picked":["Rip and Tear+1","Coolheaded+1"],"picked":"Tempest","floor":37},{"not_picked":["Redo","Beam Cell+1"],"picked":"Skim+1","floor":38},{"not_picked":["Redo+1","Hello World+1"],"picked":"Force Field+1","floor":39},{"not_picked":["Compile Driver","Beam Cell"],"picked":"FTL","floor":40},{"not_picked":["Genetic Algorithm","Hello World+1"],"picked":"Cold Snap","floor":41},{"not_picked":["Capacitor+1","Rip and Tear+1"],"picked":"Reinforced Body+1","floor":42},{"not_picked":["Electrodynamics","Streamline"],"picked":"Double Energy","floor":44},{"not_picked":["Redo","Beam Cell"],"picked":"Electrodynamics","floor":46},{"not_picked":["FTL","Ball Lightning+1","BootSequence"],"picked":"SKIP","floor":48}],"player_experience":836023,"relics_obtained":[{"floor":8.0,"key":"Torii"},{"floor":9.0,"key":"Blood Vial"},{"floor":11.0,"key":"Shovel"},{"floor":24.0,"key":"PreservedInsect"},{"floor":26.0,"key":"Bottled Flame"},{"floor":28.0,"key":"Darkstone Periapt"},{"floor":32.0,"key":"Anchor"},{"floor":41,"key":"Potion Belt"},{"floor":43,"key":"Blue Candle"},{"floor":46,"key":"StoneCalendar"},{"floor":49,"key":"War Paint"}],"event_choices":[{"damage_healed":0.0,"max_hp_gain":0.0,"max_hp_loss":0.0,"gold_gain":79.0,"event_name":"Golden Wing","player_choice":"Gained Gold","floor":3.0,"gold_loss":0.0,"damage_taken":0.0},{"damage_healed":0.0,"max_hp_gain":0.0,"max_hp_loss":0.0,"gold_gain":0.0,"cards_transformed":["Strike_B"],"event_name":"Living Wall","player_choice":"Change","floor":5.0,"gold_loss":0.0,"damage_taken":0.0,"cards_obtained":["Undo"]},{"damage_healed":0.0,"max_hp_gain":0.0,"max_hp_loss":0.0,"gold_gain":0.0,"event_name":"Dead Adventurer","player_choice":"Searched \u00272\u0027 times","floor":7.0,"gold_loss":0.0,"damage_taken":0.0,"relics_obtained":["Dream Catcher"]},{"damage_healed":0.0,"max_hp_gain":0.0,"max_hp_loss":0.0,"gold_gain":0.0,"event_name":"Accursed Blacksmith","player_choice":"Rummage","floor":12.0,"gold_loss":0.0,"damage_taken":0.0,"relics_obtained":["WarpedTongs"],"cards_obtained":["Pain"]},{"damage_healed":0,"gold_gain":0,"player_choice":"Fight","damage_taken":0,"max_hp_gain":0,"max_hp_loss":0,"event_name":"Mysterious Sphere","floor":46,"gold_loss":0},{"damage_healed":0,"gold_gain":0,"player_choice":"Max HP","damage_taken":0,"max_hp_gain":0,"max_hp_loss":4,"event_name":"Winding Halls","floor":47,"gold_loss":0}],"is_beta":false,"boss_relics":[{"not_picked":["Coffee Dripper","Black Star"],"picked":"Nuclear Battery"},{"not_picked":["Snecko Eye","Eternal Feather"],"picked":"Cursed Key"}],"items_purged_floors":[21,36,45],"is_endless":false,"potions_floor_spawned":[2,4,11,20,22,24,31,33,37,38,41],"killed_by":"Awakened One","ascension_level":10}