{"gold_per_floor":[115,135,135,145,161,161,188,188,236,248,248,267,300,29,29,29],"floor_reached":16,"playtime":635,"items_purged":["Strike_P"],"score":118,"play_id":"c02662d6-c7fc-40b7-bf38-5bff33d80ba1","local_time":"20190911142456","is_ascension_mode":true,"campfire_choices":[{"data":"WindmillStrike","floor":6,"key":"SMITH"},{"floor":11,"key":"REST"},{"floor":15,"key":"REST"}],"neow_cost":"NONE","seed_source_timestamp":14363076751775,"circlet_count":0,"master_deck":["Strike_P","Strike_P","Defend_P","Defend_P","Defend_P","Defend_P","Eruption","Vigilance","Weave","ThirdEye","WindmillStrike+1","Crescendo","InnerPeace","Brilliance","EmptyBody","Establishment","Ragnarok","MentalFortress","ClearTheMind","SignatureMove"],"relics":["PureWater","Anchor","Question Card","Bronze Scales","Strawberry"],"potions_floor_usage":[7,11,16],"damage_taken":[{"damage":0,"enemies":"2 Louse","floor":1,"turns":1},{"damage":2,"enemies":"Cultist","floor":2,"turns":3},{"damage":0,"enemies":"Small Slimes","floor":4,"turns":2},{"damage":11,"enemies":"Gremlin Gang","floor":5,"turns":5},{"damage":9,"enemies":"Gremlin Nob","floor":7,"turns":3},{"damage":14,"enemies":"Large Slime","floor":10,"turns":4},{"damage":4,"enemies":"Exordium Wildlife","floor":12,"turns":3},{"damage":29,"enemies":"Lagavulin","floor":13,"turns":6},{"damage":65,"enemies":"Slime Boss","floor":16,"turns":11}],"seed_played":"2426633527072340078","potions_obtained":[{"floor":1,"key":"LiquidBronze"},{"floor":3,"key":"Strength Potion"},{"floor":3,"key":"Fruit Juice"},{"floor":10,"key":"Block Potion"},{"floor":12,"key":"EssenceOfSteel"}],"is_trial":false,"path_per_floor":["M","M","?","M","M","R","E","?","T","M","R","M","E","$","R","B"],"character_chosen":"WATCHER","items_purchased":["MentalFortress","ClearTheMind","SignatureMove"],"campfire_rested":2,"item_purchase_floors":[14,14,14],"current_hp_per_floor":[65,63,63,63,52,52,43,43,43,29,55,51,29,29,52,0],"gold":29,"neow_bonus":"RANDOM_COMMON_RELIC","is_prod":false,"is_daily":false,"chose_seed":false,"campfire_upgraded":1,"win_rate":0,"timestamp":1568175896,"path_taken":["M","M","?","M","?","R","E","?","T","M","R","M","E","$","R","BOSS"],"build_version":"2019-09-10","purchased_purges":1,"victory":false,"max_hp_per_floor":[65,65,65,65,65,65,65,65,65,65,70,70,77,77,77,77],"card_choices":[{"not_picked":["CleanseEvil","EmptyFist"],"picked":"Weave","floor":1},{"not_picked":["Protect","CutThroughFate"],"picked":"ThirdEye","floor":2},{"not_picked":["StepAndStrike","EmptyBody"],"picked":"WindmillStrike","floor":4},{"not_picked":["EmptyBody","ThirdEye"],"picked":"Crescendo","floor":5},{"not_picked":["FollowUp","FlyingSleeves"],"picked":"InnerPeace","floor":7},{"not_picked":["ThirdEye","StepAndStrike","Halt"],"picked":"EmptyBody","floor":10},{"not_picked":["WreathOfFlame","FlyingSleeves","Worship"],"picked":"Establishment","floor":12},{"not_picked":["TalkToTheHand","PathToVictory","FollowUp"],"picked":"Ragnarok","floor":13}],"player_experience":1291667,"relics_obtained":[{"floor":7,"key":"Question Card"},{"floor":9,"key":"Bronze Scales"},{"floor":13,"key":"Strawberry"}],"event_choices":[{"damage_healed":0,"gold_gain":0,"player_choice":"Got Potions","damage_taken":0,"max_hp_gain":0,"max_hp_loss":0,"event_name":"Lab","floor":3,"gold_loss":0},{"damage_healed":0,"gold_gain":0,"cards_transformed":["Strike_P"],"player_choice":"Transformed","damage_taken":0,"max_hp_gain":0,"max_hp_loss":0,"event_name":"Transmorgrifier","floor":8,"gold_loss":0,"cards_obtained":["Brilliance"]}],"is_beta":true,"boss_relics":[],"items_purged_floors":[14],"is_endless":false,"potions_floor_spawned":[1,10,12,13],"killed_by":"Slime Boss","ascension_level":1}