{"gold_per_floor":[112,112,123,123,48,48,79,89,138,138,148,181,197,208,208,285,285,297,297,297,309,74,74,74,103,149,180,193,204,204,223,223,223],"floor_reached":33,"playtime":2399,"items_purged":["Shame"],"score":604,"play_id":"2861e624-5479-42e8-80a7-bf9edd77e79a","local_time":"20190103150839","is_ascension_mode":true,"campfire_choices":[{"data":"Backstab","floor":6.0,"key":"SMITH"},{"data":"Noxious Fumes","floor":10.0,"key":"SMITH"},{"data":"Finisher","floor":15.0,"key":"SMITH"},{"floor":23,"key":"REST"},{"floor":32,"key":"REST"}],"neow_cost":"NONE","seed_source_timestamp":0,"circlet_count":0,"master_deck":["AscendersBane","Defend_G","Defend_G","Defend_G","Defend_G","Defend_G","Strike_G","Strike_G","Strike_G+1","Strike_G","Survivor","Neutralize+1","Flying Knee","Backstab+1","Noxious Fumes+1","Backstab","Escape Plan","Finisher+1","Glass Knife","Calculated Gamble","After Image","Bouncing Flask","Dodge and Roll","Deflect+1"],"special_seed":0,"relics":["Ring of the Snake","NeowsBlessing","GremlinMask","Juzu Bracelet","Pen Nib","Whetstone","Bag of Marbles","Sozu","Oddly Smooth Stone","Ancient Tea Set","Anchor","Red Mask"],"potions_floor_usage":[25],"damage_taken":[{"damage":0.0,"enemies":"Small Slimes","floor":1.0,"turns":1.0},{"damage":0.0,"enemies":"Cultist","floor":3.0,"turns":1.0},{"damage":0.0,"enemies":"3 Sentries","floor":7.0,"turns":1.0},{"damage":0.0,"enemies":"2 Louse","floor":8.0,"turns":3.0},{"damage":0.0,"enemies":"Large Slime","floor":11.0,"turns":4.0},{"damage":21.0,"enemies":"Gremlin Nob","floor":12.0,"turns":4.0},{"damage":0.0,"enemies":"Gremlin Gang","floor":13.0,"turns":3.0},{"damage":3.0,"enemies":"Blue Slaver","floor":14.0,"turns":2.0},{"damage":24.0,"enemies":"Slime Boss","floor":16.0,"turns":8.0},{"damage":0,"enemies":"Chosen","floor":18,"turns":1},{"damage":9,"enemies":"2 Thieves","floor":21,"turns":4},{"damage":30,"enemies":"Gremlin Leader","floor":25,"turns":7},{"damage":20,"enemies":"Masked Bandits","floor":27,"turns":4},{"damage":0,"enemies":"Centurion and Healer","floor":28,"turns":5},{"damage":0,"enemies":"Snecko","floor":29,"turns":2},{"damage":9,"enemies":"Sentry and Sphere","floor":31,"turns":5},{"damage":39,"enemies":"Automaton","floor":33,"turns":6}],"seed_played":"5974067319518762054","potions_obtained":[{"floor":8.0,"key":"AttackPotion"},{"floor":11.0,"key":"Strength Potion"},{"floor":12.0,"key":"GhostInAJar"},{"floor":16.0,"key":"GhostInAJar"}],"is_trial":false,"path_per_floor":["M","?","M","?","?","R","E","M","T","R","M","E","M","M","R","B",null,"M","?","?","M","$","R","?","E","T","?","M","M","?","M","R","B"],"character_chosen":"THE_SILENT","items_purchased":["Oddly Smooth Stone"],"campfire_rested":2,"item_purchase_floors":[22],"current_hp_per_floor":[59,59,59,59,59,59,59,59,59,59,59,38,38,35,35,11,52,52,52,34,25,25,46,71,41,41,21,21,21,21,12,33,0],"gold":223,"neow_bonus":"THREE_ENEMY_KILL","is_prod":false,"is_daily":false,"chose_seed":false,"campfire_upgraded":3,"win_rate":0,"timestamp":1546546119,"path_taken":["M","?","?","?","?","R","E","M","T","R","M","E","M","M","R","BOSS","M","?","?","M","$","R","?","E","T","?","M","M","?","M","R","BOSS"],"build_version":"2018-12-20","purchased_purges":1,"victory":false,"max_hp_per_floor":[66,66,66,66,66,66,66,66,66,66,66,66,66,66,66,66,66,66,66,71,71,71,71,71,71,71,71,71,71,71,71,71,71],"card_choices":[{"not_picked":["Outmaneuver","Dagger Spray"],"picked":"Flying Knee","floor":1.0},{"not_picked":["Catalyst","Sucker Punch"],"picked":"Backstab","floor":3.0},{"not_picked":["Reflex","Backflip"],"picked":"Noxious Fumes","floor":7.0},{"not_picked":["Bane","Backflip","Outmaneuver"],"picked":"SKIP","floor":8.0},{"not_picked":["Sucker Punch","Cloak And Dagger","Quick Slash"],"picked":"SKIP","floor":11.0},{"not_picked":["Eviscerate","Caltrops"],"picked":"Backstab","floor":12.0},{"not_picked":["Acrobatics","Slice"],"picked":"Escape Plan","floor":13.0},{"not_picked":["Venomology","Acrobatics"],"picked":"Finisher","floor":14.0},{"not_picked":["Storm of Steel","Corpse Explosion"],"picked":"Glass Knife","floor":16.0},{"not_picked":["Distraction","Finisher"],"picked":"Calculated Gamble","floor":18},{"not_picked":["Slice","Accuracy"],"picked":"Finisher","floor":21},{"not_picked":["Prepared+1","Poisoned Stab"],"picked":"After Image","floor":25},{"not_picked":["Underhanded Strike","Backstab"],"picked":"Bouncing Flask","floor":27},{"not_picked":["Slice","Infinite Blades"],"picked":"Dodge and Roll","floor":28},{"not_picked":["Setup","Poisoned Stab"],"picked":"Deflect+1","floor":29},{"not_picked":["Sucker Punch","Dodge and Roll","Dagger Throw"],"picked":"SKIP","floor":31}],"player_experience":1140795,"relics_obtained":[{"floor":7.0,"key":"Pen Nib"},{"floor":9.0,"key":"Whetstone"},{"floor":12.0,"key":"Bag of Marbles"},{"floor":25,"key":"Ancient Tea Set"},{"floor":26,"key":"Anchor"},{"floor":27,"key":"Red Mask"}],"event_choices":[{"damage_healed":0.0,"max_hp_gain":0.0,"max_hp_loss":0.0,"gold_gain":0.0,"event_name":"FaceTrader","player_choice":"Trade","floor":2.0,"gold_loss":0.0,"damage_taken":0.0,"relics_obtained":["GremlinMask"]},{"damage_healed":0.0,"max_hp_gain":0.0,"max_hp_loss":0.0,"gold_gain":0.0,"event_name":"Big Fish","player_choice":"Box","floor":4.0,"gold_loss":0.0,"damage_taken":0.0,"relics_obtained":["Juzu Bracelet"],"cards_obtained":["Regret"]},{"cards_removed":["Regret"],"damage_healed":0.0,"max_hp_gain":0.0,"max_hp_loss":0.0,"gold_gain":0.0,"event_name":"The Cleric","player_choice":"Card Removal","floor":5.0,"gold_loss":75.0,"damage_taken":0.0},{"damage_healed":0,"gold_gain":0,"player_choice":"1 cards matched","damage_taken":0,"max_hp_gain":0,"max_hp_loss":0,"event_name":"Match and Keep!","floor":19,"gold_loss":0,"cards_obtained":["Shame"]},{"damage_healed":0,"gold_gain":0,"player_choice":"Shed Blood","damage_taken":23,"max_hp_gain":5,"max_hp_loss":0,"event_name":"Forgotten Altar","floor":20,"gold_loss":0},{"cards_removed":["Finisher"],"damage_healed":25,"gold_gain":0,"player_choice":"Offered Uncommon","damage_taken":0,"max_hp_gain":0,"max_hp_loss":0,"event_name":"Bonfire Elementals","floor":24,"gold_loss":0},{"damage_healed":0,"gold_gain":0,"player_choice":"Fought Bandits","damage_taken":0,"max_hp_gain":0,"max_hp_loss":0,"event_name":"Masked Bandits","floor":27,"gold_loss":0},{"cards_removed":["Strike_G"],"damage_healed":0,"gold_gain":0,"player_choice":"Elegance","damage_taken":0,"max_hp_gain":0,"max_hp_loss":0,"event_name":"Back to Basics","floor":30,"gold_loss":0}],"is_beta":false,"boss_relics":[{"not_picked":["Black Star","White Beast Statue"],"picked":"Sozu"}],"items_purged_floors":[22],"is_endless":false,"potions_floor_spawned":[8,11,12,16,28,29,31],"killed_by":"Automaton","ascension_level":20}