{"gold_per_floor":[113,113,132,0,14,41,41,68,68,68,78,108,108,142,142,242,242,259,276,201,214,241,241,272,286,286,320,320,320,332,347,347,347],"floor_reached":33,"playtime":1946,"items_purged":[],"score":394,"play_id":"4c41743c-64d7-4153-ae73-42ba8cd30037","local_time":"20190503143756","is_ascension_mode":true,"campfire_choices":[{"data":"Spot Weakness","floor":10.0,"key":"SMITH"},{"floor":13.0,"key":"REST"},{"floor":15.0,"key":"REST"},{"data":"Armaments","floor":23,"key":"SMITH"},{"floor":28,"key":"REST"},{"floor":32,"key":"REST"}],"neow_cost":"NONE","seed_source_timestamp":0,"circlet_count":0,"master_deck":["Bash","Clothesline","Spot Weakness+1","Pommel Strike","Bandage Up","Headbutt","Heavy Blade+1","Feed+1","Power Through","Twin Strike+1","Exhume","Second Wind","Double Tap","Clash+1","Rage","Corruption","Dual Wield","Combust","Fiend Fire+1","Armaments+1","Cleave+1","Dropkick+1","Body Slam+1","Pommel Strike+1","Power Through","Inflame","Metallicize","True Grit+1","Sword Boomerang+1","Metallicize","Bloodletting+1","Anger+1","Offering","Reckless Charge+1"],"special_seed":0,"relics":["Burning Blood","NeowsBlessing","Molten Egg 2","Bag of Marbles","Blue Candle","Matryoshka","Prayer Wheel","Pandora\u0027s Box","Bronze Scales","Bag of Preparation","Bottled Tornado","Regal Pillow","Vajra","Red Mask","StoneCalendar"],"potions_floor_usage":[21,25,30],"damage_taken":[{"damage":0.0,"enemies":"2 Louse","floor":1.0,"turns":1.0},{"damage":0.0,"enemies":"Cultist","floor":3.0,"turns":1.0},{"damage":0.0,"enemies":"Jaw Worm","floor":5.0,"turns":1.0},{"damage":27.0,"enemies":"Gremlin Nob","floor":6.0,"turns":4.0},{"damage":30.0,"enemies":"Lagavulin","floor":8.0,"turns":5.0},{"damage":14.0,"enemies":"Lots of Slimes","floor":11.0,"turns":4.0},{"damage":27.0,"enemies":"3 Sentries","floor":12.0,"turns":6.0},{"damage":20.0,"enemies":"Lagavulin","floor":14.0,"turns":3.0},{"damage":49.0,"enemies":"Slime Boss","floor":16.0,"turns":13.0},{"damage":9,"enemies":"2 Thieves","floor":18,"turns":3},{"damage":38,"enemies":"Spheric Guardian","floor":19,"turns":5},{"damage":0,"enemies":"Snake Plant","floor":21,"turns":1},{"damage":19,"enemies":"Gremlin Leader","floor":24,"turns":5},{"damage":28,"enemies":"Shelled Parasite and Fungi","floor":25,"turns":5},{"damage":6,"enemies":"Masked Bandits","floor":27,"turns":4},{"damage":38,"enemies":"3 Cultists","floor":30,"turns":5},{"damage":18,"enemies":"Centurion and Healer","floor":31,"turns":6},{"damage":114,"enemies":"Collector","floor":33,"turns":11}],"seed_played":"7363336758760832590","potions_obtained":[{"floor":8.0,"key":"Swift Potion"},{"floor":12.0,"key":"Weak Potion"},{"floor":14.0,"key":"Fire Potion"},{"floor":19,"key":"SteroidPotion"},{"floor":21,"key":"Explosive Potion"},{"floor":27,"key":"Energy Potion"}],"is_trial":false,"path_per_floor":["M","?","M","$","M","E","?","E","T","R","M","E","R","E","R","B",null,"M","M","?","M","T","R","E","M","T","?","R","?","M","M","R","B"],"character_chosen":"IRONCLAD","items_purchased":["Pommel Strike","Bandage Up"],"campfire_rested":4,"item_purchase_floors":[4,4],"current_hp_per_floor":[80,80,80,80,80,63,63,43,43,43,43,26,51,49,75,44,80,81,57,57,63,63,63,58,40,40,48,93,93,65,61,104,0],"gold":347,"neow_bonus":"THREE_ENEMY_KILL","is_prod":false,"is_daily":false,"chose_seed":false,"campfire_upgraded":2,"win_rate":0,"timestamp":1556858276,"path_taken":["M","?","M","$","?","E","?","E","T","R","M","E","R","E","R","BOSS","M","?","?","M","?","R","E","M","T","?","R","?","M","M","R","BOSS"],"build_version":"2019-01-23","purchased_purges":0,"victory":false,"max_hp_per_floor":[80,80,80,80,80,80,80,80,80,80,84,84,84,88,88,92,92,92,92,92,92,92,92,96,96,96,100,100,100,100,104,104,104],"card_choices":[{"not_picked":["Anger","Perfected Strike"],"picked":"Clothesline","floor":1.0},{"not_picked":["Heavy Blade","Dual Wield"],"picked":"Spot Weakness","floor":3.0},{"not_picked":["Clash","Havoc"],"picked":"Headbutt","floor":5.0},{"not_picked":["Battle Trance","Disarm"],"picked":"Heavy Blade","floor":6.0},{"not_picked":["Clash+1","Burning Pact"],"picked":"Power Through","floor":8.0},{"not_picked":["Iron Wave+1","Rupture"],"picked":"Twin Strike+1","floor":11.0},{"not_picked":["Pommel Strike+1","Sword Boomerang+1"],"picked":"Exhume","floor":12.0},{"not_picked":["Fire Breathing","Armaments"],"picked":"Second Wind","floor":14.0},{"not_picked":["Dark Embrace","Demon Form"],"picked":"Double Tap","floor":16.0},{"not_picked":["Perfected Strike+1","Pommel Strike+1"],"picked":"Cleave+1","floor":18},{"not_picked":["Perfected Strike+1","Cleave+1"],"picked":"Dropkick+1","floor":18},{"not_picked":["Double Tap","Bloodletting"],"picked":"Body Slam+1","floor":19},{"not_picked":["Clothesline+1","Clash+1"],"picked":"Pommel Strike+1","floor":19},{"not_picked":["Spot Weakness","Clothesline+1"],"picked":"Power Through","floor":21},{"not_picked":["Cleave+1","Heavy Blade+1"],"picked":"Inflame","floor":21},{"not_picked":["Intimidate","Iron Wave+1"],"picked":"Metallicize","floor":24},{"not_picked":["Clothesline+1","Warcry"],"picked":"True Grit+1","floor":25},{"not_picked":["Havoc","Blood for Blood+1"],"picked":"Sword Boomerang+1","floor":25},{"not_picked":["Headbutt+1","Second Wind"],"picked":"Metallicize","floor":27},{"not_picked":["Disarm","Metallicize"],"picked":"Bloodletting+1","floor":30},{"not_picked":["Iron Wave+1","Twin Strike+1"],"picked":"Anger+1","floor":30},{"not_picked":["Blood for Blood+1","Seeing Red"],"picked":"Offering","floor":31},{"not_picked":["Reckless Charge+1","Anger+1","Sword Boomerang+1"],"picked":"SKIP","floor":31},{"not_picked":["Anger+1","Sword Boomerang+1"],"picked":"Reckless Charge+1","floor":31}],"player_experience":593966,"relics_obtained":[{"floor":6.0,"key":"Molten Egg 2"},{"floor":8.0,"key":"Bag of Marbles"},{"floor":9.0,"key":"Blue Candle"},{"floor":12.0,"key":"Matryoshka"},{"floor":14.0,"key":"Prayer Wheel"},{"floor":22,"key":"Bronze Scales"},{"floor":22,"key":"Bag of Preparation"},{"floor":24,"key":"Bottled Tornado"},{"floor":26,"key":"Regal Pillow"},{"floor":26,"key":"Vajra"},{"floor":27,"key":"Red Mask"}],"event_choices":[{"cards_removed":["Strike_R"],"damage_healed":0.0,"max_hp_gain":0.0,"max_hp_loss":0.0,"gold_gain":0.0,"event_name":"Bonfire Elementals","player_choice":"Offered Basic","floor":2.0,"gold_loss":0.0,"damage_taken":0.0},{"damage_healed":0.0,"max_hp_gain":0.0,"max_hp_loss":0.0,"gold_gain":0.0,"event_name":"Match and Keep!","player_choice":"1 cards matched","floor":7.0,"gold_loss":0.0,"damage_taken":0.0,"cards_obtained":["Feed"]},{"damage_healed":0.0,"max_hp_gain":0.0,"max_hp_loss":0.0,"gold_gain":0.0,"event_name":"Match and Keep!","player_choice":"1 cards matched","floor":7.0,"gold_loss":0.0,"damage_taken":0.0,"cards_obtained":["Feed"]},{"cards_removed":["Fire Breathing"],"damage_healed":0,"gold_gain":0,"player_choice":"Gave Gold","damage_taken":0,"max_hp_gain":0,"max_hp_loss":0,"event_name":"Beggar","floor":20,"gold_loss":75},{"damage_healed":0,"gold_gain":0,"player_choice":"Fought Bandits","damage_taken":0,"max_hp_gain":0,"max_hp_loss":0,"event_name":"Masked Bandits","floor":27,"gold_loss":0},{"damage_healed":0,"gold_gain":0,"player_choice":"Opened","damage_taken":0,"relics_obtained":["StoneCalendar"],"max_hp_gain":0,"max_hp_loss":0,"event_name":"The Mausoleum","floor":29,"gold_loss":0}],"is_beta":false,"boss_relics":[{"not_picked":["Tiny House","Sozu"],"picked":"Pandora\u0027s Box"}],"items_purged_floors":[],"is_endless":false,"potions_floor_spawned":[8,12,14,19,21,27],"killed_by":"Collector","ascension_level":5}