{"gold_per_floor":[109,5,5,20,20,54,67,67,122,155,172,172,172,206,206,206],"floor_reached":16,"playtime":580,"items_purged":[],"score":149,"play_id":"2d7b6709-c818-49cc-8b57-ed51c3f4b21c","local_time":"20190421153528","is_ascension_mode":true,"campfire_choices":[{"data":"Footwork","floor":8,"key":"SMITH"},{"floor":12,"key":"REST"},{"floor":15,"key":"REST"}],"neow_cost":"NONE","seed_source_timestamp":1009019915782,"circlet_count":0,"master_deck":["Defend_G","Defend_G","Defend_G","Defend_G","Defend_G","Strike_G","Strike_G","Strike_G","Strike_G","Strike_G","Survivor","Neutralize","PiercingWail","Blade Dance","Footwork+1","Crippling Poison","Dagger Spray","Poisoned Stab","Footwork","Injury","Deflect"],"relics":["Ring of the Snake","NeowsBlessing","Boot","Spirit Poop","Centennial Puzzle","Tiny Chest","Juzu Bracelet","Golden Idol","Dodecahedron"],"potions_floor_usage":[14,16,16,16],"damage_taken":[{"damage":0,"enemies":"Small Slimes","floor":1,"turns":1},{"damage":0,"enemies":"Cultist","floor":4,"turns":1},{"damage":0,"enemies":"Lagavulin","floor":6,"turns":1},{"damage":0,"enemies":"2 Louse","floor":7,"turns":2},{"damage":36,"enemies":"Gremlin Nob","floor":10,"turns":5},{"damage":5,"enemies":"Large Slime","floor":11,"turns":7},{"damage":12,"enemies":"Lagavulin","floor":14,"turns":6},{"damage":62,"enemies":"Slime Boss","floor":16,"turns":11}],"seed_played":"-8283005730698868925","potions_obtained":[{"floor":1,"key":"Dexterity Potion"},{"floor":10,"key":"GamblersBrew"},{"floor":11,"key":"SkillPotion"},{"floor":14,"key":"Poison Potion"}],"is_trial":false,"path_per_floor":["M","$","?","M","?","E","M","R","T","E","M","R","?","E","R","B"],"character_chosen":"THE_SILENT","items_purchased":["Blade Dance","Footwork"],"campfire_rested":2,"item_purchase_floors":[2,2],"current_hp_per_floor":[70,70,70,70,70,70,70,70,70,34,29,50,50,38,59,0],"gold":206,"neow_bonus":"THREE_ENEMY_KILL","is_prod":false,"is_daily":false,"chose_seed":false,"campfire_upgraded":1,"win_rate":0,"timestamp":1555824928,"path_taken":["M","$","?","M","?","E","M","R","T","E","M","R","?","E","R","BOSS"],"build_version":"2019-01-23","purchased_purges":0,"victory":false,"max_hp_per_floor":[70,70,70,70,70,70,70,70,70,70,70,70,70,70,70,70],"card_choices":[{"not_picked":["Concentrate","Predator"],"picked":"PiercingWail","floor":1},{"not_picked":["Dodge and Roll","Bane"],"picked":"Crippling Poison","floor":4},{"not_picked":["Concentrate","Terror","Eviscerate"],"picked":"SKIP","floor":6},{"not_picked":["Endless Agony","Cloak And Dagger"],"picked":"Dagger Spray","floor":7},{"not_picked":["Deadly Poison","Acrobatics"],"picked":"Poisoned Stab","floor":10},{"not_picked":["Outmaneuver","Die Die Die"],"picked":"Footwork","floor":11},{"not_picked":["Underhanded Strike","Tools of the Trade"],"picked":"Deflect","floor":14}],"player_experience":379827,"relics_obtained":[{"floor":6,"key":"Centennial Puzzle"},{"floor":9,"key":"Tiny Chest"},{"floor":10,"key":"Juzu Bracelet"},{"floor":14,"key":"Dodecahedron"}],"event_choices":[{"damage_healed":0,"gold_gain":0,"player_choice":"Box","damage_taken":0,"relics_obtained":["Boot"],"max_hp_gain":0,"max_hp_loss":0,"event_name":"Big Fish","floor":3,"gold_loss":0,"cards_obtained":["Regret"]},{"cards_removed":["Regret"],"damage_healed":0,"gold_gain":0,"player_choice":"Offered Curse","damage_taken":0,"relics_obtained":["Spirit Poop"],"max_hp_gain":0,"max_hp_loss":0,"event_name":"Bonfire Elementals","floor":5,"gold_loss":0},{"damage_healed":0,"gold_gain":0,"player_choice":"Take Wound","damage_taken":0,"relics_obtained":["Golden Idol"],"max_hp_gain":0,"max_hp_loss":0,"event_name":"Golden Idol","floor":13,"gold_loss":0,"cards_obtained":["Injury"]}],"is_beta":false,"boss_relics":[],"items_purged_floors":[],"is_endless":false,"potions_floor_spawned":[1,10,11,14],"killed_by":"Slime Boss","ascension_level":1}