{"gold_per_floor":[109,55,55,71,92,135,150,150,150,164,183,22,22,22,22,22],"floor_reached":16,"playtime":1674,"items_purged":["Injury"],"score":102,"play_id":"4bb2fc89-44ad-4344-870d-96e73eb8a143","local_time":"20190322025924","is_ascension_mode":false,"campfire_choices":[{"floor":8,"key":"REST"},{"floor":15,"key":"REST"}],"neow_cost":"","seed_source_timestamp":40343255012987,"circlet_count":0,"master_deck":["Strike_R","Strike_R","Strike_R","Strike_R","Defend_R","Defend_R","Defend_R","Defend_R","Bash","Infernal Blade","Shrug It Off","Headbutt","Reckless Charge","Thunderclap","Metallicize","Anger","Rampage","Cleave","Blood for Blood","Infernal Blade+1"],"relics":["Burning Blood","Golden Idol","Happy Flower","Toxic Egg 2"],"potions_floor_usage":[6,11],"damage_taken":[{"damage":8,"enemies":"Cultist","floor":1,"turns":5},{"damage":12,"enemies":"Jaw Worm","floor":4,"turns":6},{"damage":10,"enemies":"Small Slimes","floor":5,"turns":3},{"damage":63,"enemies":"3 Sentries","floor":6,"turns":12},{"damage":5,"enemies":"2 Fungi Beasts","floor":7,"turns":3},{"damage":9,"enemies":"3 Louse","floor":10,"turns":4},{"damage":24,"enemies":"Lots of Slimes","floor":11,"turns":5},{"damage":48,"enemies":"The Guardian","floor":16,"turns":9}],"seed_played":"-4506572698346206916","potions_obtained":[{"floor":1,"key":"GamblersBrew"},{"floor":6,"key":"Regen Potion"}],"is_trial":false,"path_per_floor":["M","$","?","M","M","E","M","R","T","M","M","$","?","?","R","B"],"character_chosen":"IRONCLAD","items_purchased":["Shrug It Off","Cleave","Blood for Blood"],"campfire_rested":2,"item_purchase_floors":[2,12,12],"current_hp_per_floor":[78,78,78,72,68,11,12,36,36,33,24,24,24,24,48,0],"gold":22,"neow_bonus":"","is_prod":false,"is_daily":false,"chose_seed":false,"campfire_upgraded":0,"win_rate":0.0,"timestamp":1553187564,"path_taken":["M","?","?","M","M","E","M","R","T","M","M","$","?","?","R","BOSS"],"build_version":"2019-01-23","purchased_purges":1,"victory":false,"max_hp_per_floor":[80,80,80,80,80,80,80,80,80,80,80,80,80,80,80,80],"card_choices":[{"not_picked":["Clash","Metallicize"],"picked":"Infernal Blade","floor":1},{"not_picked":["Thunderclap","Dropkick"],"picked":"Headbutt","floor":4},{"not_picked":["Carnage","Disarm"],"picked":"Reckless Charge","floor":5},{"not_picked":["Shrug It Off","Hemokinesis"],"picked":"Thunderclap","floor":6},{"not_picked":["Sword Boomerang","Perfected Strike"],"picked":"Metallicize","floor":7},{"not_picked":["Carnage","Shrug It Off+1"],"picked":"Anger","floor":10},{"not_picked":["Clothesline","Thunderclap"],"picked":"Rampage","floor":11}],"player_experience":0,"relics_obtained":[{"floor":6,"key":"Happy Flower"},{"floor":9,"key":"Toxic Egg 2"}],"event_choices":[{"damage_healed":0,"gold_gain":0,"player_choice":"Take Wound","damage_taken":0,"relics_obtained":["Golden Idol"],"max_hp_gain":0,"max_hp_loss":0,"event_name":"Golden Idol","floor":3,"gold_loss":0,"cards_obtained":["Injury"]},{"damage_healed":0,"gold_gain":0,"player_choice":"Leave","damage_taken":0,"max_hp_gain":0,"max_hp_loss":0,"event_name":"The Cleric","floor":13,"gold_loss":0},{"damage_healed":0,"gold_gain":0,"cards_transformed":["Strike_R"],"player_choice":"Change","damage_taken":0,"max_hp_gain":0,"max_hp_loss":0,"event_name":"Living Wall","floor":14,"gold_loss":0,"cards_obtained":["Infernal Blade"]}],"is_beta":false,"boss_relics":[],"items_purged_floors":[12],"is_endless":false,"potions_floor_spawned":[1,6],"killed_by":"The Guardian","ascension_level":0}