{"gold_per_floor":[115,134,84,2,64,64,97,97,97,113,73,98,133,146,146,251,251,269,286,286,286,304,304,17,17,89,109,8,8,8,18,18,120,120,136,136,136,155,17,17,47,59,71,102,114,126,138,167,179,191],"floor_reached":51,"playtime":3418,"items_purged":["Defend_P","Strike_P"],"score":891,"play_id":"29b5e488-7dc1-4a10-807c-d29fd0d2215e","local_time":"20190910135725","is_ascension_mode":false,"campfire_choices":[{"data":"Adaptation","floor":6.0,"key":"SMITH"},{"data":"DevaForm","floor":8.0,"key":"SMITH"},{"floor":15.0,"key":"REST"},{"floor":23.0,"key":"REST"},{"floor":25.0,"key":"REST"},{"data":"Vengeance","floor":30.0,"key":"SMITH"},{"data":"Vigilance","floor":32.0,"key":"SMITH"},{"data":"Apotheosis","floor":40.0,"key":"SMITH"},{"floor":42.0,"key":"REST"},{"data":"DeusExMachina","floor":45.0,"key":"SMITH"},{"data":"CrushJoints","floor":47.0,"key":"SMITH"},{"data":"SandsOfTime","floor":49.0,"key":"SMITH"}],"neow_cost":"NONE","seed_source_timestamp":9488015974220,"circlet_count":0,"master_deck":["Defend_P","Defend_P","Defend_P","Eruption","Vigilance+1","SandsOfTime+1","CrushJoints+1","Adaptation+1","DevaForm+1","Establishment","DeceiveReality","Vault","TalkToTheHand+1","Protect","DeusExMachina+1","Consecrate+1","EmptyFist+1","EmptyBody","EmptyMind","Vengeance+1","CutThroughFate+1","Eruption+1","FearNoEvil+1","MasterReality","ThirdEye+1","Swivel+1","Apotheosis+1","Crescendo+1","FlurryOfBlows+1","Perseverance+1"],"special_seed":0,"relics":["PureWater","NeowsBlessing","Ancient Tea Set","Ornamental Fan","WingedGreaves","Molten Egg 2","VioletLotus","Membership Card","Omamori","Eternal Feather","Lee\u0027s Waffle","Calling Bell","Smiling Mask","Blue Candle","Ice Cream","MawBank","Bird Faced Urn","Pear"],"potions_floor_usage":[50,50,50],"damage_taken":[{"damage":0.0,"enemies":"Cultist","floor":1.0,"turns":1.0},{"damage":1.0,"enemies":"Jaw Worm","floor":2.0,"turns":2.0},{"damage":0.0,"enemies":"Gremlin Nob","floor":7.0,"turns":1.0},{"damage":0.0,"enemies":"2 Louse","floor":10.0,"turns":4.0},{"damage":13.0,"enemies":"3 Sentries","floor":12.0,"turns":11.0},{"damage":19.0,"enemies":"Gremlin Nob","floor":13.0,"turns":6.0},{"damage":11.0,"enemies":"Exordium Wildlife","floor":14.0,"turns":7.0},{"damage":0.0,"enemies":"Slime Boss","floor":16.0,"turns":13.0},{"damage":22.0,"enemies":"2 Thieves","floor":18.0,"turns":5.0},{"damage":0.0,"enemies":"Shell Parasite","floor":19.0,"turns":4.0},{"damage":22.0,"enemies":"Snake Plant","floor":22.0,"turns":7.0},{"damage":14.0,"enemies":"Chosen and Byrds","floor":27.0,"turns":10.0},{"damage":0.0,"enemies":"Sentry and Sphere","floor":31.0,"turns":4.0},{"damage":28.0,"enemies":"Automaton","floor":33.0,"turns":11.0},{"damage":21.0,"enemies":"Orb Walker","floor":35.0,"turns":4.0},{"damage":30.0,"enemies":"3 Darklings","floor":38.0,"turns":7.0},{"damage":9.0,"enemies":"Giant Head","floor":41.0,"turns":8.0},{"damage":44.0,"enemies":"4 Shapes","floor":44.0,"turns":5.0},{"damage":19.0,"enemies":"Maw","floor":48.0,"turns":5.0},{"damage":31,"enemies":"Awakened One","floor":50,"turns":16}],"seed_played":"-8951086055552575344","potions_obtained":[{"floor":1.0,"key":"Dexterity Potion"},{"floor":12.0,"key":"LiquidBronze"},{"floor":13.0,"key":"Weak Potion"},{"floor":14.0,"key":"PowerPotion"},{"floor":16.0,"key":"SkillPotion"},{"floor":22.0,"key":"StancePotion"},{"floor":48.0,"key":"PowerPotion"}],"is_trial":false,"path_per_floor":["M","M","?","$","?","R","E","R","T","M","$","E","E","M","R","B",null,"M","M","?","?","M","R","$","R","T","M","$","?","R","M","R","B",null,"M","?","?","M","$","R","E","R","T","M","R","T","R","M","R","B",null],"character_chosen":"WATCHER","items_purchased":["Adaptation","DeceiveReality","Membership Card","EmptyMind","Omamori","Lee\u0027s Waffle","CutThroughFate+1","Apotheosis"],"campfire_rested":4,"item_purchase_floors":[4,11,24,24,24,28,28,39],"current_hp_per_floor":[65,64,64,64,64,64,64,64,64,64,64,51,32,21,40,40,65,43,43,32,32,10,31,31,52,52,38,77,77,77,77,77,49,77,56,56,56,26,26,41,32,68,68,29,44,54,69,52,70,49],"gold":203,"neow_bonus":"THREE_ENEMY_KILL","is_prod":false,"is_daily":false,"chose_seed":false,"campfire_upgraded":8,"win_rate":0.0,"timestamp":1568087845,"path_taken":["M","?","?","$","?","R","E","R","T","M","$","E","E","M","R","BOSS","M","M","?","?","M","R","$","R","T","?","$","?","R","M","R","BOSS","M","?","?","?","$","R","E","R","T","M","R","?","R","M","R","BOSS"],"build_version":"2019-09-09v2","purchased_purges":2,"victory":true,"max_hp_per_floor":[65,65,65,65,65,65,65,65,65,65,65,65,65,65,65,65,65,65,65,70,70,70,70,70,70,70,70,77,77,77,77,77,77,77,77,73,73,73,73,73,73,73,73,73,73,83,83,83,83,83],"card_choices":[{"not_picked":["EmptyFist","BowlingBash"],"picked":"SandsOfTime","floor":1.0},{"not_picked":["Sanctity","CleanseEvil"],"picked":"CrushJoints","floor":2.0},{"not_picked":["EmptyMind","Crescendo"],"picked":"DevaForm","floor":7.0},{"not_picked":["WindmillStrike","BowlingBash"],"picked":"Establishment","floor":10.0},{"not_picked":["DeceiveReality","Meditate"],"picked":"Vault","floor":12.0},{"not_picked":["ClearTheMind","DevaForm"],"picked":"TalkToTheHand","floor":13.0},{"not_picked":["Sanctity","CrushJoints+1"],"picked":"Protect","floor":14.0},{"not_picked":["Brilliance","Vault+1"],"picked":"DeusExMachina","floor":16.0},{"not_picked":["Halt","FlyingSleeves+1"],"picked":"Consecrate+1","floor":18.0},{"not_picked":["FollowUp+1","Tantrum+1"],"picked":"EmptyFist+1","floor":19.0},{"not_picked":["Consecrate+1","Swivel"],"picked":"EmptyBody","floor":22.0},{"not_picked":["FollowUp+1","BowlingBash+1"],"picked":"Vengeance","floor":27.0},{"not_picked":["CutThroughFate+1","Halt","ReachHeaven+1"],"picked":"SKIP","floor":31.0},{"not_picked":["DeusExMachina","Ragnarok+1"],"picked":"MasterReality","floor":33.0},{"not_picked":["EmptyBody","FlyingSleeves+1"],"picked":"ThirdEye+1","floor":35.0},{"not_picked":["Conclude+1","Establishment+1"],"picked":"Swivel+1","floor":38.0},{"not_picked":["FollowUp+1","Consecrate+1"],"picked":"Crescendo+1","floor":41.0},{"not_picked":["MasterReality","CrushJoints+1"],"picked":"FlurryOfBlows+1","floor":44.0},{"not_picked":["Sanctity+1","Halt"],"picked":"Perseverance+1","floor":48.0}],"player_experience":1271146,"relics_obtained":[{"floor":7.0,"key":"Ancient Tea Set"},{"floor":9.0,"key":"Ornamental Fan"},{"floor":12.0,"key":"WingedGreaves"},{"floor":13.0,"key":"Molten Egg 2"},{"floor":26.0,"key":"Eternal Feather"},{"floor":34.0,"key":"Smiling Mask"},{"floor":34.0,"key":"Blue Candle"},{"floor":34.0,"key":"Ice Cream"},{"floor":41.0,"key":"MawBank"},{"floor":43.0,"key":"Bird Faced Urn"},{"floor":46.0,"key":"Pear"}],"event_choices":[{"cards_removed":["Strike_P"],"damage_healed":0.0,"max_hp_gain":0.0,"max_hp_loss":0.0,"gold_gain":0.0,"event_name":"The Cleric","player_choice":"Card Removal","floor":3.0,"gold_loss":50.0,"damage_taken":0.0},{"damage_healed":0.0,"max_hp_gain":0.0,"max_hp_loss":0.0,"gold_gain":62.0,"event_name":"Golden Wing","player_choice":"Gained Gold","floor":5.0,"gold_loss":0.0,"damage_taken":0.0},{"damage_healed":0.0,"max_hp_gain":5.0,"max_hp_loss":0.0,"gold_gain":0.0,"event_name":"Forgotten Altar","player_choice":"Shed Blood","floor":20.0,"gold_loss":0.0,"damage_taken":16.0},{"cards_removed":["Strike_P"],"damage_healed":0.0,"max_hp_gain":0.0,"max_hp_loss":0.0,"gold_gain":0.0,"event_name":"Bonfire Elementals","player_choice":"Offered Basic","floor":21.0,"gold_loss":0.0,"damage_taken":0.0},{"damage_healed":0.0,"max_hp_gain":0.0,"max_hp_loss":0.0,"gold_gain":0.0,"event_name":"Match and Keep!","player_choice":"2 cards matched","floor":29.0,"gold_loss":0.0,"damage_taken":0.0,"cards_obtained":["Eruption","FearNoEvil"]},{"damage_healed":0.0,"max_hp_gain":0.0,"max_hp_loss":4.0,"gold_gain":0.0,"event_name":"Winding Halls","player_choice":"Max HP","floor":36.0,"gold_loss":0.0,"damage_taken":0.0},{"cards_removed":["Strike_P"],"damage_healed":0.0,"max_hp_gain":0.0,"max_hp_loss":0.0,"gold_gain":0.0,"event_name":"Purifier","player_choice":"Purged","floor":37.0,"gold_loss":0.0,"damage_taken":0.0}],"is_beta":true,"boss_relics":[{"not_picked":["Sozu","Runic Pyramid"],"picked":"VioletLotus"},{"not_picked":["Velvet Choker","Pandora\u0027s Box"],"picked":"Calling Bell"}],"items_purged_floors":[24,39],"is_endless":false,"potions_floor_spawned":[1,12,13,14,16,19,22,48],"ascension_level":0}