{"path_per_floor":["M","M","?","?","?","R","M","M","T","?","R","M","M","M","R"],"character_chosen":"THE_SILENT","items_purchased":[],"gold_per_floor":[116,128,108,108,183,183,201,212,212,162,162,178,194,213,213],"floor_reached":16,"campfire_rested":2,"playtime":705,"current_hp_per_floor":[68,68,68,43,32,53,50,47,47,47,47,47,41,39,70],"items_purged":[],"gold":213,"score":103,"play_id":"38d3a985-61de-4ff4-a5b4-907b540c7838","local_time":"20180322012255","is_prod":false,"is_daily":false,"is_ascension_mode":true,"campfire_upgraded":1,"timestamp":1521696175,"path_taken":["M","M","?","?","?","R","M","M","T","?","R","M","M","M","R","BOSS"],"build_version":"2018-03-15v3","purchased_purges":0,"victory":false,"master_deck":["Defend_G","Defend_G","Defend_G","Defend_G","Strike_G","Strike_G","Strike_G","Strike_G","Strike_G","Survivor","Neutralize","Poisoned Stab+1","Slice","Leg Sweep","Prepared","Poisoned Stab","Underhanded Strike"],"max_hp_per_floor":[70,70,70,70,70,70,70,70,70,70,70,70,70,70,70],"relics":["Ring of the Snake","Darkstone Periapt","Regal Pillow"],"card_choices":[{"not_picked":["Terror","Bane"],"picked":"Poisoned Stab"},{"not_picked":["Dagger Throw","Backflip"],"picked":"Slice"},{"not_picked":["Cloak And Dagger","Malaise"],"picked":"Leg Sweep"},{"not_picked":["Eviscerate","Infinite Blades"],"picked":"Prepared"},{"not_picked":["Slice","Quick Slash"],"picked":"Poisoned Stab"},{"not_picked":["Prepared","Eviscerate"],"picked":"Underhanded Strike"}],"player_experience":72096,"potions_floor_usage":[16,16,16],"damage_taken":[{"damage":2,"enemies":"Small Slimes","floor":1,"turns":4},{"damage":0,"enemies":"Cultist","floor":2,"turns":4},{"damage":3,"enemies":"Jaw Worm","floor":7,"turns":4},{"damage":3,"enemies":"Looter","floor":8,"turns":4},{"damage":0,"enemies":"Blue Slaver","floor":12,"turns":3},{"damage":6,"enemies":"Exordium Thugs","floor":13,"turns":4},{"damage":2,"enemies":"3 Louse","floor":14,"turns":3},{"damage":94,"enemies":"Slime Boss","floor":16,"turns":11}],"event_choices":[{"event_name":"The Woman in Blue","player_choice":"Bought 1 Potion","floor":3,"damage_taken":0},{"event_name":"Scrap Ooze","player_choice":"success","floor":4,"damage_taken":25},{"event_name":"World of Goop","player_choice":"Gather Gold","floor":5,"damage_taken":0},{"event_name":"The Cleric","player_choice":"Card Removal","floor":10,"damage_taken":0}],"boss_relics":[],"potions_floor_spawned":[1,13],"seed_played":"7273557016548477573","killed_by":"Slime Boss","ascension_level":2,"is_trial":false}