{"gold_per_floor":[109,109,109,23,85,135,135,160,160,160,44,94,94,129,129,200,200,217,232,282,78,53,53],"floor_reached":23,"playtime":573,"items_purged":["Writhe"],"score":386,"play_id":"85a37b28-546d-46e5-8b33-d9de0c7a65a6","local_time":"20190905211054","is_ascension_mode":true,"campfire_choices":[{"data":"Heavy Blade","floor":7.0,"key":"SMITH"},{"floor":10.0,"key":"REST"},{"data":"Demon Form","floor":13.0,"key":"SMITH"},{"floor":15.0,"key":"REST"}],"neow_cost":"PERCENT_DAMAGE","seed_source_timestamp":32324098819393,"circlet_count":0,"master_deck":["AscendersBane","Strike_R","Strike_R","Strike_R","Strike_R","Defend_R","Defend_R","Defend_R","Defend_R","Bash","Demon Form+1","Heavy Blade+1","Immolate","Cleave","Limit Break","Armaments","Carnage","Offering","Flame Barrier+1","True Grit+1","Metallicize"],"special_seed":0,"relics":["Burning Blood","Calipers","SsserpentHead","Juzu Bracelet","Shuriken","Vajra","Runic Pyramid","Mummified Hand"],"potions_floor_usage":[23,23],"damage_taken":[{"damage":12.0,"enemies":"2 Louse","floor":1.0,"turns":4.0},{"damage":1.0,"enemies":"Cultist","floor":5.0,"turns":3.0},{"damage":30.0,"enemies":"Lagavulin","floor":8.0,"turns":6.0},{"damage":56.0,"enemies":"Gremlin Nob","floor":14.0,"turns":5.0},{"damage":48,"enemies":"Hexaghost","floor":16,"turns":7},{"damage":31,"enemies":"3 Byrds","floor":18,"turns":5},{"damage":29,"enemies":"Shell Parasite","floor":19,"turns":4},{"damage":18,"enemies":"Slavers","floor":23,"turns":2}],"seed_played":"-6352740834374119718","potions_obtained":[{"floor":5.0,"key":"Ancient Potion"},{"floor":18,"key":"Swift Potion"}],"is_trial":false,"path_per_floor":["M","?","?","$","M","?","R","E","T","R","$","?","R","E","R","B",null,"M","M","?","$","?","E"],"character_chosen":"IRONCLAD","items_purchased":["Immolate","Rage","Armaments","Metallicize","PowerPotion"],"campfire_rested":2,"item_purchase_floors":[4,11,11,21,21],"current_hp_per_floor":[44,33,33,33,38,43,43,19,19,43,43,80,80,30,54,12,63,38,15,15,15,15,0],"gold":53,"neow_bonus":"THREE_RARE_CARDS","is_prod":false,"is_daily":false,"chose_seed":false,"campfire_upgraded":2,"win_rate":0,"timestamp":1567681854,"path_taken":["M","?","?","$","?","?","R","E","T","R","$","?","R","E","R","BOSS","M","M","?","$","?","E"],"build_version":"2019-07-17","purchased_purges":1,"victory":false,"max_hp_per_floor":[75,75,75,75,75,80,80,80,80,80,80,80,80,80,80,80,80,80,80,80,80,80,80],"card_choices":[{"not_picked":["Dark Embrace","Reaper"],"picked":"Demon Form","floor":0.0},{"not_picked":["Blood for Blood","Clothesline"],"picked":"Heavy Blade","floor":1.0},{"not_picked":["Combust","Thunderclap"],"picked":"Cleave","floor":5.0},{"not_picked":["Thunderclap","Sword Boomerang"],"picked":"Limit Break","floor":8.0},{"not_picked":["Clash","Sever Soul"],"picked":"Carnage","floor":14.0},{"not_picked":["Reaper","Juggernaut"],"picked":"Offering","floor":16},{"not_picked":["Flex","Thunderclap"],"picked":"Flame Barrier+1","floor":18},{"not_picked":["Cleave","Shrug It Off+1"],"picked":"True Grit+1","floor":19}],"player_experience":1243133,"relics_obtained":[{"floor":8.0,"key":"Juzu Bracelet"},{"floor":9.0,"key":"Shuriken"},{"floor":14.0,"key":"Vajra"}],"event_choices":[{"damage_healed":0.0,"max_hp_gain":0.0,"max_hp_loss":0.0,"gold_gain":0.0,"event_name":"Scrap Ooze","player_choice":"Success","floor":2.0,"gold_loss":0.0,"damage_taken":11.0,"relics_obtained":["Calipers"]},{"damage_healed":0.0,"max_hp_gain":0.0,"max_hp_loss":0.0,"gold_gain":0.0,"event_name":"FaceTrader","player_choice":"Trade","floor":3.0,"gold_loss":0.0,"damage_taken":0.0,"relics_obtained":["SsserpentHead"]},{"damage_healed":0.0,"max_hp_gain":5.0,"max_hp_loss":0.0,"gold_gain":0.0,"event_name":"Big Fish","player_choice":"Donut","floor":6.0,"gold_loss":0.0,"damage_taken":0.0},{"cards_removed":["Rage"],"damage_healed":37.0,"max_hp_gain":0.0,"max_hp_loss":0.0,"gold_gain":0.0,"event_name":"Bonfire Elementals","player_choice":"Offered Uncommon","floor":12.0,"gold_loss":0.0,"damage_taken":0.0},{"damage_healed":0,"gold_gain":0,"player_choice":"Opened","damage_taken":0,"relics_obtained":["Mummified Hand"],"max_hp_gain":0,"max_hp_loss":0,"event_name":"The Mausoleum","floor":20,"gold_loss":0,"cards_obtained":["Writhe"]},{"cards_removed":["Strike_R"],"damage_healed":0,"gold_gain":0,"player_choice":"Gave Gold","damage_taken":0,"max_hp_gain":0,"max_hp_loss":0,"event_name":"Beggar","floor":22,"gold_loss":75}],"is_beta":false,"boss_relics":[{"not_picked":["Runic Cube","Black Star"],"picked":"Runic Pyramid"}],"items_purged_floors":[21],"is_endless":false,"potions_floor_spawned":[5,18],"killed_by":"Slavers","ascension_level":20}