{"gold_per_floor":[99,99,99,99,99,99,99,99,99,99,99,99,99,99,99,99,99,99,99,99,99,99,99,99,99,99,99,24,24,24,24,24,24],"floor_reached":33,"playtime":1497,"items_purged":[],"score":397,"play_id":"568e45c8-86d4-4690-81db-7d2a0c0efe98","local_time":"20180726145528","is_ascension_mode":true,"campfire_choices":[{"data":"Double Tap","floor":13,"key":"SMITH"},{"floor":15,"key":"REST"},{"floor":23,"key":"REST"},{"floor":25,"key":"REST"},{"floor":32,"key":"REST"}],"neow_cost":"NONE","seed_source_timestamp":1279865622886651,"circlet_count":0,"master_deck":["Strike_R+1","Strike_R","Strike_R","Strike_R","Strike_R","Defend_R","Defend_R","Defend_R","Bash+1","Flame Barrier","Shrug It Off","Fire Breathing","Cleave","Cleave","Clash","Double Tap+1","Armaments","Sentinel+1","Perfected Strike","Shockwave"],"relics":["Ectoplasm","Whetstone","Mercury Hourglass","Pen Nib","Pear","Philosopher\u0027s Stone","Orichalcum","Self Forming Clay","Champion Belt"],"potions_floor_usage":[16,16,16,16,16,16,24,24,33,33,33],"damage_taken":[{"damage":6,"enemies":"2 Louse","floor":1,"turns":3},{"damage":2,"enemies":"Jaw Worm","floor":2,"turns":3},{"damage":0,"enemies":"Cultist","floor":3,"turns":3},{"damage":8,"enemies":"Gremlin Gang","floor":4,"turns":5},{"damage":8,"enemies":"Exordium Thugs","floor":5,"turns":5},{"damage":5,"enemies":"3 Sentries","floor":6,"turns":4},{"damage":0,"enemies":"3 Louse","floor":8,"turns":2},{"damage":1,"enemies":"Large Slime","floor":10,"turns":4},{"damage":0,"enemies":"Lots of Slimes","floor":11,"turns":2},{"damage":8,"enemies":"Gremlin Nob","floor":12,"turns":3},{"damage":0,"enemies":"3 Louse","floor":14,"turns":1},{"damage":2,"enemies":"Hexaghost","floor":16,"turns":6},{"damage":8,"enemies":"Spheric Guardian","floor":18,"turns":3},{"damage":4,"enemies":"Shell Parasite","floor":19,"turns":3},{"damage":20,"enemies":"Centurion and Healer","floor":20,"turns":5},{"damage":25,"enemies":"Snake Plant","floor":21,"turns":3},{"damage":7,"enemies":"Snecko","floor":22,"turns":3},{"damage":29,"enemies":"Slavers","floor":24,"turns":4},{"damage":23,"enemies":"Gremlin Leader","floor":27,"turns":5},{"damage":0,"enemies":"Centurion and Healer","floor":31,"turns":4},{"damage":61,"enemies":"Champ","floor":33,"turns":7}],"seed_played":"5480823761223162618","potions_obtained":[{"floor":1,"key":"Poison Potion"},{"floor":4,"key":"GamblersBrew"},{"floor":10,"key":"Block Potion"},{"floor":11,"key":"EntropicBrew"},{"floor":21,"key":"FearPotion"},{"floor":22,"key":"LiquidBronze"},{"floor":24,"key":"EssenceOfSteel"},{"floor":27,"key":"SkillPotion"},{"floor":31,"key":"SkillPotion"}],"is_trial":false,"path_per_floor":["M","M","M","M","M","E","?","M","T","M","M","E","R","M","R","B",null,"M","M","M","M","M","R","E","R","T","E","?","$","?","M","R"],"character_chosen":"IRONCLAD","items_purchased":[],"campfire_rested":4,"item_purchase_floors":[],"current_hp_per_floor":[66,64,64,56,48,43,31,31,31,30,30,32,32,32,59,57,82,74,70,50,25,18,45,16,43,43,20,20,20,20,20,47,0],"gold":24,"neow_bonus":"BOSS_RELIC","is_prod":false,"is_daily":false,"chose_seed":false,"campfire_upgraded":1,"win_rate":0,"timestamp":1532631328,"path_taken":["M","M","M","M","M","E","?","M","T","?","M","E","R","?","R","BOSS","M","M","M","M","M","R","E","R","T","E","?","?","?","?","R","BOSS"],"build_version":"2018-07-19v2","purchased_purges":0,"victory":false,"max_hp_per_floor":[80,80,80,80,80,80,80,80,80,80,80,90,90,90,90,90,90,90,90,90,90,90,90,90,90,90,90,90,90,90,90,90,90],"card_choices":[{"not_picked":["Sentinel","Rampage"],"picked":"Flame Barrier","floor":1},{"not_picked":["Hemokinesis","Heavy Blade"],"picked":"Shrug It Off","floor":2},{"not_picked":["Sever Soul","Warcry"],"picked":"Fire Breathing","floor":3},{"not_picked":["Hemokinesis","Headbutt"],"picked":"Cleave","floor":4},{"not_picked":["Perfected Strike","Hemokinesis"],"picked":"Cleave","floor":5},{"not_picked":["Rupture","Reckless Charge"],"picked":"Clash","floor":6},{"not_picked":["Dual Wield","Whirlwind","Immolate"],"picked":"SKIP","floor":8},{"not_picked":["Shrug It Off","Sever Soul","Rupture"],"picked":"SKIP","floor":10},{"not_picked":["Battle Trance","Fire Breathing","Shrug It Off"],"picked":"SKIP","floor":11},{"not_picked":["Thunderclap","Bloodletting"],"picked":"Double Tap","floor":12},{"not_picked":["Battle Trance","Sever Soul","Anger"],"picked":"SKIP","floor":14},{"not_picked":["True Grit","Iron Wave"],"picked":"Armaments","floor":18},{"not_picked":["Pummel","Anger"],"picked":"Sentinel+1","floor":19},{"not_picked":["Shrug It Off","Havoc"],"picked":"Perfected Strike","floor":20},{"not_picked":["Warcry","Clothesline","True Grit"],"picked":"SKIP","floor":21},{"not_picked":["Disarm+1","Iron Wave","Carnage"],"picked":"SKIP","floor":22},{"not_picked":["Evolve+1","Feel No Pain","Flex"],"picked":"SKIP","floor":24},{"not_picked":["Combust","Evolve","Double Tap"],"picked":"SKIP","floor":27},{"not_picked":["Clothesline","Hemokinesis+1"],"picked":"Shockwave","floor":31}],"player_experience":320788,"relics_obtained":[{"floor":6,"key":"Whetstone"},{"floor":9,"key":"Pen Nib"},{"floor":12,"key":"Pear"},{"floor":24,"key":"Orichalcum"},{"floor":26,"key":"Self Forming Clay"},{"floor":27,"key":"Champion Belt"}],"event_choices":[{"event_name":"Scrap Ooze","player_choice":"success","floor":7,"damage_taken":12},{"event_name":"Beggar","player_choice":"Gave Gold","floor":28,"damage_taken":0},{"event_name":"Golden Shrine","player_choice":"Pray","floor":30,"damage_taken":0}],"is_beta":false,"boss_relics":[{"not_picked":["Velvet Choker","Pandora\u0027s Box"],"picked":"Philosopher\u0027s Stone"}],"items_purged_floors":[],"is_endless":false,"potions_floor_spawned":[1,4,10,11,21,22,24,27,31],"killed_by":"Champ","ascension_level":6}