{"gold_per_floor":[369,369,369,379,405,433,0,13,13,24,38,51,51,0,0,74,74,57,57,67,67,67,67,67,30,30,30,43,43,56,75,75,152,152,172,62,75,85,95,95,125,125,125,125,125],"floor_reached":45,"playtime":2101,"items_purged":["Strike_B"],"score":804,"play_id":"a786f7e1-60f9-45bb-82a4-b10601e2d072","local_time":"20190722065446","is_ascension_mode":true,"campfire_choices":[{"floor":13,"key":"REST"},{"floor":15,"key":"REST"},{"floor":23,"key":"REST"},{"data":"Defragment","floor":29,"key":"SMITH"},{"floor":32,"key":"REST"},{"data":"Echo Form","floor":40,"key":"SMITH"},{"data":"Defragment","floor":42,"key":"SMITH"},{"data":"Defragment","floor":44,"key":"SMITH"}],"neow_cost":"PERCENT_DAMAGE","seed_source_timestamp":0,"circlet_count":0,"master_deck":["AscendersBane","Defend_B","Defend_B","Defend_B+1","Zap","Dualcast","BootSequence","Capacitor+1","Chill+1","Undo","Defragment+1","Cold Snap","Auto Shields","White Noise","Hologram","Streamline","White Noise","Echo Form+1","Go for the Eyes","Defragment+1","Compile Driver","Multi-Cast","Storm","Defragment+1","Cold Snap","Stack","Seek","Conserve Battery","Parasite","Coolheaded+1","Sweeping Beam"],"special_seed":0,"relics":["Cracked Core","Bag of Marbles","Blue Candle","Blood Vial","Pantograph","Busted Crown","Meat on the Bone","Ancient Tea Set","Eternal Feather","Letter Opener","Smiling Mask"],"potions_floor_usage":[13,28,33,35,39],"damage_taken":[{"damage":0.0,"enemies":"2 Louse","floor":1.0,"turns":2.0},{"damage":0.0,"enemies":"Small Slimes","floor":4.0,"turns":4.0},{"damage":18.0,"enemies":"Lagavulin","floor":6.0,"turns":9.0},{"damage":0.0,"enemies":"Jaw Worm","floor":8.0,"turns":5.0},{"damage":0.0,"enemies":"Exordium Thugs","floor":10.0,"turns":8.0},{"damage":3.0,"enemies":"Large Slime","floor":11.0,"turns":4.0},{"damage":0.0,"enemies":"Looter","floor":12.0,"turns":2.0},{"damage":28,"enemies":"Hexaghost","floor":16,"turns":12},{"damage":21,"enemies":"2 Thieves","floor":18,"turns":5},{"damage":31,"enemies":"3 Byrds","floor":20,"turns":5},{"damage":11,"enemies":"Centurion and Healer","floor":28,"turns":7},{"damage":0,"enemies":"Snecko","floor":30,"turns":8},{"damage":10,"enemies":"Shelled Parasite and Fungi","floor":31,"turns":7},{"damage":33,"enemies":"Champ","floor":33,"turns":15},{"damage":17,"enemies":"3 Shapes","floor":35,"turns":6},{"damage":17,"enemies":"Orb Walker","floor":37,"turns":5},{"damage":41,"enemies":"Writhing Mass","floor":38,"turns":7},{"damage":32,"enemies":"4 Shapes","floor":39,"turns":7},{"damage":13,"enemies":"Giant Head","floor":41,"turns":11},{"damage":86,"enemies":"Transient","floor":45,"turns":5}],"seed_played":"2322604399730943800","potions_obtained":[{"floor":6.0,"key":"AttackPotion"},{"floor":8.0,"key":"Fruit Juice"},{"floor":11.0,"key":"SkillPotion"},{"floor":16,"key":"FairyPotion"},{"floor":20,"key":"SkillPotion"},{"floor":30,"key":"Weak Potion"},{"floor":33,"key":"Energy Potion"},{"floor":37,"key":"Explosive Potion"}],"is_trial":false,"path_per_floor":["M","?","?","M","T","E","$","M","T","M","M","M","R","?","R","B",null,"M","?","M","?","$","R","?","$","T","?","M","R","M","M","R","B",null,"M","?","M","M","M","R","E","R","T","R","M"],"character_chosen":"DEFECT","items_purchased":["Defragment","Cold Snap","Blood Vial","Auto Shields","Defragment"],"campfire_rested":4,"item_purchase_floors":[7,7,7,7,25],"current_hp_per_floor":[46,46,25,25,25,7,7,9,9,11,10,12,39,39,61,48,69,50,50,21,21,21,43,43,43,43,43,46,46,48,40,62,43,68,53,53,50,23,19,37,38,56,56,74,0],"gold":125,"neow_bonus":"TWO_FIFTY_GOLD","is_prod":false,"is_daily":false,"chose_seed":false,"campfire_upgraded":4,"win_rate":0,"timestamp":1563742486,"path_taken":["M","?","?","?","?","E","$","M","T","M","M","M","R","?","R","BOSS","M","?","?","?","?","R","?","?","T","?","M","R","M","M","R","BOSS","M","?","?","M","?","R","E","R","T","R","M"],"build_version":"2019-07-17","purchased_purges":1,"victory":false,"max_hp_per_floor":[71,71,71,71,71,71,71,71,71,71,71,71,76,76,76,76,76,76,76,76,76,76,76,76,76,76,76,76,76,76,76,76,76,76,76,76,76,76,76,76,76,76,76,76,76],"card_choices":[{"not_picked":["Beam Cell","Gash"],"picked":"BootSequence","floor":1.0},{"not_picked":["Reinforced Body","BootSequence"],"picked":"Chill","floor":4.0},{"not_picked":["Rebound","Blizzard"],"picked":"Undo","floor":6.0},{"not_picked":["Beam Cell","Rip and Tear"],"picked":"White Noise","floor":8.0},{"not_picked":["Beam Cell","Reboot"],"picked":"Hologram","floor":10.0},{"not_picked":["Chill","Barrage"],"picked":"Streamline","floor":11.0},{"not_picked":["Go for the Eyes","FTL"],"picked":"White Noise","floor":12.0},{"not_picked":["Multi-Cast","All For One"],"picked":"Echo Form","floor":16},{"not_picked":[],"picked":"Go for the Eyes","floor":18},{"not_picked":[],"picked":"Compile Driver","floor":20},{"not_picked":[],"picked":"Cold Snap","floor":28},{"not_picked":["Steam"],"picked":"SKIP","floor":30},{"not_picked":["Steam"],"picked":"SKIP","floor":30},{"not_picked":[],"picked":"Stack","floor":31},{"not_picked":[],"picked":"Seek","floor":33},{"not_picked":["Go for the Eyes"],"picked":"SKIP","floor":35},{"not_picked":[],"picked":"Conserve Battery","floor":37},{"not_picked":[],"picked":"Coolheaded+1","floor":38},{"not_picked":["Leap"],"picked":"SKIP","floor":39},{"not_picked":[],"picked":"Sweeping Beam","floor":41}],"player_experience":1057269,"relics_obtained":[{"floor":5.0,"key":"Bag of Marbles"},{"floor":6.0,"key":"Blue Candle"},{"floor":9.0,"key":"Pantograph"},{"floor":26,"key":"Meat on the Bone"},{"floor":41,"key":"Letter Opener"},{"floor":43,"key":"Smiling Mask"}],"event_choices":[{"damage_healed":0.0,"max_hp_gain":0.0,"max_hp_loss":0.0,"gold_gain":0.0,"cards_transformed":["Strike_B"],"event_name":"Living Wall","player_choice":"Change","floor":2.0,"gold_loss":0.0,"damage_taken":0.0,"cards_obtained":["Capacitor"]},{"damage_healed":0.0,"max_hp_gain":0.0,"max_hp_loss":0.0,"gold_gain":0.0,"event_name":"Shining Light","player_choice":"Entered Light","floor":3.0,"gold_loss":0.0,"damage_taken":21.0,"cards_upgraded":["Defend_B","Capacitor"]},{"damage_healed":0,"gold_gain":0,"player_choice":"Left Gold","damage_taken":0,"max_hp_gain":0,"max_hp_loss":0,"event_name":"World of Goop","floor":14,"gold_loss":51},{"damage_healed":0,"gold_gain":0,"player_choice":"Copied","damage_taken":0,"max_hp_gain":0,"max_hp_loss":0,"event_name":"Duplicator","floor":19,"gold_loss":0,"cards_obtained":["Defragment"]},{"cards_removed":["Strike_B"],"damage_healed":0,"gold_gain":0,"player_choice":"Purged","damage_taken":0,"max_hp_gain":0,"max_hp_loss":0,"event_name":"Purifier","floor":21,"gold_loss":0},{"damage_healed":0,"gold_gain":0,"cards_transformed":["Strike_B","Defend_B"],"player_choice":"Became Test Subject","damage_taken":0,"max_hp_gain":0,"max_hp_loss":0,"event_name":"Drug Dealer","floor":24,"gold_loss":0,"cards_obtained":["Multi-Cast","Storm"]},{"damage_healed":0,"gold_gain":0,"player_choice":"Stole Relic","damage_taken":0,"relics_obtained":["Ancient Tea Set"],"max_hp_gain":0,"max_hp_loss":0,"event_name":"Addict","floor":27,"gold_loss":0,"cards_obtained":["Shame"]},{"cards_removed":["Shame"],"damage_healed":0,"gold_gain":0,"player_choice":"Upgrade and Remove","damage_taken":0,"max_hp_gain":0,"max_hp_loss":0,"event_name":"Designer","floor":36,"gold_loss":110,"cards_upgraded":["Chill"]}],"is_beta":false,"boss_relics":[{"not_picked":["Runic Dome","Astrolabe"],"picked":"Busted Crown"},{"not_picked":["Tiny House","Philosopher\u0027s Stone"],"picked":"Eternal Feather"}],"items_purged_floors":[7],"is_endless":false,"potions_floor_spawned":[6,8,11,16,20,30,33,37],"killed_by":"Transient","ascension_level":15}