{"gold_per_floor":[112,128,179,34,34,66,66,85,155,155,167,181,191,216,216,312,312],"floor_reached":17,"playtime":1113,"items_purged":[],"score":175,"play_id":"bbcfad5b-b443-4cb9-b6f1-baf37f6646f0","local_time":"20190709164629","is_ascension_mode":true,"campfire_choices":[{"floor":7,"key":"RECALL"},{"data":"Infernal Blade","floor":10,"key":"SMITH"},{"data":"Immolate","floor":15,"key":"SMITH"}],"neow_cost":"TEN_PERCENT_HP_LOSS","seed_source_timestamp":107650617924836,"circlet_count":0,"master_deck":["Strike_R","Strike_R","Strike_R","Strike_R","Strike_R","Defend_R","Defend_R","Defend_R","Defend_R","Bash","Flex+1","Infernal Blade+1","Thunderclap","Immolate+1"],"relics":["Burning Blood","FossilizedHelix","Omamori","Pen Nib","Ornamental Fan","Bird Faced Urn"],"potions_floor_usage":[16],"damage_taken":[{"damage":0,"enemies":"Cultist","floor":1,"turns":3},{"damage":0,"enemies":"Jaw Worm","floor":2,"turns":3},{"damage":21,"enemies":"3 Sentries","floor":6,"turns":10},{"damage":0,"enemies":"2 Louse","floor":8,"turns":1},{"damage":0,"enemies":"Exordium Wildlife","floor":11,"turns":3},{"damage":0,"enemies":"Looter","floor":12,"turns":1},{"damage":0,"enemies":"Blue Slaver","floor":13,"turns":2},{"damage":10,"enemies":"Gremlin Nob","floor":14,"turns":4},{"damage":61,"enemies":"The Guardian","floor":16,"turns":13}],"seed_played":"4125505690833280477","potions_obtained":[{"floor":1,"key":"Regen Potion"},{"floor":2,"key":"Ancient Potion"},{"floor":14,"key":"Fire Potion"},{"floor":16,"key":"Block Potion"}],"is_trial":false,"path_per_floor":["M","M","T","$","?","E","R","M","T","R","M","M","M","E","R","B",null],"character_chosen":"IRONCLAD","items_purchased":["Omamori"],"campfire_rested":0,"item_purchase_floors":[4],"current_hp_per_floor":[72,72,72,72,72,57,57,63,63,63,69,72,72,68,68,13,13],"gold":312,"neow_bonus":"ONE_RARE_RELIC","is_prod":false,"is_daily":false,"chose_seed":false,"campfire_upgraded":2,"win_rate":0,"timestamp":1562683589,"path_taken":["M","?","?","$","?","E","R","M","T","R","M","?","M","E","R","BOSS"],"build_version":"2019-07-05","purchased_purges":0,"victory":false,"max_hp_per_floor":[72,72,72,72,72,72,72,72,72,72,72,72,72,72,72,72,72],"card_choices":[{"not_picked":["Ghostly Armor","Feel No Pain"],"picked":"Flex","floor":1},{"not_picked":["Flex","Wild Strike","Twin Strike"],"picked":"SKIP","floor":2},{"not_picked":["Intimidate","Corruption"],"picked":"Infernal Blade","floor":6},{"not_picked":["Cleave","Iron Wave","Entrench"],"picked":"SKIP","floor":8},{"not_picked":["Sword Boomerang","Inflame","Body Slam"],"picked":"SKIP","floor":11},{"not_picked":["Perfected Strike","Iron Wave","Dropkick"],"picked":"SKIP","floor":12},{"not_picked":["Body Slam","Heavy Blade"],"picked":"Thunderclap","floor":13},{"not_picked":["Sword Boomerang","Seeing Red"],"picked":"Immolate","floor":14}],"player_experience":24457,"relics_obtained":[{"floor":6,"key":"Pen Nib"},{"floor":9,"key":"Ornamental Fan"},{"floor":14,"key":"Bird Faced Urn"}],"event_choices":[{"damage_healed":0,"gold_gain":0,"player_choice":"Upgraded","damage_taken":0,"max_hp_gain":0,"max_hp_loss":0,"event_name":"Upgrade Shrine","floor":5,"gold_loss":0,"cards_upgraded":["Flex"]}],"is_beta":false,"boss_relics":[],"items_purged_floors":[],"is_endless":false,"potions_floor_spawned":[1,2,14,16],"ascension_level":1}