{"gold_per_floor":[15,15,15,28,45,45],"floor_reached":6,"playtime":266,"items_purged":[],"score":36,"play_id":"18e7ec86-0efd-48fb-8839-9a7c3ab2486a","local_time":"20190328001722","is_ascension_mode":false,"campfire_choices":[],"neow_cost":"NO_GOLD","seed_source_timestamp":49755902312087,"circlet_count":0,"master_deck":["Defend_G","Defend_G","Defend_G","Defend_G","Defend_G","Strike_G","Strike_G","Strike_G","Strike_G","Strike_G","Survivor","Neutralize","Accuracy","Regret","Dodge and Roll","Riddle With Holes","Well Laid Plans","Backstab"],"relics":["Ring of the Snake","Prayer Wheel","Blue Candle","Ninja Scroll"],"potions_floor_usage":[5],"damage_taken":[{"damage":2,"enemies":"Small Slimes","floor":1,"turns":5},{"damage":5,"enemies":"Jaw Worm","floor":4,"turns":4},{"damage":0,"enemies":"Cultist","floor":5,"turns":3},{"damage":70,"enemies":"Lagavulin","floor":6,"turns":11}],"seed_played":"-9072832460434572774","potions_obtained":[{"floor":4,"key":"GamblersBrew"}],"is_trial":false,"path_per_floor":["M","?","?","M","M","E"],"character_chosen":"THE_SILENT","items_purchased":[],"campfire_rested":0,"item_purchase_floors":[],"current_hp_per_floor":[68,68,68,63,63,0],"gold":45,"neow_bonus":"ONE_RARE_RELIC","is_prod":false,"is_daily":false,"chose_seed":false,"campfire_upgraded":0,"win_rate":0,"timestamp":1553696242,"path_taken":["M","?","?","?","M","E"],"build_version":"2019-01-23","purchased_purges":0,"victory":false,"max_hp_per_floor":[70,70,70,70,70,70],"card_choices":[{"not_picked":["Slice","Flying Knee"],"picked":"Accuracy","floor":1},{"not_picked":["Poisoned Stab","Dodge and Roll"],"picked":"Backstab","floor":1},{"not_picked":["Crippling Poison","Catalyst"],"picked":"Dodge and Roll","floor":4},{"not_picked":["Prepared","Riddle With Holes","Poisoned Stab"],"picked":"SKIP","floor":4},{"not_picked":["Prepared","Poisoned Stab"],"picked":"Riddle With Holes","floor":4},{"not_picked":["Bane","Malaise"],"picked":"Well Laid Plans","floor":5},{"not_picked":["Poisoned Stab","PiercingWail"],"picked":"Backstab","floor":5}],"player_experience":216302,"relics_obtained":[],"event_choices":[{"damage_healed":0,"gold_gain":0,"player_choice":"Box","damage_taken":0,"relics_obtained":["Blue Candle"],"max_hp_gain":0,"max_hp_loss":0,"event_name":"Big Fish","floor":2,"gold_loss":0,"cards_obtained":["Regret"]},{"cards_removed":["Backstab"],"damage_healed":0,"gold_gain":0,"player_choice":"Gave Card","damage_taken":0,"relics_obtained":["Ninja Scroll"],"max_hp_gain":0,"max_hp_loss":0,"event_name":"WeMeetAgain","floor":3,"gold_loss":0}],"is_beta":false,"boss_relics":[],"items_purged_floors":[],"is_endless":false,"potions_floor_spawned":[4],"killed_by":"Lagavulin","ascension_level":0}