{"gold_per_floor":[114,125,142,142,157,157,157,185,185,185,211,223,71,84,84,158,158,170,186,203,30,50,50,50,50,50,18,18,47,47,62,62,62],"floor_reached":33,"playtime":2122,"items_purged":[],"score":554,"play_id":"7fdfee07-ba03-4e55-a73e-207c228c5b2a","local_time":"20190428042614","is_ascension_mode":true,"campfire_choices":[{"data":"Finisher","floor":6,"key":"SMITH"},{"data":"Neutralize","floor":10,"key":"SMITH"},{"data":"Glass Knife","floor":15,"key":"SMITH"},{"floor":23,"key":"REST"},{"data":"Malaise","floor":25,"key":"SMITH"},{"floor":28,"key":"REST"},{"floor":32,"key":"REST"}],"neow_cost":"NONE","seed_source_timestamp":322879525225544,"circlet_count":0,"master_deck":["AscendersBane","Defend_G","Defend_G","Defend_G","Defend_G","Defend_G","Strike_G","Strike_G","Strike_G","Strike_G","Strike_G","Survivor","Neutralize+1","Dagger Spray","Flying Knee","Finisher+1","Underhanded Strike","Phantasmal Killer","Dash","Glass Knife+1","Noxious Fumes","Malaise+1","Blur","Terror","Deflect","Footwork"],"relics":["Ring of the Snake","Blood Vial","Ancient Tea Set","Darkstone Periapt","Ornamental Fan","Juzu Bracelet","Sozu","Bag of Marbles","WarpedTongs","The Courier","Happy Flower"],"potions_floor_usage":[8,11,16,18],"damage_taken":[{"damage":1,"enemies":"Cultist","floor":1,"turns":4},{"damage":1,"enemies":"Small Slimes","floor":2,"turns":3},{"damage":0,"enemies":"2 Louse","floor":3,"turns":3},{"damage":1,"enemies":"Exordium Thugs","floor":5,"turns":4},{"damage":5,"enemies":"3 Sentries","floor":8,"turns":5},{"damage":25,"enemies":"Lagavulin","floor":11,"turns":9},{"damage":0,"enemies":"Red Slaver","floor":12,"turns":4},{"damage":10,"enemies":"Gremlin Gang","floor":14,"turns":5},{"damage":19,"enemies":"Slime Boss","floor":16,"turns":9},{"damage":10,"enemies":"2 Thieves","floor":18,"turns":5},{"damage":16,"enemies":"Shell Parasite","floor":19,"turns":5},{"damage":3,"enemies":"Snecko","floor":20,"turns":4},{"damage":23,"enemies":"3 Cultists","floor":22,"turns":5},{"damage":33,"enemies":"Slavers","floor":29,"turns":8},{"damage":7,"enemies":"Snake Plant","floor":31,"turns":5},{"damage":49,"enemies":"Collector","floor":33,"turns":11}],"seed_played":"5948037797772947930","potions_obtained":[{"floor":5,"key":"Fire Potion"},{"floor":8,"key":"Dexterity Potion"},{"floor":12,"key":"SkillPotion"},{"floor":14,"key":"FearPotion"}],"is_trial":false,"path_per_floor":["M","M","M","T","M","R","?","E","T","R","E","M","$","M","R","B",null,"M","M","M","$","M","R","?","R","T","$","R","E","?","M","R","B"],"character_chosen":"THE_SILENT","items_purchased":["Glass Knife","Noxious Fumes","Bag of Marbles","Footwork"],"campfire_rested":3,"item_purchase_floors":[13,13,21,27],"current_hp_per_floor":[60,61,63,63,64,64,64,61,61,61,38,40,40,32,32,15,53,45,31,30,30,9,28,34,34,34,34,55,24,24,19,40,0],"gold":62,"neow_bonus":"RANDOM_COMMON_RELIC","is_prod":false,"is_daily":false,"chose_seed":false,"campfire_upgraded":4,"win_rate":0,"timestamp":1556439974,"path_taken":["M","M","M","?","M","R","?","E","T","R","E","M","$","M","R","BOSS","M","M","M","$","M","R","?","R","T","?","R","E","?","M","R","BOSS"],"build_version":"2019-01-23","purchased_purges":0,"victory":false,"max_hp_per_floor":[66,66,66,66,66,66,66,66,66,66,66,66,66,66,66,66,66,66,66,66,66,66,66,72,72,72,72,72,72,72,72,72,72],"card_choices":[{"not_picked":["Poisoned Stab","Blade Dance"],"picked":"Dagger Spray","floor":1},{"not_picked":["Escape Plan","Blur"],"picked":"Flying Knee","floor":2},{"not_picked":["Terror","Calculated Gamble"],"picked":"Finisher","floor":3},{"not_picked":["Acrobatics","Blur"],"picked":"Underhanded Strike","floor":5},{"not_picked":["Acrobatics","Outmaneuver"],"picked":"Phantasmal Killer","floor":8},{"not_picked":["Finisher","Night Terror","Deadly Poison"],"picked":"SKIP","floor":11},{"not_picked":["Dagger Spray","Flying Knee"],"picked":"Dash","floor":12},{"not_picked":["Skewer","Poisoned Stab","Deadly Poison"],"picked":"SKIP","floor":14},{"not_picked":["Glass Knife","Tools of the Trade"],"picked":"Malaise","floor":16},{"not_picked":["Deflect","Flechettes"],"picked":"Blur","floor":18},{"not_picked":["Flying Knee","Flechettes"],"picked":"Terror","floor":19},{"not_picked":["Setup","Caltrops"],"picked":"Deflect","floor":20},{"not_picked":["Dagger Spray","Poisoned Stab","Outmaneuver"],"picked":"SKIP","floor":22},{"not_picked":["Blade Dance","Noxious Fumes","Dagger Spray"],"picked":"SKIP","floor":29},{"not_picked":["Outmaneuver+1","Poisoned Stab","Quick Slash"],"picked":"SKIP","floor":31}],"player_experience":1289840,"relics_obtained":[{"floor":4,"key":"Ancient Tea Set"},{"floor":8,"key":"Darkstone Periapt"},{"floor":9,"key":"Ornamental Fan"},{"floor":11,"key":"Juzu Bracelet"},{"floor":26,"key":"The Courier"},{"floor":29,"key":"Happy Flower"}],"event_choices":[{"damage_healed":0,"gold_gain":0,"player_choice":"Ignored","damage_taken":0,"max_hp_gain":0,"max_hp_loss":0,"event_name":"Liars Game","floor":7,"gold_loss":0},{"damage_healed":0,"gold_gain":0,"player_choice":"Rummage","damage_taken":0,"relics_obtained":["WarpedTongs"],"max_hp_gain":0,"max_hp_loss":0,"event_name":"Accursed Blacksmith","floor":24,"gold_loss":0,"cards_obtained":["Pain"]},{"cards_removed":["Pain"],"damage_healed":0,"gold_gain":0,"player_choice":"Purged","damage_taken":0,"max_hp_gain":0,"max_hp_loss":0,"event_name":"Purifier","floor":30,"gold_loss":0}],"is_beta":false,"boss_relics":[{"not_picked":["WristBlade","Runic Dome"],"picked":"Sozu"}],"items_purged_floors":[],"is_endless":false,"potions_floor_spawned":[5,8,12,14,18,22,31],"killed_by":"Collector","ascension_level":20}