{"gold_per_floor":[14,14,14,30,41,76,76,105,159,209,225,225,244,263,263,341,341,356,371,27,47,47,47,81,81,81,98,118,118,147,147,147,147],"floor_reached":33,"playtime":1543,"items_purged":["Strike_B"],"score":520,"play_id":"9e13ea37-fe64-4fc1-9131-bfa9c88cf813","local_time":"20190722022547","is_ascension_mode":true,"campfire_choices":[{"floor":7.0,"key":"REST"},{"floor":12.0,"key":"REST"},{"data":"Defragment","floor":15.0,"key":"SMITH"},{"data":"Hyperbeam","floor":23.0,"key":"SMITH"},{"floor":29.0,"key":"REST"},{"data":"Defragment","floor":32.0,"key":"SMITH"}],"neow_cost":"NO_GOLD","seed_source_timestamp":0,"circlet_count":0,"master_deck":["AscendersBane","Strike_B+1","Strike_B+1","Defend_B+1","Defend_B+1","Defend_B+1","Defend_B+1","Zap","Dualcast","Hyperbeam+1","Compile Driver","Self Repair","Sweeping Beam","Chill","Cold Snap","Self Repair","Stack","Defragment+1","Echo Form","Coolheaded+1","White Noise","Defragment+1","Defragment","J.A.X.","Recycle","Redo+1","Hologram","Double Energy+1"],"special_seed":0,"relics":["Cracked Core","Bottled Tornado","PreservedInsect","Boot","Snecko Eye","OrangePellets","Unceasing Top","Singing Bowl","Darkstone Periapt"],"potions_floor_usage":[],"damage_taken":[{"damage":2.0,"enemies":"Jaw Worm","floor":1.0,"turns":3.0},{"damage":2.0,"enemies":"Small Slimes","floor":4.0,"turns":3.0},{"damage":6.0,"enemies":"Cultist","floor":5.0,"turns":3.0},{"damage":40.0,"enemies":"Gremlin Nob","floor":6.0,"turns":4.0},{"damage":18.0,"enemies":"Lagavulin","floor":8.0,"turns":7.0},{"damage":1.0,"enemies":"2 Fungi Beasts","floor":11.0,"turns":2.0},{"damage":9.0,"enemies":"Blue Slaver","floor":13.0,"turns":4.0},{"damage":12.0,"enemies":"Gremlin Gang","floor":14.0,"turns":2.0},{"damage":48.0,"enemies":"Slime Boss","floor":16.0,"turns":10.0},{"damage":10.0,"enemies":"Spheric Guardian","floor":18.0,"turns":4.0},{"damage":0.0,"enemies":"3 Byrds","floor":19.0,"turns":2.0},{"damage":28.0,"enemies":"Cultist and Chosen","floor":21.0,"turns":6.0},{"damage":25.0,"enemies":"Book of Stabbing","floor":24.0,"turns":4.0},{"damage":35.0,"enemies":"Centurion and Healer","floor":27.0,"turns":7.0},{"damage":11.0,"enemies":"Snecko","floor":28.0,"turns":8.0},{"damage":12.0,"enemies":"Slavers","floor":30.0,"turns":3.0},{"damage":50,"enemies":"Automaton","floor":33,"turns":6}],"seed_played":"-4897478360129596816","potions_obtained":[{"floor":5.0,"key":"Explosive Potion"},{"floor":6.0,"key":"LiquidBronze"},{"floor":18.0,"key":"LiquidBronze"},{"floor":19.0,"key":"Regen Potion"},{"floor":28.0,"key":"Poison Potion"}],"is_trial":false,"path_per_floor":["M","$","?","M","M","E","R","E","T","?","M","R","M","M","R","B",null,"M","M","$","M","?","R","E","?","T","M","M","R","E","?","R","B"],"character_chosen":"DEFECT","items_purchased":["OrangePellets","Defragment"],"campfire_rested":3,"item_purchase_floors":[20,20],"current_hp_per_floor":[62,62,62,60,61,28,49,38,38,31,37,58,63,65,65,31,61,65,65,65,53,53,53,49,49,49,21,31,52,47,47,47,0],"gold":147,"neow_bonus":"THREE_RARE_CARDS","is_prod":false,"is_daily":false,"chose_seed":false,"campfire_upgraded":3,"win_rate":0,"timestamp":1563726347,"path_taken":["M","$","?","M","M","E","R","E","T","?","M","R","M","?","R","BOSS","M","M","$","M","?","R","E","?","T","M","?","R","E","?","R","BOSS"],"build_version":"2019-07-17","purchased_purges":1,"victory":false,"max_hp_per_floor":[71,71,71,71,71,71,71,71,71,71,71,71,71,71,71,71,71,71,71,71,71,71,71,71,71,71,71,71,71,71,71,71,71],"card_choices":[{"not_picked":["Amplify","Electrodynamics"],"picked":"Hyperbeam","floor":0.0},{"not_picked":["Streamline","Barrage"],"picked":"Compile Driver","floor":1.0},{"not_picked":["Compile Driver","Rebound"],"picked":"Sweeping Beam","floor":4.0},{"not_picked":["Redo","Thunder Strike"],"picked":"Chill","floor":5.0},{"not_picked":["Blizzard","Streamline"],"picked":"Beam Cell","floor":6.0},{"not_picked":["Leap","Compile Driver"],"picked":"Cold Snap","floor":8.0},{"not_picked":["Sweeping Beam","Turbo"],"picked":"Self Repair","floor":11.0},{"not_picked":["Sweeping Beam","Leap"],"picked":"Stack","floor":13.0},{"not_picked":["Reinforced Body","Hologram"],"picked":"Defragment","floor":14.0},{"not_picked":["Rainbow","Fission"],"picked":"Echo Form","floor":16.0},{"not_picked":["Heatsinks","Reinforced Body"],"picked":"Coolheaded+1","floor":18.0},{"not_picked":["Steam","Redo"],"picked":"White Noise","floor":19.0},{"not_picked":["Go for the Eyes","Recycle"],"picked":"Defragment","floor":21.0},{"not_picked":["BootSequence","Steam"],"picked":"Recycle","floor":24.0},{"not_picked":["Defragment","Steam"],"picked":"Redo+1","floor":27.0},{"not_picked":["Go for the Eyes","Melter+1"],"picked":"Hologram","floor":28.0},{"not_picked":["Sweeping Beam","Rebound"],"picked":"Double Energy+1","floor":30.0}],"player_experience":1045252,"relics_obtained":[{"floor":6.0,"key":"Bottled Tornado"},{"floor":8.0,"key":"PreservedInsect"},{"floor":9.0,"key":"Boot"},{"floor":24.0,"key":"Unceasing Top"},{"floor":26.0,"key":"Singing Bowl"},{"floor":30.0,"key":"Darkstone Periapt"}],"event_choices":[{"damage_healed":0.0,"max_hp_gain":0.0,"max_hp_loss":0.0,"gold_gain":0.0,"cards_transformed":["Strike_B"],"event_name":"Living Wall","player_choice":"Change","floor":3.0,"gold_loss":0.0,"damage_taken":0.0,"cards_obtained":["Self Repair"]},{"damage_healed":0.0,"max_hp_gain":0.0,"max_hp_loss":0.0,"gold_gain":50.0,"event_name":"FaceTrader","player_choice":"Touch","floor":10.0,"gold_loss":0.0,"damage_taken":7.0},{"damage_healed":0.0,"max_hp_gain":0.0,"max_hp_loss":0.0,"gold_gain":0.0,"event_name":"Drug Dealer","player_choice":"Obtain J.A.X.","floor":22.0,"gold_loss":0.0,"damage_taken":0.0,"cards_obtained":["J.A.X."]},{"cards_removed":["Beam Cell"],"damage_healed":0.0,"max_hp_gain":0.0,"max_hp_loss":0.0,"gold_gain":0.0,"event_name":"Purifier","player_choice":"Purged","floor":25.0,"gold_loss":0.0,"damage_taken":0.0},{"damage_healed":0.0,"max_hp_gain":0.0,"max_hp_loss":0.0,"gold_gain":0.0,"event_name":"Back to Basics","player_choice":"Simplicity","floor":31.0,"gold_loss":0.0,"damage_taken":0.0,"cards_upgraded":["Strike_B","Strike_B","Defend_B","Defend_B","Defend_B","Defend_B"]}],"is_beta":false,"boss_relics":[{"not_picked":["Fusion Hammer","Lizard Tail"],"picked":"Snecko Eye"}],"items_purged_floors":[20],"is_endless":false,"potions_floor_spawned":[5,6,13,18,19,28],"killed_by":"Automaton","ascension_level":15}