{"gold_per_floor":[114,128,145,165,178,178,240,240,308,365,397,409,9,29,29,101,101,114,114,134,409,429,429,442,470,494,494,505,57,89,100,100,177,177,196,211,227,238,238,273,273],"floor_reached":41,"playtime":2635,"items_purged":["Regret"],"score":946,"play_id":"b448a36e-c1b1-4295-8936-fbd407f38b59","local_time":"20190714062942","is_ascension_mode":true,"campfire_choices":[{"data":"Neutralize","floor":6,"key":"SMITH"},{"floor":12,"key":"REST"},{"data":"Catalyst","floor":15,"key":"SMITH"},{"floor":23,"key":"REST"},{"data":"Adrenaline","floor":27,"key":"SMITH"},{"data":"Sucker Punch","floor":32,"key":"SMITH"}],"neow_cost":"NONE","seed_source_timestamp":13025349321044,"circlet_count":0,"master_deck":["AscendersBane","Strike_G","Strike_G","Strike_G","Strike_G","Strike_G","Defend_G+1","Defend_G","Defend_G+1","Defend_G","Defend_G","Survivor","Neutralize+1","Dagger Throw","Cloak And Dagger","Sucker Punch+1","Dagger Spray","Poisoned Stab","Flechettes","Catalyst+1","Quick Slash","Adrenaline+1","Noxious Fumes","Poisoned Stab","Night Terror","RitualDagger","Noxious Fumes","Crippling Poison+1","Acrobatics+1","Outmaneuver+1","Well Laid Plans+1","Leg Sweep","PiercingWail","Crippling Poison","Doppelganger","Bouncing Flask","Crippling Poison+1","Parasite"],"relics":["Velvet Choker","Tiny Chest","Kunai","FossilizedHelix","MawBank","Meat on the Bone","Snecko Eye","Frozen Egg 2","Art of War","Membership Card","Bottled Lightning","Bag of Preparation","Lizard Tail","Blue Candle"],"potions_floor_usage":[7,7,14,16,22,25,33,40],"damage_taken":[{"damage":1,"enemies":"Cultist","floor":1,"turns":5},{"damage":1,"enemies":"Jaw Worm","floor":2,"turns":5},{"damage":3,"enemies":"Small Slimes","floor":3,"turns":4},{"damage":0,"enemies":"3 Louse","floor":4,"turns":4},{"damage":0,"enemies":"2 Fungi Beasts","floor":5,"turns":3},{"damage":19,"enemies":"Lagavulin","floor":7,"turns":5},{"damage":1,"enemies":"3 Sentries","floor":10,"turns":8},{"damage":15,"enemies":"3 Sentries","floor":11,"turns":7},{"damage":1,"enemies":"Gremlin Gang","floor":14,"turns":3},{"damage":0,"enemies":"Hexaghost","floor":16,"turns":9},{"damage":0,"enemies":"Spheric Guardian","floor":18,"turns":3},{"damage":0,"enemies":"3 Byrds","floor":20,"turns":4},{"damage":40,"enemies":"Shelled Parasite and Fungi","floor":22,"turns":6},{"damage":23,"enemies":"Centurion and Healer","floor":24,"turns":5},{"damage":14,"enemies":"Slavers","floor":25,"turns":5},{"damage":4,"enemies":"Cultist and Chosen","floor":28,"turns":4},{"damage":7,"enemies":"Gremlin Leader","floor":30,"turns":6},{"damage":0,"enemies":"Shelled Parasite and Fungi","floor":31,"turns":3},{"damage":38,"enemies":"Collector","floor":33,"turns":11},{"damage":23,"enemies":"3 Darklings","floor":35,"turns":4},{"damage":2,"enemies":"Orb Walker","floor":36,"turns":3},{"damage":8,"enemies":"Sphere and 2 Shapes","floor":37,"turns":4},{"damage":20,"enemies":"3 Darklings","floor":38,"turns":4},{"damage":62,"enemies":"Nemesis","floor":40,"turns":9},{"damage":25,"enemies":"Writhing Mass","floor":41,"turns":4}],"seed_played":"-4036263648418695444","potions_obtained":[{"floor":1,"key":"SkillPotion"},{"floor":3,"key":"Swift Potion"},{"floor":7,"key":"GhostInAJar"},{"floor":11,"key":"SpeedPotion"},{"floor":16,"key":"GamblersBrew"},{"floor":24,"key":"SteroidPotion"},{"floor":25,"key":"Fire Potion"},{"floor":33,"key":"Dexterity Potion"}],"is_trial":false,"path_per_floor":["M","M","M","M","M","R","E","?","T","?","E","R","$","M","R","B",null,"M","?","M","?","M","R","M","E","T","R","M","$","E","M","R","B",null,"M","M","M","M","?","E","M"],"character_chosen":"THE_SILENT","items_purchased":["Meat on the Bone","Adrenaline","Noxious Fumes","Membership Card","Well Laid Plans+1","Bottled Lightning","Leg Sweep","SkillPotion"],"campfire_rested":2,"item_purchase_floors":[13,13,13,29,29,29,29,29],"current_hp_per_floor":[58,57,54,54,54,54,35,22,22,21,6,25,25,36,36,36,59,59,53,53,53,25,44,33,31,31,31,39,39,44,44,44,18,54,43,41,45,37,37,20,0],"gold":273,"neow_bonus":"BOSS_RELIC","is_prod":false,"is_daily":false,"chose_seed":false,"campfire_upgraded":4,"win_rate":0,"timestamp":1563049782,"path_taken":["M","M","?","M","M","R","E","?","T","?","E","R","$","M","R","BOSS","M","?","M","?","M","R","M","E","T","R","M","$","E","?","R","BOSS","M","M","?","M","?","E","M"],"build_version":"2019-07-05","purchased_purges":1,"victory":false,"max_hp_per_floor":[66,66,66,66,66,66,66,66,66,66,66,66,66,66,66,66,66,66,66,66,66,66,66,66,66,66,66,66,66,66,66,66,66,66,66,66,66,66,66,66,66],"card_choices":[{"not_picked":["Flechettes","Footwork"],"picked":"Dagger Throw","floor":1},{"not_picked":["Riddle With Holes","Prepared"],"picked":"Cloak And Dagger","floor":2},{"not_picked":["Calculated Gamble","Deflect"],"picked":"Sucker Punch","floor":3},{"not_picked":["Dagger Throw","PiercingWail"],"picked":"Dagger Spray","floor":4},{"not_picked":["Accuracy","Backflip"],"picked":"Poisoned Stab","floor":5},{"not_picked":["Unload","Dodge and Roll"],"picked":"Flechettes","floor":7},{"not_picked":["PiercingWail","Backflip"],"picked":"Catalyst","floor":10},{"not_picked":["Masterful Stab","Glass Knife"],"picked":"Quick Slash","floor":11},{"not_picked":["Calculated Gamble","Distraction"],"picked":"Poisoned Stab","floor":14},{"not_picked":["Doppelganger","Malaise"],"picked":"Night Terror","floor":16},{"not_picked":["Slice","Bane","Outmaneuver"],"picked":"SKIP","floor":18},{"not_picked":["Setup","Dodge and Roll"],"picked":"Noxious Fumes","floor":20},{"not_picked":["Dagger Spray+1","Backflip"],"picked":"Crippling Poison+1","floor":22},{"not_picked":["PiercingWail","Accuracy"],"picked":"Acrobatics+1","floor":24},{"not_picked":["Cloak And Dagger","All Out Attack","Accuracy"],"picked":"SKIP","floor":25},{"not_picked":["Acrobatics","Outmaneuver+1","Riddle With Holes"],"picked":"SKIP","floor":28},{"not_picked":["Acrobatics","Riddle With Holes"],"picked":"Outmaneuver+1","floor":28},{"not_picked":["Sucker Punch","Prepared"],"picked":"PiercingWail","floor":30},{"not_picked":["Unload","Cloak And Dagger"],"picked":"Crippling Poison","floor":31},{"not_picked":["Malaise","Bullet Time"],"picked":"Doppelganger","floor":33},{"not_picked":["Outmaneuver","Heel Hook+1"],"picked":"Bouncing Flask","floor":35},{"not_picked":["Acrobatics","Escape Plan+1"],"picked":"Crippling Poison+1","floor":36},{"not_picked":["Accuracy+1","Poisoned Stab","Cloak And Dagger"],"picked":"SKIP","floor":37},{"not_picked":["Prepared","Quick Slash+1","All Out Attack"],"picked":"SKIP","floor":38},{"not_picked":["Infinite Blades+1","Calculated Gamble","Deflect"],"picked":"SKIP","floor":40}],"player_experience":982302,"relics_obtained":[{"floor":7,"key":"Tiny Chest"},{"floor":9,"key":"Kunai"},{"floor":10,"key":"FossilizedHelix"},{"floor":11,"key":"MawBank"},{"floor":25,"key":"Frozen Egg 2"},{"floor":26,"key":"Art of War"},{"floor":30,"key":"Bag of Preparation"},{"floor":40,"key":"Blue Candle"}],"event_choices":[{"damage_healed":0,"gold_gain":0,"player_choice":"Entered Light","damage_taken":13,"max_hp_gain":0,"max_hp_loss":0,"event_name":"Shining Light","floor":8,"gold_loss":0,"cards_upgraded":["Defend_G","Defend_G"]},{"damage_healed":0,"gold_gain":0,"player_choice":"Searched \u00271\u0027 times","damage_taken":0,"max_hp_gain":0,"max_hp_loss":0,"event_name":"Dead Adventurer","floor":10,"gold_loss":0},{"damage_healed":0,"gold_gain":0,"player_choice":"Joined the Cult","damage_taken":6,"max_hp_gain":0,"max_hp_loss":0,"event_name":"Nest","floor":19,"gold_loss":0,"cards_obtained":["RitualDagger"]},{"damage_healed":0,"gold_gain":275,"player_choice":"Desecrate","damage_taken":0,"max_hp_gain":0,"max_hp_loss":0,"event_name":"Golden Shrine","floor":21,"gold_loss":0,"cards_obtained":["Regret"]},{"damage_healed":0,"gold_gain":0,"player_choice":"Leave","damage_taken":0,"max_hp_gain":0,"max_hp_loss":0,"event_name":"FaceTrader","floor":39,"gold_loss":0}],"is_beta":false,"boss_relics":[{"not_picked":["Busted Crown","Pandora\u0027s Box"],"picked":"Snecko Eye"},{"not_picked":["HoveringKite","White Beast Statue"],"picked":"Lizard Tail"}],"items_purged_floors":[29],"is_endless":false,"potions_floor_spawned":[1,3,7,11,16,24,25,31,33,35,36],"killed_by":"Writhing Mass","ascension_level":14}