{"gold_per_floor":[111,122,31,50,70,70,90,115,193,193,228,3,21,21],"floor_reached":14,"playtime":562,"items_purged":["Strike_B"],"score":219,"play_id":"60428690-0949-4674-8aed-c7872206b9b7","local_time":"20190907063212","is_ascension_mode":true,"campfire_choices":[{"data":"Defragment","floor":6.0,"key":"SMITH"},{"floor":10.0,"key":"REST"}],"neow_cost":"PERCENT_DAMAGE","seed_source_timestamp":0,"circlet_count":0,"master_deck":["AscendersBane","Strike_B","Strike_B","Strike_B","Defend_B","Defend_B","Defend_B","Defend_B","Zap","Dualcast","Sunder","White Noise","Auto Shields","Sweeping Beam","Defragment+1","Compile Driver","Tempest","Conserve Battery","Ball Lightning","Leap","Static Discharge"],"special_seed":0,"relics":["Cracked Core","Mango","Bag of Preparation","Pear","StoneCalendar"],"potions_floor_usage":[11,14],"damage_taken":[{"damage":6.0,"enemies":"Cultist","floor":1.0,"turns":3.0},{"damage":4.0,"enemies":"Jaw Worm","floor":2.0,"turns":3.0},{"damage":7.0,"enemies":"Small Slimes","floor":4.0,"turns":3.0},{"damage":0.0,"enemies":"Exordium Wildlife","floor":5.0,"turns":2.0},{"damage":13.0,"enemies":"Large Slime","floor":7.0,"turns":3.0},{"damage":20.0,"enemies":"3 Sentries","floor":8.0,"turns":4.0},{"damage":36,"enemies":"Gremlin Nob","floor":11,"turns":4},{"damage":2,"enemies":"3 Louse","floor":13,"turns":4},{"damage":17,"enemies":"Exordium Wildlife","floor":14,"turns":3}],"seed_played":"-2864848536651291349","potions_obtained":[{"floor":7.0,"key":"Energy Potion"},{"floor":8.0,"key":"Poison Potion"}],"is_trial":false,"path_per_floor":["M","M","$","M","M","R","M","E","T","R","E","$","M","M"],"character_chosen":"DEFECT","items_purchased":["Auto Shields","Sweeping Beam","Leap","Static Discharge","Swift Potion"],"campfire_rested":1,"item_purchase_floors":[3,3,12,12,12],"current_hp_per_floor":[54,50,50,43,43,43,30,10,20,48,12,12,10,0],"gold":21,"neow_bonus":"ONE_RARE_RELIC","is_prod":false,"is_daily":false,"chose_seed":false,"campfire_upgraded":1,"win_rate":0,"timestamp":1567801932,"path_taken":["M","M","$","M","M","R","M","E","T","R","E","?","M","M"],"build_version":"2019-07-17","purchased_purges":1,"victory":false,"max_hp_per_floor":[85,85,85,85,85,85,85,85,95,95,95,95,95,95],"card_choices":[{"not_picked":["Redo","Sweeping Beam"],"picked":"Sunder","floor":1.0},{"not_picked":["Steam","Cold Snap"],"picked":"White Noise","floor":2.0},{"not_picked":["Scrape","Cold Snap"],"picked":"Defragment","floor":4.0},{"not_picked":["Gash","Turbo"],"picked":"Compile Driver","floor":5.0},{"not_picked":["Turbo","Conserve Battery"],"picked":"Tempest","floor":7.0},{"not_picked":["All For One","Barrage"],"picked":"Conserve Battery","floor":8.0},{"not_picked":["FTL","Redo"],"picked":"Ball Lightning","floor":11},{"not_picked":["Storm","Fusion","Sweeping Beam"],"picked":"SKIP","floor":13}],"player_experience":1260118,"relics_obtained":[{"floor":8.0,"key":"Bag of Preparation"},{"floor":9.0,"key":"Pear"},{"floor":11,"key":"StoneCalendar"}],"event_choices":[],"is_beta":false,"boss_relics":[],"items_purged_floors":[12],"is_endless":false,"potions_floor_spawned":[7,8],"killed_by":"Exordium Wildlife","ascension_level":18}