{"gold_per_floor":[219,219,5,25,37,37,71,130,130,130,55,55,55,66,66,140,140,152,168,186,203,20,20,38,38],"floor_reached":25,"playtime":1653,"items_purged":["Strike_G","Strike_G"],"score":406,"play_id":"02ef0180-c494-4580-bde0-0cd54133df20","local_time":"20190418023945","is_ascension_mode":true,"campfire_choices":[{"data":"Bane","floor":6,"key":"SMITH"},{"floor":10,"key":"REST"},{"data":"Dash","floor":13,"key":"SMITH"},{"data":"Deadly Poison","floor":15,"key":"SMITH"},{"floor":23,"key":"REST"}],"neow_cost":"NONE","seed_source_timestamp":463167873432754,"circlet_count":0,"master_deck":["AscendersBane","Defend_G","Defend_G","Defend_G","Defend_G","Defend_G","Strike_G","Strike_G+1","Survivor","Neutralize+1","Bane+1","Poisoned Stab","Die Die Die","Dash+1","Masterful Stab","Deadly Poison+1","Bullet Time","Bane+1","Footwork+1","Deflect","PiercingWail","Dodge and Roll","PiercingWail+1"],"relics":["Ring of the Snake","Blue Candle","Bag of Preparation","Cursed Key"],"potions_floor_usage":[16,21,25],"damage_taken":[{"damage":2,"enemies":"Jaw Worm","floor":1,"turns":7},{"damage":0,"enemies":"Cultist","floor":4,"turns":3},{"damage":0,"enemies":"Small Slimes","floor":5,"turns":2},{"damage":30,"enemies":"Gremlin Nob","floor":7,"turns":4},{"damage":0,"enemies":"Exordium Wildlife","floor":14,"turns":3},{"damage":7,"enemies":"Hexaghost","floor":16,"turns":9},{"damage":6,"enemies":"Shell Parasite","floor":18,"turns":4},{"damage":6,"enemies":"3 Byrds","floor":19,"turns":5},{"damage":0,"enemies":"Centurion and Healer","floor":20,"turns":6},{"damage":14,"enemies":"Cultist and Chosen","floor":21,"turns":8},{"damage":9,"enemies":"Chosen and Byrds","floor":24,"turns":6},{"damage":48,"enemies":"Gremlin Leader","floor":25,"turns":7}],"seed_played":"8003606484402133488","potions_obtained":[{"floor":4,"key":"Energy Potion"},{"floor":5,"key":"Dexterity Potion"},{"floor":19,"key":"SpeedPotion"},{"floor":21,"key":"Weak Potion"},{"floor":24,"key":"PowerPotion"}],"is_trial":false,"path_per_floor":["M","?","$","M","M","R","E","?","T","R","$","?","R","M","R","B",null,"M","M","M","M","$","R","M","E"],"character_chosen":"THE_SILENT","items_purchased":["Poisoned Stab","Die Die Die","PiercingWail","Dodge and Roll"],"campfire_rested":2,"item_purchase_floors":[3,3,22,22],"current_hp_per_floor":[57,37,37,37,37,37,7,7,7,26,26,26,26,26,26,19,54,48,42,42,28,28,47,38,0],"gold":38,"neow_bonus":"HUNDRED_GOLD","is_prod":false,"is_daily":false,"chose_seed":false,"campfire_upgraded":3,"win_rate":0,"timestamp":1555569585,"path_taken":["M","?","$","M","M","R","E","?","T","R","$","?","R","?","R","BOSS","M","M","M","?","$","R","M","E"],"build_version":"2019-01-23","purchased_purges":2,"victory":false,"max_hp_per_floor":[66,66,66,66,66,66,66,66,66,66,66,66,66,66,66,66,66,66,66,66,66,66,66,66,66],"card_choices":[{"not_picked":["PiercingWail","Accuracy"],"picked":"Bane","floor":1},{"not_picked":["Deadly Poison","Dodge and Roll"],"picked":"Dash","floor":4},{"not_picked":["Underhanded Strike","PiercingWail"],"picked":"Masterful Stab","floor":5},{"not_picked":["Dodge and Roll","Prepared"],"picked":"Deadly Poison","floor":7},{"not_picked":["Blade Dance","Dagger Spray","Bane"],"picked":"SKIP","floor":14},{"not_picked":["Corpse Explosion","A Thousand Cuts"],"picked":"Bullet Time","floor":16},{"not_picked":["Blade Dance","Distraction"],"picked":"Bane+1","floor":18},{"not_picked":["Endless Agony","Slice","Riddle With Holes"],"picked":"SKIP","floor":19},{"not_picked":["Poisoned Stab","Backflip"],"picked":"Footwork+1","floor":20},{"not_picked":["Bane","Setup"],"picked":"Deflect","floor":21},{"not_picked":["All Out Attack","Bane"],"picked":"PiercingWail+1","floor":24}],"player_experience":1284237,"relics_obtained":[{"floor":7,"key":"Blue Candle"},{"floor":9,"key":"Bag of Preparation"}],"event_choices":[{"damage_healed":0,"gold_gain":0,"player_choice":"Entered Light","damage_taken":20,"max_hp_gain":0,"max_hp_loss":0,"event_name":"Shining Light","floor":2,"gold_loss":0,"cards_upgraded":["Strike_G","Neutralize"]},{"damage_healed":0,"gold_gain":59,"player_choice":"Gained Gold","damage_taken":0,"max_hp_gain":0,"max_hp_loss":0,"event_name":"Golden Wing","floor":8,"gold_loss":0},{"cards_removed":["Strike_G"],"damage_healed":0,"gold_gain":0,"player_choice":"Purged","damage_taken":0,"max_hp_gain":0,"max_hp_loss":0,"event_name":"Purifier","floor":12,"gold_loss":0}],"is_beta":false,"boss_relics":[{"not_picked":["Fusion Hammer","Tiny House"],"picked":"Cursed Key"}],"items_purged_floors":[11,22],"is_endless":false,"potions_floor_spawned":[4,5,19,20,21,24],"killed_by":"Gremlin Leader","ascension_level":20}