{"gold_per_floor":[109,122,122,47,59,91,91,119,119,153,153,153,118,134,134,207,207,222,16,16,16,0,0,35,35,61,96,96,96,96,112,112,190,190,203,303,303],"floor_reached":37,"playtime":2712,"items_purged":["Regret"],"score":712,"play_id":"5cdcfad4-7a41-43c2-8f06-daa01351c500","local_time":"20181220020914","is_ascension_mode":true,"campfire_choices":[{"floor":7.0,"key":"REST"},{"data":"Concentrate","floor":11.0,"key":"SMITH"},{"floor":15.0,"key":"REST"},{"data":"Sucker Punch","floor":23.0,"key":"SMITH"},{"floor":25.0,"key":"RECALL"},{"floor":28.0,"key":"REST"},{"floor":30.0,"key":"REST"},{"floor":32.0,"key":"REST"}],"neow_cost":"NONE","seed_source_timestamp":540246216375665,"circlet_count":0,"master_deck":["AscendersBane","Defend_G","Defend_G","Defend_G","Defend_G","Defend_G","Strike_G","Strike_G","Strike_G","Strike_G","Strike_G","Survivor","Neutralize","Underhanded Strike","Backflip","Tactician","Sucker Punch+1","Malaise","Concentrate+1","Grand Finale","Acrobatics","Reflex","Grand Finale"],"special_seed":0,"relics":["Runic Pyramid","Vajra","Kunai","Juzu Bracelet","Gremlin Horn","Art of War","Question Card","Sozu","Membership Card","Blue Candle","PreservedInsect","Omamori","Busted Crown","Du-Vu Doll"],"potions_floor_usage":[],"damage_taken":[{"damage":2.0,"enemies":"Jaw Worm","floor":1.0,"turns":5.0},{"damage":0.0,"enemies":"2 Louse","floor":2.0,"turns":3.0},{"damage":0.0,"enemies":"Small Slimes","floor":5.0,"turns":3.0},{"damage":22.0,"enemies":"Lagavulin","floor":6.0,"turns":9.0},{"damage":12.0,"enemies":"3 Sentries","floor":8.0,"turns":10.0},{"damage":20.0,"enemies":"Lagavulin","floor":10.0,"turns":9.0},{"damage":4.0,"enemies":"3 Louse","floor":14.0,"turns":5.0},{"damage":16.0,"enemies":"The Guardian","floor":16.0,"turns":14.0},{"damage":5.0,"enemies":"3 Byrds","floor":18.0,"turns":4.0},{"damage":20.0,"enemies":"2 Thieves","floor":22.0,"turns":5.0},{"damage":13.0,"enemies":"Gremlin Leader","floor":24.0,"turns":8.0},{"damage":27.0,"enemies":"Slavers","floor":27.0,"turns":3.0},{"damage":0.0,"enemies":"Centurion and Healer","floor":31.0,"turns":4.0},{"damage":54,"enemies":"Champ","floor":33,"turns":29},{"damage":27,"enemies":"Orb Walker","floor":35,"turns":7},{"damage":24,"enemies":"Mind Bloom Boss Battle","floor":36,"turns":7},{"damage":11,"enemies":"3 Darklings","floor":37,"turns":2}],"seed_played":"2459446607161612090","potions_obtained":[{"floor":2.0,"key":"EssenceOfSteel"},{"floor":6.0,"key":"Swift Potion"},{"floor":16.0,"key":"Explosive Potion"}],"is_trial":false,"path_per_floor":["M","M","?","$","M","E","R","E","T","E","R","?","?","M","R","B",null,"M","$","?","?","M","R","E","R","T","E","R","T","R","M","R","B",null,"M","?","M"],"character_chosen":"THE_SILENT","items_purchased":["Membership Card"],"campfire_rested":5,"item_purchase_floors":[19],"current_hp_per_floor":[57,57,57,57,57,35,54,42,42,22,22,10,26,22,41,25,56,51,51,39,62,42,42,29,29,29,2,23,23,44,44,65,11,56,29,5,0],"gold":303,"neow_bonus":"BOSS_RELIC","is_prod":false,"is_daily":false,"chose_seed":false,"campfire_upgraded":2,"win_rate":0,"timestamp":1545289754,"path_taken":["M","M","?","$","M","E","R","E","T","E","R","?","?","M","R","BOSS","M","$","?","?","M","R","E","R","T","E","R","?","R","M","R","BOSS","M","?","M"],"build_version":"2018-12-13","purchased_purges":1,"victory":false,"max_hp_per_floor":[66,66,66,66,66,66,66,66,66,66,66,66,66,66,66,66,66,66,66,71,71,71,71,71,71,71,71,71,71,71,71,71,71,71,71,71,71],"card_choices":[{"not_picked":["Deflect","PiercingWail"],"picked":"Underhanded Strike","floor":1.0},{"not_picked":["Flying Knee","PiercingWail"],"picked":"Backflip","floor":2.0},{"not_picked":["Deadly Poison","Backflip"],"picked":"Tactician","floor":5.0},{"not_picked":["Escape Plan","Distraction"],"picked":"Sucker Punch","floor":6.0},{"not_picked":["Backflip","Riddle With Holes"],"picked":"Malaise","floor":8.0},{"not_picked":["Underhanded Strike","Poisoned Stab"],"picked":"Concentrate","floor":10.0},{"not_picked":["Blade Dance","Caltrops","PiercingWail","Dagger Throw"],"picked":"SKIP","floor":14.0},{"not_picked":["Envenom","Wraith Form v2","A Thousand Cuts"],"picked":"Grand Finale","floor":16.0},{"not_picked":["Tactician","Crippling Poison","Terror","Setup"],"picked":"SKIP","floor":18.0},{"not_picked":["Slice","Leg Sweep","Dagger Spray"],"picked":"Acrobatics","floor":22.0},{"not_picked":["Flechettes","Dagger Spray","Blur"],"picked":"Reflex","floor":24.0},{"not_picked":["Catalyst","Poisoned Stab","Setup","Blade Dance"],"picked":"SKIP","floor":27.0},{"not_picked":["Dagger Throw","Backflip","PiercingWail","Sucker Punch"],"picked":"SKIP","floor":31.0},{"not_picked":["Malaise","Envenom","Unload"],"picked":"Grand Finale","floor":33},{"not_picked":["All Out Attack+1","Deadly Poison+1"],"picked":"SKIP","floor":35}],"player_experience":920616,"relics_obtained":[{"floor":6.0,"key":"Kunai"},{"floor":8.0,"key":"Juzu Bracelet"},{"floor":9.0,"key":"Gremlin Horn"},{"floor":10.0,"key":"Art of War"},{"floor":24.0,"key":"Blue Candle"},{"floor":26.0,"key":"PreservedInsect"},{"floor":27.0,"key":"Omamori"},{"floor":36,"key":"Du-Vu Doll"}],"event_choices":[{"damage_healed":0.0,"max_hp_gain":0.0,"max_hp_loss":0.0,"gold_gain":0.0,"event_name":"Big Fish","player_choice":"Box","floor":3.0,"gold_loss":0.0,"damage_taken":0.0,"relics_obtained":["Vajra"],"cards_obtained":["Regret"]},{"damage_healed":0.0,"max_hp_gain":0.0,"max_hp_loss":0.0,"gold_gain":0.0,"event_name":"Scrap Ooze","player_choice":"Success","floor":12.0,"gold_loss":0.0,"damage_taken":12.0,"relics_obtained":["Question Card"]},{"damage_healed":16.0,"max_hp_gain":0.0,"max_hp_loss":0.0,"gold_gain":0.0,"event_name":"The Cleric","player_choice":"Healed","floor":13.0,"gold_loss":35.0,"damage_taken":0.0},{"damage_healed":0.0,"max_hp_gain":5.0,"max_hp_loss":0.0,"gold_gain":0.0,"event_name":"Forgotten Altar","player_choice":"Shed Blood","floor":20.0,"gold_loss":0.0,"damage_taken":17.0},{"damage_healed":23.0,"max_hp_gain":0.0,"max_hp_loss":0.0,"gold_gain":0.0,"event_name":"The Library","player_choice":"Heal","floor":21.0,"gold_loss":0.0,"damage_taken":0.0},{"damage_healed":0,"gold_gain":0,"player_choice":"Fight","damage_taken":0,"max_hp_gain":0,"max_hp_loss":0,"event_name":"MindBloom","floor":36,"gold_loss":0}],"is_beta":false,"boss_relics":[{"not_picked":["WristBlade","Eternal Feather"],"picked":"Sozu"},{"not_picked":["Orrery","Cursed Key"],"picked":"Busted Crown"}],"items_purged_floors":[4],"is_endless":false,"potions_floor_spawned":[2,6,16,24,27,31],"killed_by":"3 Darklings","ascension_level":14}