{"gold_per_floor":[119,119,119,134,134,134,163,163,190,225,240,250,325,80,80,157,157,175,185,198,123,133,133],"floor_reached":23,"playtime":2653,"items_purged":["Pain"],"score":332,"play_id":"0c9af821-431d-4da8-a745-de3d11958c45","local_time":"20190702232724","is_ascension_mode":true,"campfire_choices":[{"data":"Spot Weakness","floor":6.0,"key":"SMITH"},{"floor":8.0,"key":"REST"},{"floor":15.0,"key":"REST"}],"neow_cost":"TEN_PERCENT_HP_LOSS","seed_source_timestamp":0,"circlet_count":0,"master_deck":["AscendersBane","Strike_R","Strike_R","Strike_R","Defend_R","Defend_R","Defend_R","Defend_R","Bash","Corruption","Spot Weakness+1","Reaper","Pommel Strike","Battle Trance","Armaments","Shrug It Off","Inflame","Cleave","Demon Form","Shrug It Off+1","Headbutt","Evolve"],"special_seed":0,"relics":["Burning Blood","Unceasing Top","Smiling Mask","WarpedTongs","Happy Flower","Bag of Preparation","Shovel","Black Star"],"potions_floor_usage":[16,16,23],"damage_taken":[{"damage":8.0,"enemies":"Jaw Worm","floor":1.0,"turns":4.0},{"damage":5.0,"enemies":"2 Louse","floor":4.0,"turns":3.0},{"damage":39.0,"enemies":"Lagavulin","floor":7.0,"turns":7.0},{"damage":43.0,"enemies":"3 Sentries","floor":10.0,"turns":8.0},{"damage":10.0,"enemies":"Cultist","floor":11.0,"turns":4.0},{"damage":12.0,"enemies":"Looter","floor":12.0,"turns":4.0},{"damage":13,"enemies":"The Guardian","floor":16,"turns":11},{"damage":26,"enemies":"Chosen","floor":18,"turns":6},{"damage":34,"enemies":"2 Thieves","floor":19,"turns":4},{"damage":29,"enemies":"Snecko","floor":20,"turns":5},{"damage":44,"enemies":"Snake Plant","floor":22,"turns":6},{"damage":28,"enemies":"Gremlin Leader","floor":23,"turns":4}],"seed_played":"1439065679965788406","potions_obtained":[{"floor":1.0,"key":"Energy Potion"},{"floor":7.0,"key":"SteroidPotion"},{"floor":12.0,"key":"FearPotion"},{"floor":22,"key":"Dexterity Potion"}],"is_trial":false,"path_per_floor":["M","?","?","M","?","R","E","R","T","E","M","M","?","$","R","B",null,"M","M","M","?","M","E"],"character_chosen":"IRONCLAD","items_purchased":["Shrug It Off","Inflame","Cleave","Swift Potion"],"campfire_rested":2,"item_purchase_floors":[14,14,14,14],"current_hp_per_floor":[70,58,58,59,59,59,26,47,47,39,48,42,31,31,52,61,69,52,49,42,42,16,0],"gold":133,"neow_bonus":"ONE_RARE_RELIC","is_prod":false,"is_daily":false,"chose_seed":false,"campfire_upgraded":1,"win_rate":0,"timestamp":1562074044,"path_taken":["M","?","?","?","?","R","E","R","T","E","M","?","?","$","R","BOSS","M","M","M","?","M","E"],"build_version":"2019-07-01","purchased_purges":1,"victory":false,"max_hp_per_floor":[72,72,72,72,72,72,72,72,72,72,72,72,72,72,72,72,72,72,72,72,72,72,72],"card_choices":[{"not_picked":["Twin Strike","Anger"],"picked":"Corruption","floor":1.0},{"not_picked":["Fire Breathing","Iron Wave"],"picked":"Spot Weakness","floor":4.0},{"not_picked":["Searing Blow","True Grit"],"picked":"Reaper","floor":7.0},{"not_picked":["Wild Strike","Searing Blow"],"picked":"Pommel Strike","floor":10.0},{"not_picked":["Pommel Strike","Twin Strike"],"picked":"Battle Trance","floor":11.0},{"not_picked":["Thunderclap","Shrug It Off"],"picked":"Armaments","floor":12.0},{"not_picked":["Barricade","Feed"],"picked":"Demon Form","floor":16},{"not_picked":["Wild Strike+1","Sword Boomerang"],"picked":"Shrug It Off+1","floor":18},{"not_picked":["Fire Breathing","Perfected Strike","Warcry"],"picked":"SKIP","floor":19},{"not_picked":["Armaments","Body Slam"],"picked":"Headbutt","floor":20},{"not_picked":["Pommel Strike","Wild Strike"],"picked":"Evolve","floor":22}],"player_experience":911957,"relics_obtained":[{"floor":7.0,"key":"Happy Flower"},{"floor":9.0,"key":"Bag of Preparation"},{"floor":10.0,"key":"Shovel"}],"event_choices":[{"damage_healed":0.0,"max_hp_gain":0.0,"max_hp_loss":0.0,"gold_gain":0.0,"event_name":"Scrap Ooze","player_choice":"Success","floor":2.0,"gold_loss":0.0,"damage_taken":12.0,"relics_obtained":["Smiling Mask"]},{"cards_removed":["Strike_R"],"damage_healed":0.0,"max_hp_gain":0.0,"max_hp_loss":0.0,"gold_gain":0.0,"event_name":"Bonfire Elementals","player_choice":"Offered Basic","floor":3.0,"gold_loss":0.0,"damage_taken":0.0},{"damage_healed":0.0,"max_hp_gain":0.0,"max_hp_loss":0.0,"gold_gain":0.0,"event_name":"Accursed Blacksmith","player_choice":"Rummage","floor":5.0,"gold_loss":0.0,"damage_taken":0.0,"relics_obtained":["WarpedTongs"],"cards_obtained":["Pain"]},{"damage_healed":0.0,"max_hp_gain":0.0,"max_hp_loss":0.0,"gold_gain":75.0,"event_name":"World of Goop","player_choice":"Gather Gold","floor":13.0,"gold_loss":0.0,"damage_taken":11.0},{"cards_removed":["Strike_R"],"damage_healed":0,"gold_gain":0,"player_choice":"Gave Gold","damage_taken":0,"max_hp_gain":0,"max_hp_loss":0,"event_name":"Beggar","floor":21,"gold_loss":75}],"is_beta":false,"boss_relics":[{"not_picked":["Philosopher\u0027s Stone","White Beast Statue"],"picked":"Black Star"}],"items_purged_floors":[14],"is_endless":false,"potions_floor_spawned":[1,7,12,22],"killed_by":"Gremlin Leader","ascension_level":13}