{"gold_per_floor":[111,261,55,71,71,71,84,84,84,99,125,125,125,157,157,157],"floor_reached":16,"playtime":570,"items_purged":["Doubt"],"score":211,"play_id":"a9734b37-9da8-4573-9fd2-03e289d3ca74","local_time":"20190422224543","is_ascension_mode":true,"campfire_choices":[{"data":"Bash","floor":6,"key":"SMITH"},{"data":"Cleave","floor":8,"key":"SMITH"},{"data":"Disarm","floor":12,"key":"SMITH"},{"data":"Clothesline","floor":15,"key":"SMITH"}],"neow_cost":"NONE","seed_source_timestamp":878608507432400,"circlet_count":0,"master_deck":["AscendersBane","Strike_R","Strike_R","Strike_R","Strike_R","Defend_R","Defend_R","Defend_R","Defend_R","Bash+1","Pommel Strike","Feel No Pain","Iron Wave","Cleave+1","Disarm+1","Clothesline+1"],"relics":["Burning Blood","Lantern","Kunai","Bird Faced Urn","Ice Cream"],"potions_floor_usage":[11],"damage_taken":[{"damage":2,"enemies":"Jaw Worm","floor":1,"turns":3},{"damage":0,"enemies":"Small Slimes","floor":4,"turns":3},{"damage":1,"enemies":"Cultist","floor":7,"turns":3},{"damage":17,"enemies":"Exordium Thugs","floor":10,"turns":5},{"damage":27,"enemies":"Gremlin Nob","floor":11,"turns":4},{"damage":35,"enemies":"Lagavulin","floor":14,"turns":7},{"damage":23,"enemies":"Hexaghost","floor":16,"turns":11}],"seed_played":"7151392077516207292","potions_obtained":[{"floor":7,"key":"BloodPotion"},{"floor":10,"key":"AttackPotion"}],"is_trial":false,"path_per_floor":["M","?","$","M","?","R","M","R","T","M","E","R","?","E","R","B"],"character_chosen":"IRONCLAD","items_purchased":["Feel No Pain","Fire Potion"],"campfire_rested":0,"item_purchase_floors":[3,3],"current_hp_per_floor":[72,72,72,75,80,80,80,80,80,69,48,48,48,21,21,0],"gold":157,"neow_bonus":"RANDOM_COMMON_RELIC","is_prod":false,"is_daily":false,"chose_seed":false,"campfire_upgraded":4,"win_rate":0,"timestamp":1555998343,"path_taken":["M","?","$","M","?","R","M","R","T","M","E","R","?","E","R","BOSS"],"build_version":"2019-01-23","purchased_purges":1,"victory":false,"max_hp_per_floor":[75,75,75,75,80,80,80,80,80,80,80,80,80,80,80,80],"card_choices":[{"not_picked":["Cleave","Iron Wave"],"picked":"Pommel Strike","floor":1},{"not_picked":["Dual Wield","Searing Blow"],"picked":"Iron Wave","floor":4},{"not_picked":["Havoc","Power Through"],"picked":"Cleave","floor":7},{"not_picked":["Clash","Dual Wield","Whirlwind"],"picked":"SKIP","floor":10},{"not_picked":["Clothesline","Wild Strike"],"picked":"Disarm","floor":11},{"not_picked":["Havoc","Pommel Strike"],"picked":"Clothesline","floor":14}],"player_experience":474941,"relics_obtained":[{"floor":9,"key":"Kunai"},{"floor":11,"key":"Bird Faced Urn"},{"floor":14,"key":"Ice Cream"}],"event_choices":[{"damage_healed":0,"gold_gain":150,"player_choice":"AGREE","damage_taken":0,"max_hp_gain":0,"max_hp_loss":0,"event_name":"Liars Game","floor":2,"gold_loss":0,"cards_obtained":["Doubt"]},{"damage_healed":0,"gold_gain":0,"player_choice":"Donut","damage_taken":0,"max_hp_gain":5,"max_hp_loss":0,"event_name":"Big Fish","floor":5,"gold_loss":0},{"cards_removed":["Strike_R"],"damage_healed":0,"gold_gain":0,"player_choice":"Purged","damage_taken":0,"max_hp_gain":0,"max_hp_loss":0,"event_name":"Purifier","floor":13,"gold_loss":0}],"is_beta":false,"boss_relics":[],"items_purged_floors":[3],"is_endless":false,"potions_floor_spawned":[7,10],"killed_by":"Hexaghost","ascension_level":19}