{"gold_per_floor":[110,125,139,139,139,152,185,185,185,196,209,220,220,230,230,325,325,335,352,352,12,25,25,54,54,77,77,87,107,107,124,124,222,222,234,251,251,251,268,268,192,203,203,49,69,69,69],"floor_reached":47,"playtime":2591,"items_purged":[],"score":729,"play_id":"01d4d7eb-07ed-442c-81a3-bd6eb6f09f4f","local_time":"20180812132214","is_ascension_mode":true,"campfire_choices":[{"floor":8,"key":"REST"},{"data":"Skewer","floor":13,"key":"SMITH"},{"floor":15,"key":"REST"},{"data":"Phantasmal Killer","floor":23,"key":"SMITH"},{"data":"Dagger Spray","floor":25,"key":"SMITH"},{"floor":32,"key":"REST"},{"data":"RitualDagger","floor":40,"key":"SMITH"}],"neow_cost":"NONE","seed_source_timestamp":2742009500711020,"circlet_count":0,"master_deck":["Defend_G+1","Defend_G","Defend_G","Defend_G","Defend_G","Survivor","Neutralize","Sucker Punch","Well Laid Plans","Slice+1","All Out Attack","Skewer+1","Dagger Spray+1","Venomology","Backflip","Deflect","Phantasmal Killer+1","Flying Knee+1","Deflect+1","Bite","Bite+1","Bite+1","Bite","Bite","Leg Sweep+1","Flechettes+1","Dodge and Roll+1","RitualDagger+1","Distraction+1","Malaise+1","PiercingWail+1","Madness+1","Madness+1","All Out Attack","Footwork","Venomology+1","Blur+1"],"relics":["Ring of the Snake","Vajra","Centennial Puzzle","Bronze Scales","Philosopher\u0027s Stone","Whetstone","Toy Ornithopter","Toxic Egg 2","Art of War","Velvet Choker","Smiling Mask"],"potions_floor_usage":[7,12,16,16,16,19,22,24,24,28,29,31,31,33,33,33,39,39,45,45,45,47],"damage_taken":[{"damage":0,"enemies":"Cultist","floor":1,"turns":5},{"damage":1,"enemies":"Small Slimes","floor":2,"turns":4},{"damage":0,"enemies":"Jaw Worm","floor":3,"turns":4},{"damage":1,"enemies":"Exordium Wildlife","floor":6,"turns":5},{"damage":12,"enemies":"Gremlin Nob","floor":7,"turns":4},{"damage":5,"enemies":"Red Slaver","floor":10,"turns":2},{"damage":3,"enemies":"Looter","floor":11,"turns":3},{"damage":0,"enemies":"Gremlin Gang","floor":12,"turns":1},{"damage":12,"enemies":"Lots of Slimes","floor":14,"turns":2},{"damage":0,"enemies":"Slime Boss","floor":16,"turns":6},{"damage":1,"enemies":"Spheric Guardian","floor":18,"turns":3},{"damage":9,"enemies":"Shell Parasite","floor":19,"turns":3},{"damage":23,"enemies":"Snake Plant","floor":22,"turns":4},{"damage":36,"enemies":"Gremlin Leader","floor":24,"turns":4},{"damage":7,"enemies":"Sentry and Sphere","floor":28,"turns":5},{"damage":6,"enemies":"Centurion and Healer","floor":29,"turns":5},{"damage":16,"enemies":"Cultist and Chosen","floor":31,"turns":7},{"damage":55,"enemies":"Automaton","floor":33,"turns":10},{"damage":26,"enemies":"Flame Bruiser 1 Orb","floor":35,"turns":3},{"damage":0,"enemies":"3 Shapes","floor":36,"turns":4},{"damage":11,"enemies":"Maw","floor":39,"turns":9},{"damage":15,"enemies":"4 Shapes","floor":42,"turns":4},{"damage":40,"enemies":"Transient","floor":45,"turns":5},{"damage":33,"enemies":"Flame Bruiser 2 Orb","floor":47,"turns":2}],"seed_played":"1115278485861304622","potions_obtained":[{"floor":3,"key":"EssenceOfSteel"},{"floor":10,"key":"Explosive Potion"},{"floor":11,"key":"PowerPotion"},{"floor":14,"key":"Energy Potion"},{"floor":22,"key":"Ancient Potion"},{"floor":28,"key":"LiquidBronze"},{"floor":31,"key":"GhostInAJar"},{"floor":33,"key":"Poison Potion"},{"floor":35,"key":"Swift Potion"},{"floor":45,"key":"SteroidPotion"}],"is_trial":false,"path_per_floor":["M","M","M","?","?","M","E","R","T","M","M","M","R","M","R","B",null,"M","M","?","$","M","R","E","R","T","?","M","M","?","M","R","B",null,"M","M","?","?","M","R","$","M","T","$","M","$"],"character_chosen":"THE_SILENT","items_purchased":["Whetstone","Toy Ornithopter","Footwork","Venomology+1"],"campfire_rested":3,"item_purchase_floors":[21,21,41,44],"current_hp_per_floor":[63,62,62,62,48,47,35,56,56,51,48,48,48,36,57,57,67,66,57,49,49,35,35,14,14,14,14,22,34,28,34,48,20,42,21,31,25,25,37,37,37,27,27,27,8,8,0],"gold":69,"neow_bonus":"RANDOM_COMMON_RELIC","is_prod":false,"is_daily":false,"chose_seed":false,"campfire_upgraded":4,"win_rate":0,"timestamp":1534094534,"path_taken":["M","M","?","?","?","M","E","R","T","M","M","M","R","M","R","BOSS","M","M","?","$","?","R","E","R","T","?","M","M","?","M","R","BOSS","M","?","?","?","M","R","$","M","T","$","M","?","M"],"build_version":"2018-08-09","purchased_purges":0,"victory":false,"max_hp_per_floor":[70,70,70,70,70,70,70,70,70,70,70,70,70,70,70,70,70,70,70,49,49,49,49,49,49,49,49,49,49,49,49,49,49,49,49,49,49,49,49,49,49,49,49,49,49,49,49],"card_choices":[{"not_picked":["Dagger Throw","Deadly Poison"],"picked":"Sucker Punch","floor":1},{"not_picked":["Outmaneuver","Poisoned Stab"],"picked":"Well Laid Plans","floor":2},{"not_picked":["Deadly Poison","Backflip"],"picked":"Slice","floor":3},{"not_picked":["Poisoned Stab","Outmaneuver"],"picked":"All Out Attack","floor":6},{"not_picked":["Storm of Steel","Prepared"],"picked":"Skewer","floor":7},{"not_picked":["Slice","Prepared"],"picked":"Dagger Spray","floor":10},{"not_picked":["Bane","Expertise"],"picked":"Venomology","floor":11},{"not_picked":["Dodge and Roll","Bane"],"picked":"Backflip","floor":12},{"not_picked":["Poisoned Stab","Dodge and Roll"],"picked":"Deflect","floor":14},{"not_picked":["Doppelganger","Malaise"],"picked":"Phantasmal Killer","floor":16},{"not_picked":["Backflip","Quick Slash+1"],"picked":"Flying Knee+1","floor":18},{"not_picked":["Flying Knee","Backflip+1"],"picked":"Deflect+1","floor":19},{"not_picked":["Prepared","Quick Slash"],"picked":"Leg Sweep+1","floor":22},{"not_picked":["Glass Knife","Slice"],"picked":"Flechettes+1","floor":24},{"not_picked":["Catalyst+1","Quick Slash"],"picked":"Dodge and Roll+1","floor":28},{"not_picked":["Poisoned Stab+1","Dagger Spray+1","Cloak And Dagger+1"],"picked":"SKIP","floor":29},{"not_picked":["Accuracy+1","Prepared+1"],"picked":"Distraction+1","floor":31},{"not_picked":["Storm of Steel+1","Tools of the Trade"],"picked":"Malaise+1","floor":33},{"not_picked":["Backflip+1","Cloak And Dagger+1"],"picked":"PiercingWail+1","floor":35},{"not_picked":["Poisoned Stab","Dagger Throw","Cloak And Dagger+1"],"picked":"SKIP","floor":36},{"not_picked":["Expertise+1","Dagger Spray","Acrobatics+1"],"picked":"SKIP","floor":39},{"not_picked":["Accuracy+1","Flying Knee+1","Prepared+1"],"picked":"SKIP","floor":42},{"not_picked":["Slice+1","Choke"],"picked":"Blur+1","floor":45}],"player_experience":415983,"relics_obtained":[{"floor":7,"key":"Centennial Puzzle"},{"floor":9,"key":"Bronze Scales"},{"floor":24,"key":"Toxic Egg 2"},{"floor":26,"key":"Art of War"},{"floor":43,"key":"Smiling Mask"}],"event_choices":[{"event_name":"Purifier","player_choice":"One Purge","floor":4,"damage_taken":0},{"event_name":"Shining Light","player_choice":"Entered Light","floor":5,"damage_taken":0},{"event_name":"Vampires","player_choice":"Became a vampire","floor":20,"damage_taken":0},{"event_name":"Cursed Tome","player_choice":"Ignored","floor":27,"damage_taken":0},{"event_name":"Nest","player_choice":"Joined the Cult","floor":30,"damage_taken":0},{"event_name":"Winding Halls","player_choice":"Embrace Madness","floor":37,"damage_taken":0},{"event_name":"Match and Keep!","player_choice":"1 cards matched","floor":38,"damage_taken":0}],"is_beta":false,"boss_relics":[{"not_picked":["Lizard Tail","Fusion Hammer"],"picked":"Philosopher\u0027s Stone"},{"not_picked":["White Beast Statue","WristBlade"],"picked":"Velvet Choker"}],"items_purged_floors":[],"is_endless":false,"potions_floor_spawned":[3,10,11,14,22,28,31,33,35,45],"killed_by":"Flame Bruiser 2 Orb","ascension_level":7}