{"gold_per_floor":[114,114,125,138,40,71,89,89,89,89,89,9,44,44,44,116,116,128,147,62,62,78,78,78],"floor_reached":24,"playtime":773,"items_purged":["Pain"],"score":357,"play_id":"e38b6e01-abba-4cc4-ada3-577b585e5a54","local_time":"20190726233631","is_ascension_mode":true,"campfire_choices":[{"floor":8,"key":"REST"},{"floor":11,"key":"REST"},{"data":"Zap","floor":15,"key":"SMITH"},{"floor":23,"key":"REST"}],"neow_cost":"CURSE","seed_source_timestamp":28073544120240,"circlet_count":0,"master_deck":["AscendersBane","Strike_B","Strike_B","Strike_B","Strike_B","Defend_B","Defend_B+1","Defend_B","Defend_B","Zap+1","Dualcast","Panacea+1","Bandage Up","Regret","Ball Lightning","Biased Cognition","FTL","Coolheaded","Loop","Cold Snap","Compile Driver","Thunder Strike","Rip and Tear","Sweeping Beam","Capacitor","Machine Learning","Consume","Turbo","Gash","Beam Cell","Conserve Battery","Hologram","Hologram","Defragment"],"relics":["Cracked Core","WarpedTongs","Dream Catcher","Bag of Marbles","Kunai","War Paint","Orrery","Calipers","MutagenicStrength"],"potions_floor_usage":[6,7,16,18,24],"damage_taken":[{"damage":9,"enemies":"Jaw Worm","floor":1,"turns":4},{"damage":4,"enemies":"Cultist","floor":3,"turns":3},{"damage":0,"enemies":"2 Louse","floor":4,"turns":3},{"damage":30,"enemies":"Lagavulin","floor":6,"turns":6},{"damage":27,"enemies":"Exordium Thugs","floor":7,"turns":4},{"damage":9,"enemies":"Gremlin Nob","floor":13,"turns":4},{"damage":21,"enemies":"The Guardian","floor":16,"turns":9},{"damage":6,"enemies":"Chosen","floor":18,"turns":3},{"damage":38,"enemies":"2 Thieves","floor":19,"turns":4},{"damage":25,"enemies":"Sentry and Sphere","floor":22,"turns":6},{"damage":32,"enemies":"Book of Stabbing","floor":24,"turns":3}],"seed_played":"5006341475802139626","potions_obtained":[{"floor":4,"key":"AttackPotion"},{"floor":6,"key":"Swift Potion"},{"floor":7,"key":"Explosive Potion"},{"floor":13,"key":"SteroidPotion"},{"floor":18,"key":"LiquidBronze"}],"is_trial":false,"path_per_floor":["M","?","M","M","$","E","M","R","T","?","R","$","E","T","R","B",null,"M","M","?","?","M","R","E"],"character_chosen":"DEFECT","items_purchased":["Coolheaded","Capacitor"],"campfire_rested":3,"item_purchase_floors":[5,12],"current_hp_per_floor":[59,59,59,63,63,39,18,39,39,39,60,60,51,51,51,34,62,56,24,24,24,5,26,0],"gold":78,"neow_bonus":"RANDOM_COLORLESS_2","is_prod":false,"is_daily":false,"chose_seed":false,"campfire_upgraded":1,"win_rate":0,"timestamp":1564148191,"path_taken":["M","?","M","?","$","E","M","R","T","?","R","?","E","?","R","BOSS","M","M","?","?","M","R","E"],"build_version":"2019-07-17","purchased_purges":1,"victory":false,"max_hp_per_floor":[71,71,71,71,71,71,71,71,71,71,71,71,71,71,71,71,71,71,71,71,71,71,71,71],"card_choices":[{"not_picked":["Go for the Eyes","Gash"],"picked":"Ball Lightning","floor":1},{"not_picked":["Reprogram","Go for the Eyes"],"picked":"Biased Cognition","floor":3},{"not_picked":["Streamline","Go for the Eyes"],"picked":"FTL","floor":4},{"not_picked":["Go for the Eyes","Amplify"],"picked":"Loop","floor":6},{"not_picked":["Go for the Eyes","Barrage"],"picked":"Cold Snap","floor":7},{"not_picked":["Steam Power","Cold Snap"],"picked":"Compile Driver","floor":8},{"not_picked":["Leap","Go for the Eyes","Rebound"],"picked":"SKIP","floor":13},{"not_picked":["Thunder Strike","Biased Cognition"],"picked":"Machine Learning","floor":16},{"not_picked":["Redo","Stack"],"picked":"Consume","floor":17},{"not_picked":["Streamline","Leap"],"picked":"Turbo","floor":17},{"not_picked":["Leap","Ball Lightning"],"picked":"Gash","floor":17},{"not_picked":["Tempest","Static Discharge"],"picked":"Beam Cell","floor":17},{"not_picked":["Cold Snap","Hello World"],"picked":"Conserve Battery","floor":17},{"not_picked":["Gash","Turbo+1"],"picked":"Hologram","floor":18},{"not_picked":["Leap","Meteor Strike"],"picked":"Hologram","floor":19},{"not_picked":["Turbo","Barrage+1","Beam Cell"],"picked":"SKIP","floor":22},{"not_picked":["Force Field","Rip and Tear+1"],"picked":"Defragment","floor":23}],"player_experience":1090810,"relics_obtained":[{"floor":6,"key":"Dream Catcher"},{"floor":9,"key":"Bag of Marbles"},{"floor":13,"key":"Kunai"},{"floor":14,"key":"War Paint"}],"event_choices":[{"damage_healed":0,"gold_gain":0,"player_choice":"Rummage","damage_taken":0,"relics_obtained":["WarpedTongs"],"max_hp_gain":0,"max_hp_loss":0,"event_name":"Accursed Blacksmith","floor":2,"gold_loss":0,"cards_obtained":["Pain"]},{"damage_healed":0,"gold_gain":0,"player_choice":"3 cards matched","damage_taken":0,"max_hp_gain":0,"max_hp_loss":0,"event_name":"Match and Keep!","floor":10,"gold_loss":0,"cards_obtained":["Thunder Strike","Rip and Tear","Sweeping Beam"]},{"damage_healed":0,"gold_gain":0,"player_choice":"Obtained Relic","damage_taken":0,"relics_obtained":["Calipers"],"max_hp_gain":0,"max_hp_loss":0,"event_name":"Addict","floor":20,"gold_loss":85},{"damage_healed":0,"gold_gain":0,"player_choice":"Inject Mutagens","damage_taken":0,"relics_obtained":["MutagenicStrength"],"max_hp_gain":0,"max_hp_loss":0,"event_name":"Drug Dealer","floor":21,"gold_loss":0}],"is_beta":false,"boss_relics":[{"not_picked":["Coffee Dripper","Philosopher\u0027s Stone"],"picked":"Orrery"}],"items_purged_floors":[5],"is_endless":false,"potions_floor_spawned":[4,6,7,13,18],"killed_by":"Book of Stabbing","ascension_level":15}