{"gold_per_floor":[117,130,144,162,240,271,271,290,368,394,394,422,433,461,461,538,538,548,61,78,78,98,133,133,161,186,186,196,213,247,267,267,341,341,355,374,374,374,47,47,76,87,133,133,144,171,183,198,198,198],"floor_reached":50,"playtime":3393,"items_purged":[],"score":1197,"play_id":"5e49b8e7-02ec-4458-a026-ee9e87cad40a","local_time":"20190806001845","is_ascension_mode":true,"campfire_choices":[{"data":"Chaos","floor":7.0,"key":"SMITH"},{"floor":11.0,"key":"REST"},{"floor":15.0,"key":"REST"},{"data":"Heatsinks","floor":24.0,"key":"SMITH"},{"data":"Electrodynamics","floor":27.0,"key":"SMITH"},{"data":"Biased Cognition","floor":32.0,"key":"SMITH"},{"data":"Static Discharge","floor":40.0,"key":"SMITH"},{"floor":44.0,"key":"REST"},{"floor":49.0,"key":"RECALL"}],"neow_cost":"NONE","seed_source_timestamp":806533512396671,"circlet_count":0,"master_deck":["AscendersBane","Strike_B+1","Strike_B+1","Defend_B","Defend_B","Defend_B+1","Zap+1","Dualcast","Sunder","Barrage","Compile Driver","Go for the Eyes","Chaos+1","Leap","Stack+1","Heatsinks+1","Electrodynamics+1","Stack","Biased Cognition+1","Static Discharge+1","Storm+1","Compile Driver+1","Barrage+1","Lockon","Capacitor","Beam Cell","Core Surge","Ball Lightning","Auto Shields+1","Coolheaded","Doom and Gloom","Skim+1","Stack","Streamline+1","Loop+1"],"special_seed":0,"relics":["Cracked Core","Whetstone","Mummified Hand","Incense Burner","Anchor","Odd Mushroom","Philosopher\u0027s Stone","Meat on the Bone","Art of War","Dodecahedron","Dream Catcher","War Paint","Oddly Smooth Stone","Empty Cage","Gremlin Horn","PreservedInsect","Pantograph"],"potions_floor_usage":[50],"damage_taken":[{"damage":1.0,"enemies":"Cultist","floor":1.0,"turns":3.0},{"damage":0.0,"enemies":"2 Louse","floor":2.0,"turns":1.0},{"damage":0.0,"enemies":"Jaw Worm","floor":3.0,"turns":3.0},{"damage":6.0,"enemies":"Exordium Wildlife","floor":4.0,"turns":2.0},{"damage":39.0,"enemies":"Gremlin Nob","floor":6.0,"turns":4.0},{"damage":0.0,"enemies":"Large Slime","floor":8.0,"turns":3.0},{"damage":16.0,"enemies":"3 Sentries","floor":10.0,"turns":4.0},{"damage":14.0,"enemies":"Lagavulin","floor":12.0,"turns":7.0},{"damage":0.0,"enemies":"3 Louse","floor":13.0,"turns":2.0},{"damage":8.0,"enemies":"The Mushroom Lair","floor":14.0,"turns":4.0},{"damage":12.0,"enemies":"Hexaghost","floor":16.0,"turns":14.0},{"damage":0.0,"enemies":"Chosen","floor":18.0,"turns":3.0},{"damage":0.0,"enemies":"2 Thieves","floor":20.0,"turns":3.0},{"damage":3.0,"enemies":"Shelled Parasite and Fungi","floor":22.0,"turns":4.0},{"damage":12.0,"enemies":"Book of Stabbing","floor":23.0,"turns":4.0},{"damage":32.0,"enemies":"Gremlin Leader","floor":25.0,"turns":5.0},{"damage":0.0,"enemies":"Snake Plant","floor":28.0,"turns":3.0},{"damage":0.0,"enemies":"Cultist and Chosen","floor":29.0,"turns":3.0},{"damage":1.0,"enemies":"Slavers","floor":30.0,"turns":2.0},{"damage":0.0,"enemies":"Centurion and Healer","floor":31.0,"turns":3.0},{"damage":8.0,"enemies":"Collector","floor":33.0,"turns":6.0},{"damage":0.0,"enemies":"3 Shapes","floor":35.0,"turns":1.0},{"damage":0.0,"enemies":"Orb Walker","floor":36.0,"turns":3.0},{"damage":28.0,"enemies":"Reptomancer","floor":41.0,"turns":3.0},{"damage":17.0,"enemies":"3 Darklings","floor":42.0,"turns":2.0},{"damage":20.0,"enemies":"Writhing Mass","floor":45.0,"turns":2.0},{"damage":21.0,"enemies":"Nemesis","floor":46.0,"turns":5.0},{"damage":0.0,"enemies":"4 Shapes","floor":47.0,"turns":2.0},{"damage":0.0,"enemies":"3 Darklings","floor":48.0,"turns":2.0},{"damage":85,"enemies":"Awakened One","floor":50,"turns":9}],"seed_played":"-2878907112558955496","potions_obtained":[{"floor":1.0,"key":"Block Potion"},{"floor":3.0,"key":"Regen Potion"},{"floor":8.0,"key":"Energy Potion"},{"floor":12.0,"key":"SkillPotion"},{"floor":14.0,"key":"EssenceOfSteel"},{"floor":22.0,"key":"FearPotion"},{"floor":25.0,"key":"Swift Potion"},{"floor":28.0,"key":"SmokeBomb"},{"floor":31.0,"key":"Ancient Potion"},{"floor":41.0,"key":"Ancient Potion"},{"floor":47.0,"key":"SkillPotion"}],"is_trial":false,"path_per_floor":["M","M","M","M","?","E","R","M","T","E","R","E","M","?","R","B",null,"M","$","M","?","M","E","R","E","T","R","M","M","E","M","R","B",null,"M","M","?","?","$","R","E","M","T","R","M","E","M","M","R","B"],"character_chosen":"DEFECT","items_purchased":["Storm","Meat on the Bone","Art of War","Gremlin Horn","Coolheaded"],"campfire_rested":3,"item_purchase_floors":[19,19,19,39,39],"current_hp_per_floor":[63,63,63,57,57,18,18,18,18,14,35,21,21,13,34,22,59,59,59,59,59,56,44,44,24,24,24,36,36,47,47,47,39,63,63,63,63,63,63,63,35,30,30,50,42,33,45,45,45,0],"gold":198,"neow_bonus":"UPGRADE_CARD","is_prod":false,"is_daily":false,"chose_seed":false,"campfire_upgraded":5,"win_rate":0,"timestamp":1565065125,"path_taken":["M","M","M","M","?","E","R","M","T","E","R","E","M","?","R","BOSS","M","$","M","?","M","E","R","E","T","R","M","?","E","M","R","BOSS","M","M","?","?","?","R","E","M","T","R","M","E","M","M","R","BOSS"],"build_version":"2019-07-17","purchased_purges":0,"victory":false,"max_hp_per_floor":[71,71,71,71,71,71,71,71,71,71,71,71,71,71,71,71,71,71,71,71,71,71,71,71,71,71,71,71,71,71,71,71,71,71,71,71,71,67,67,67,67,67,67,67,67,67,67,67,67,67],"card_choices":[{"not_picked":["Capacitor","Steam"],"picked":"Sunder","floor":1.0},{"not_picked":["Auto Shields","Leap"],"picked":"Barrage","floor":2.0},{"not_picked":["Coolheaded","Capacitor"],"picked":"Compile Driver","floor":3.0},{"not_picked":["Beam Cell","Stack"],"picked":"Go for the Eyes","floor":4.0},{"not_picked":["Skim","Scrape"],"picked":"Chaos","floor":6.0},{"not_picked":["Force Field","Turbo"],"picked":"Leap","floor":8.0},{"not_picked":["Self Repair","Blizzard"],"picked":"Stack","floor":10.0},{"not_picked":["Coolheaded","Rip and Tear"],"picked":"Heatsinks","floor":12.0},{"not_picked":["Heatsinks","Beam Cell"],"picked":"Electrodynamics","floor":13.0},{"not_picked":["FTL","Ball Lightning"],"picked":"Stack","floor":14.0},{"not_picked":["Buffer","Thunder Strike"],"picked":"Biased Cognition","floor":16.0},{"not_picked":["Steam","Cold Snap"],"picked":"Static Discharge","floor":18.0},{"not_picked":["Conserve Battery","Streamline"],"picked":"Compile Driver+1","floor":20.0},{"not_picked":["Go for the Eyes","Compile Driver"],"picked":"Barrage+1","floor":22.0},{"not_picked":["Blizzard","Hologram","Ball Lightning"],"picked":"SKIP","floor":23.0},{"not_picked":["Scrape","Blizzard","Electrodynamics"],"picked":"SKIP","floor":25.0},{"not_picked":["Coolheaded","Cold Snap"],"picked":"Lockon","floor":28.0},{"not_picked":["Sunder","Hello World"],"picked":"Capacitor","floor":29.0},{"not_picked":["FTL","Blizzard","Barrage"],"picked":"SKIP","floor":30.0},{"not_picked":["FTL","Compile Driver"],"picked":"Beam Cell","floor":31.0},{"not_picked":["Multi-Cast","Fission"],"picked":"Core Surge","floor":33.0},{"not_picked":["Conserve Battery","Capacitor"],"picked":"Ball Lightning","floor":35.0},{"not_picked":["Hello World","Go for the Eyes"],"picked":"Auto Shields+1","floor":36.0},{"not_picked":["Streamline","Reprogram+1","Auto Shields+1"],"picked":"SKIP","floor":41.0},{"not_picked":["Conserve Battery","Go for the Eyes"],"picked":"Doom and Gloom","floor":42.0},{"not_picked":["Heatsinks","Loop"],"picked":"Skim+1","floor":44.0},{"not_picked":["White Noise","Sweeping Beam"],"picked":"Stack","floor":45.0},{"not_picked":["Turbo","Beam Cell+1"],"picked":"Streamline+1","floor":46.0},{"not_picked":["Ball Lightning","Aggregate+1","Self Repair"],"picked":"SKIP","floor":47.0},{"not_picked":["Gash","Cold Snap"],"picked":"Loop+1","floor":48.0}],"player_experience":1713303,"relics_obtained":[{"floor":6.0,"key":"Whetstone"},{"floor":9.0,"key":"Mummified Hand"},{"floor":10.0,"key":"Incense Burner"},{"floor":12.0,"key":"Anchor"},{"floor":14.0,"key":"Odd Mushroom"},{"floor":23.0,"key":"Dodecahedron"},{"floor":25.0,"key":"Dream Catcher"},{"floor":26.0,"key":"War Paint"},{"floor":30.0,"key":"Oddly Smooth Stone"},{"floor":41.0,"key":"PreservedInsect"},{"floor":46.0,"key":"Pantograph"}],"event_choices":[{"damage_healed":0.0,"max_hp_gain":0.0,"max_hp_loss":0.0,"gold_gain":78.0,"event_name":"Golden Wing","player_choice":"Gained Gold","floor":5.0,"gold_loss":0.0,"damage_taken":0.0},{"damage_healed":0.0,"max_hp_gain":0.0,"max_hp_loss":0.0,"gold_gain":0.0,"event_name":"Mushrooms","player_choice":"Fought Mushrooms","floor":14.0,"gold_loss":0.0,"damage_taken":0.0},{"damage_healed":0.0,"max_hp_gain":0.0,"max_hp_loss":0.0,"gold_gain":0.0,"event_name":"Accursed Blacksmith","player_choice":"Forge","floor":21.0,"gold_loss":0.0,"damage_taken":0.0,"cards_upgraded":["Storm"]},{"cards_removed":["Defend_B"],"damage_healed":0.0,"max_hp_gain":0.0,"max_hp_loss":0.0,"gold_gain":0.0,"event_name":"Falling","player_choice":"Removed Skill","floor":37.0,"gold_loss":0.0,"damage_taken":0.0},{"damage_healed":0.0,"max_hp_gain":0.0,"max_hp_loss":4.0,"gold_gain":0.0,"event_name":"Winding Halls","player_choice":"Max HP","floor":38.0,"gold_loss":0.0,"damage_taken":0.0}],"is_beta":false,"boss_relics":[{"not_picked":["Coffee Dripper","Eternal Feather"],"picked":"Philosopher\u0027s Stone"},{"not_picked":["Lizard Tail","Velvet Choker"],"picked":"Empty Cage"}],"items_purged_floors":[],"is_endless":false,"potions_floor_spawned":[1,3,8,12,14,22,25,28,31,41,42,47,48],"killed_by":"Awakened One","ascension_level":20}