{"gold_per_floor":[118,129,140,65,84,84,117,117,144,144,188,63,63,83,83,176,176,196,215,83,96,114,114,153,153,153,177,177,177,196,196],"floor_reached":31,"playtime":1683,"items_purged":["Injury"],"score":521,"play_id":"57611cc5-33ec-42ee-bbd8-d6c30cd27fa9","local_time":"20190728193049","is_ascension_mode":true,"campfire_choices":[{"data":"Zap","floor":6.0,"key":"SMITH"},{"floor":10.0,"key":"REST"},{"data":"Loop","floor":15,"key":"SMITH"},{"floor":23,"key":"REST"},{"data":"Conserve Battery","floor":25,"key":"SMITH"},{"data":"Creative AI","floor":28,"key":"SMITH"},{"data":"Dualcast","floor":29,"key":"SMITH"}],"neow_cost":"NONE","seed_source_timestamp":99936084128268,"circlet_count":0,"master_deck":["AscendersBane","Strike_B","Strike_B","Strike_B","Defend_B","Defend_B","Defend_B","Defend_B","Zap+1","Dualcast+1","Streamline","Cold Snap","Compile Driver","Coolheaded","Conserve Battery+1","Go for the Eyes+1","Electrodynamics","Loop+1","Seek","Leap+1","Creative AI+1","Leap+1","Redo+1"],"special_seed":0,"relics":["Cracked Core","Orichalcum","Golden Idol","Smiling Mask","Boot","Eternal Feather","Centennial Puzzle","Dream Catcher","WingedGreaves"],"potions_floor_usage":[14,16,18,24,24,31],"damage_taken":[{"damage":0.0,"enemies":"Small Slimes","floor":1.0,"turns":2.0},{"damage":0.0,"enemies":"2 Louse","floor":2.0,"turns":1.0},{"damage":2.0,"enemies":"Jaw Worm","floor":3.0,"turns":3.0},{"damage":17.0,"enemies":"Lots of Slimes","floor":5.0,"turns":4.0},{"damage":22.0,"enemies":"3 Sentries","floor":7.0,"turns":6.0},{"damage":19,"enemies":"Lagavulin","floor":11,"turns":6},{"damage":0,"enemies":"Gremlin Gang","floor":14,"turns":2},{"damage":33,"enemies":"Hexaghost","floor":16,"turns":10},{"damage":14,"enemies":"Shell Parasite","floor":18,"turns":4},{"damage":8,"enemies":"3 Byrds","floor":19,"turns":4},{"damage":18,"enemies":"Centurion and Healer","floor":21,"turns":7},{"damage":2,"enemies":"Snecko","floor":22,"turns":6},{"damage":34,"enemies":"Book of Stabbing","floor":24,"turns":7},{"damage":18,"enemies":"Snake Plant","floor":27,"turns":6},{"damage":15,"enemies":"Cultist and Chosen","floor":30,"turns":7},{"damage":25,"enemies":"Gremlin Leader","floor":31,"turns":2}],"seed_played":"2472231867867510222","potions_obtained":[{"floor":2.0,"key":"LiquidBronze"},{"floor":5.0,"key":"Fire Potion"},{"floor":11,"key":"Energy Potion"},{"floor":14,"key":"Ancient Potion"},{"floor":16,"key":"Strength Potion"},{"floor":21,"key":"FearPotion"},{"floor":27,"key":"Energy Potion"},{"floor":30,"key":"Ancient Potion"}],"is_trial":false,"path_per_floor":["M","M","M","?","M","R","E","?","T","R","E","$","?","M","R","B",null,"M","M","?","M","M","R","E","R","T","M","R","R","M","E"],"character_chosen":"DEFECT","items_purchased":["Electrodynamics"],"campfire_rested":2,"item_purchase_floors":[12],"current_hp_per_floor":[71,71,69,69,52,52,30,30,30,53,34,34,34,34,34,1,59,45,37,37,19,17,52,18,30,30,12,24,36,21,0],"gold":196,"neow_bonus":"TEN_PERCENT_HP_BONUS","is_prod":false,"is_daily":false,"chose_seed":false,"campfire_upgraded":5,"win_rate":0,"timestamp":1564356649,"path_taken":["M","M","M","?","M","R","E","?","T","R","E","$","?","M","R","BOSS","M","M","?","?","M","R","E","R","T","M","R","R","?","E"],"build_version":"2019-07-17","purchased_purges":1,"victory":false,"max_hp_per_floor":[78,78,78,78,78,78,78,78,78,78,78,78,78,78,78,78,78,78,78,78,78,78,78,78,78,78,78,78,78,78,78],"card_choices":[{"not_picked":["Gash","Conserve Battery"],"picked":"Streamline","floor":1.0},{"not_picked":["Rebound","Self Repair"],"picked":"Cold Snap","floor":2.0},{"not_picked":["Reinforced Body","Coolheaded"],"picked":"Compile Driver","floor":3.0},{"not_picked":["Rip and Tear","Redo"],"picked":"Coolheaded","floor":5.0},{"not_picked":["Streamline","White Noise"],"picked":"Conserve Battery","floor":7.0},{"not_picked":["Leap","Compile Driver"],"picked":"Go for the Eyes","floor":11},{"not_picked":["Rip and Tear","Sweeping Beam"],"picked":"Loop","floor":14},{"not_picked":["Amplify","All For One"],"picked":"Seek","floor":16},{"not_picked":["Redo","Conserve Battery","Compile Driver"],"picked":"SKIP","floor":18},{"not_picked":["Compile Driver","Barrage","Cold Snap"],"picked":"SKIP","floor":19},{"not_picked":["Auto Shields","Streamline"],"picked":"Leap+1","floor":21},{"not_picked":["Gash+1","Force Field","Blizzard"],"picked":"SKIP","floor":22},{"not_picked":["Double Energy","Redo"],"picked":"Creative AI","floor":24},{"not_picked":["Conserve Battery","Doom and Gloom"],"picked":"Leap+1","floor":27},{"not_picked":["Go for the Eyes","Fusion"],"picked":"Redo+1","floor":30}],"player_experience":1643523,"relics_obtained":[{"floor":7.0,"key":"Orichalcum"},{"floor":9.0,"key":"Smiling Mask"},{"floor":11,"key":"Boot"},{"floor":24,"key":"Dream Catcher"},{"floor":26,"key":"WingedGreaves"}],"event_choices":[{"cards_removed":["Strike_B"],"damage_healed":0.0,"max_hp_gain":0.0,"max_hp_loss":0.0,"gold_gain":0.0,"event_name":"The Cleric","player_choice":"Card Removal","floor":4.0,"gold_loss":75.0,"damage_taken":0.0},{"damage_healed":0.0,"max_hp_gain":0.0,"max_hp_loss":0.0,"gold_gain":0.0,"event_name":"Golden Idol","player_choice":"Take Wound","floor":8.0,"gold_loss":0.0,"damage_taken":0.0,"relics_obtained":["Golden Idol"],"cards_obtained":["Injury"]},{"damage_healed":0,"gold_gain":0,"player_choice":"Grow","damage_taken":0,"max_hp_gain":0,"max_hp_loss":0,"event_name":"Living Wall","floor":13,"gold_loss":0,"cards_upgraded":["Go for the Eyes"]},{"damage_healed":0,"gold_gain":0,"player_choice":"Paid Gold","damage_taken":0,"relics_obtained":["Centennial Puzzle"],"max_hp_gain":0,"max_hp_loss":0,"event_name":"WeMeetAgain","floor":20,"gold_loss":132}],"is_beta":false,"boss_relics":[{"not_picked":["White Beast Statue","Orrery"],"picked":"Eternal Feather"}],"items_purged_floors":[12],"is_endless":false,"potions_floor_spawned":[2,5,11,14,16,21,27,30],"killed_by":"Gremlin Leader","ascension_level":19}