{"gold_per_floor":[116,416,416,430,73,73,107,121,121,140,151,151,170,198,198,296,296,314,314,314,325,325,325,340,340],"floor_reached":25,"playtime":745,"items_purged":["Pain"],"score":213,"play_id":"67823c04-76ad-4ca6-9b7d-700cb8c9b506","local_time":"20190329011011","is_ascension_mode":false,"campfire_choices":[{"data":"Double Tap","floor":6,"key":"SMITH"},{"data":"Berserk","floor":12,"key":"SMITH"},{"data":"Bash","floor":15,"key":"SMITH"},{"data":"Demon Form","floor":23,"key":"SMITH"}],"neow_cost":"NONE","seed_source_timestamp":40128298267926,"circlet_count":0,"master_deck":["Strike_R+1","Strike_R+1","Strike_R+1","Strike_R+1","Strike_R+1","Defend_R+1","Defend_R+1","Defend_R+1","Defend_R+1","Bash+1","Dramatic Entrance","Heavy Blade","Regret","Heavy Blade","Cleave","Double Tap+1","Wild Strike","Heavy Blade","Dual Wield","Berserk+1","Cleave","Shrug It Off","Demon Form+1","Flex+1","Spot Weakness","Thunderclap","Spot Weakness"],"relics":["Burning Blood","Old Coin","WarpedTongs","Omamori","Gremlin Horn","Calipers","Cursed Key","Nilry\u0027s Codex"],"potions_floor_usage":[14,16,16,21],"damage_taken":[{"damage":0,"enemies":"Small Slimes","floor":1,"turns":3},{"damage":12,"enemies":"Jaw Worm","floor":4,"turns":2},{"damage":16,"enemies":"Gremlin Nob","floor":7,"turns":3},{"damage":0,"enemies":"Cultist","floor":8,"turns":2},{"damage":3,"enemies":"3 Louse","floor":10,"turns":2},{"damage":2,"enemies":"Exordium Wildlife","floor":11,"turns":2},{"damage":10,"enemies":"Looter","floor":13,"turns":2},{"damage":15,"enemies":"3 Sentries","floor":14,"turns":5},{"damage":39,"enemies":"Hexaghost","floor":16,"turns":8},{"damage":10,"enemies":"Shell Parasite","floor":18,"turns":2},{"damage":15,"enemies":"Spheric Guardian","floor":21,"turns":3},{"damage":30,"enemies":"Centurion and Healer","floor":24,"turns":6},{"damage":32,"enemies":"Sentry and Sphere","floor":25,"turns":3}],"seed_played":"5760579300809862447","potions_obtained":[{"floor":4,"key":"SneckoOil"},{"floor":8,"key":"Weak Potion"},{"floor":13,"key":"Energy Potion"},{"floor":18,"key":"AttackPotion"}],"is_trial":false,"path_per_floor":["M","?","?","M","$","R","E","M","T","M","M","R","M","E","R","B",null,"M","?","?","M","?","R","M","M"],"character_chosen":"IRONCLAD","items_purchased":["Omamori","Cleave","Double Tap"],"campfire_rested":0,"item_purchase_floors":[5,5,5],"current_hp_per_floor":[80,80,80,74,74,74,64,70,70,73,77,77,73,64,64,31,80,76,60,60,51,51,51,27,0],"gold":340,"neow_bonus":"RANDOM_COLORLESS","is_prod":false,"is_daily":false,"chose_seed":false,"campfire_upgraded":4,"win_rate":0,"timestamp":1553785811,"path_taken":["M","?","?","M","$","R","E","?","T","M","M","R","M","E","R","BOSS","M","?","?","M","?","R","M","M"],"build_version":"2019-01-23","purchased_purges":1,"victory":false,"max_hp_per_floor":[80,80,80,80,80,80,80,80,80,80,80,80,80,80,80,80,80,80,80,80,80,80,80,80,80],"card_choices":[{"not_picked":["Wild Strike","Body Slam"],"picked":"Heavy Blade","floor":1},{"not_picked":["Corruption","Anger"],"picked":"Heavy Blade","floor":4},{"not_picked":["Disarm","Sever Soul"],"picked":"Wild Strike","floor":7},{"not_picked":["Perfected Strike","Thunderclap"],"picked":"Heavy Blade","floor":8},{"not_picked":["Bloodletting","Perfected Strike"],"picked":"Dual Wield","floor":10},{"not_picked":["Thunderclap","Body Slam"],"picked":"Berserk","floor":11},{"not_picked":["Thunderclap","Anger"],"picked":"Cleave","floor":13},{"not_picked":["Rage","Iron Wave"],"picked":"Shrug It Off","floor":14},{"not_picked":["Offering","Double Tap"],"picked":"Demon Form","floor":16},{"not_picked":["Hemokinesis","Clash+1"],"picked":"Flex+1","floor":18},{"not_picked":["Whirlwind","Wild Strike"],"picked":"Thunderclap","floor":21},{"not_picked":["Feel No Pain","Carnage"],"picked":"Spot Weakness","floor":24}],"player_experience":264478,"relics_obtained":[{"floor":7,"key":"Gremlin Horn"},{"floor":14,"key":"Calipers"},{"floor":19,"key":"Nilry\u0027s Codex"}],"event_choices":[{"damage_healed":0,"gold_gain":0,"player_choice":"Box","damage_taken":0,"relics_obtained":["Old Coin"],"max_hp_gain":0,"max_hp_loss":0,"event_name":"Big Fish","floor":2,"gold_loss":0,"cards_obtained":["Regret"]},{"damage_healed":0,"gold_gain":0,"player_choice":"Rummage","damage_taken":0,"relics_obtained":["WarpedTongs"],"max_hp_gain":0,"max_hp_loss":0,"event_name":"Accursed Blacksmith","floor":3,"gold_loss":0,"cards_obtained":["Pain"]},{"damage_healed":0,"gold_gain":0,"player_choice":"Obtained Book","damage_taken":16,"max_hp_gain":0,"max_hp_loss":0,"event_name":"Cursed Tome","floor":19,"gold_loss":0},{"damage_healed":0,"gold_gain":0,"player_choice":"Read","damage_taken":0,"max_hp_gain":0,"max_hp_loss":0,"event_name":"The Library","floor":20,"gold_loss":0,"cards_obtained":["Spot Weakness"]},{"damage_healed":0,"gold_gain":0,"player_choice":"Simplicity","damage_taken":0,"max_hp_gain":0,"max_hp_loss":0,"event_name":"Back to Basics","floor":22,"gold_loss":0,"cards_upgraded":["Strike_R","Strike_R","Strike_R","Strike_R","Strike_R","Defend_R","Defend_R","Defend_R","Defend_R"]}],"is_beta":false,"boss_relics":[{"not_picked":["Runic Cube","Fusion Hammer"],"picked":"Cursed Key"}],"items_purged_floors":[5],"is_endless":false,"potions_floor_spawned":[4,8,13,18],"killed_by":"Sentry and Sphere","ascension_level":0}