{"gold_per_floor":[18,31,45,63,75,75,100,100,149,149,166,176,195,261,261,333,333,348,366,385,162,173,173],"floor_reached":23,"playtime":1322,"items_purged":["Strike_G"],"score":338,"play_id":"b93e97b5-37d0-4865-a3de-50b982cc5183","local_time":"20181218231944","is_ascension_mode":true,"campfire_choices":[{"data":"Flying Knee","floor":6.0,"key":"SMITH"},{"data":"Deadly Poison","floor":8.0,"key":"SMITH"},{"floor":10.0,"key":"REST"},{"floor":15.0,"key":"REST"}],"neow_cost":"NO_GOLD","seed_source_timestamp":445109752590579,"circlet_count":0,"master_deck":["AscendersBane","Defend_G","Defend_G","Defend_G","Defend_G","Defend_G","Strike_G","Strike_G","Survivor","Neutralize","Deadly Poison","Flying Knee+1","Deadly Poison+1","Noxious Fumes","Poisoned Stab","Sucker Punch","Crippling Poison","Catalyst","Corpse Explosion","Backstab"],"special_seed":0,"relics":["Ring of the Snake","Tingsha","Velvet Choker","Lantern"],"potions_floor_usage":[23],"damage_taken":[{"damage":2.0,"enemies":"Small Slimes","floor":1.0,"turns":4.0},{"damage":0.0,"enemies":"Jaw Worm","floor":2.0,"turns":5.0},{"damage":1.0,"enemies":"2 Louse","floor":3.0,"turns":4.0},{"damage":10.0,"enemies":"Large Slime","floor":4.0,"turns":8.0},{"damage":4.0,"enemies":"Looter","floor":5.0,"turns":4.0},{"damage":28.0,"enemies":"3 Sentries","floor":7.0,"turns":8.0},{"damage":6.0,"enemies":"3 Louse","floor":11.0,"turns":4.0},{"damage":14.0,"enemies":"Exordium Thugs","floor":12.0,"turns":5.0},{"damage":1.0,"enemies":"Blue Slaver","floor":13.0,"turns":4.0},{"damage":16.0,"enemies":"Hexaghost","floor":16.0,"turns":6.0},{"damage":0.0,"enemies":"3 Byrds","floor":18.0,"turns":2.0},{"damage":7.0,"enemies":"Chosen","floor":19.0,"turns":4.0},{"damage":20.0,"enemies":"Centurion and Healer","floor":20.0,"turns":4.0},{"damage":12.0,"enemies":"Snake Plant","floor":22.0,"turns":3.0},{"damage":29,"enemies":"Book of Stabbing","floor":23,"turns":3}],"seed_played":"4422352901700849512","potions_obtained":[{"floor":2.0,"key":"Energy Potion"},{"floor":5.0,"key":"Swift Potion"},{"floor":12.0,"key":"LiquidBronze"},{"floor":18.0,"key":"Swift Potion"},{"floor":19.0,"key":"FearPotion"}],"is_trial":false,"path_per_floor":["M","M","M","M","M","R","E","R","T","R","M","M","M","?","R","B",null,"M","M","M","$","M","E"],"character_chosen":"THE_SILENT","items_purchased":["Lantern"],"campfire_rested":2,"item_purchase_floors":[21],"current_hp_per_floor":[57,57,56,46,42,42,14,14,14,33,27,13,12,12,31,15,53,53,46,26,26,14,0],"gold":173,"neow_bonus":"REMOVE_TWO","is_prod":false,"is_daily":false,"chose_seed":false,"campfire_upgraded":2,"win_rate":0,"timestamp":1545193184,"path_taken":["M","M","M","M","M","R","E","R","T","R","M","M","M","?","R","BOSS","M","M","M","$","M","E"],"build_version":"2018-12-13","purchased_purges":1,"victory":false,"max_hp_per_floor":[66,66,66,66,66,66,66,66,66,66,66,66,66,66,66,66,66,66,66,66,66,66,66],"card_choices":[{"not_picked":["Distraction","Acrobatics"],"picked":"Deadly Poison","floor":1.0},{"not_picked":["Dash","Outmaneuver"],"picked":"Flying Knee","floor":2.0},{"not_picked":["Dagger Spray","Finisher"],"picked":"Deadly Poison","floor":3.0},{"not_picked":["A Thousand Cuts","Deadly Poison"],"picked":"Noxious Fumes","floor":4.0},{"not_picked":["Blade Dance","PiercingWail","Accuracy"],"picked":"SKIP","floor":5.0},{"not_picked":["Dodge and Roll","Deflect"],"picked":"Poisoned Stab","floor":7.0},{"not_picked":["Dodge and Roll","Poisoned Stab"],"picked":"Sucker Punch","floor":11.0},{"not_picked":["Acrobatics","PiercingWail"],"picked":"Crippling Poison","floor":12.0},{"not_picked":["Acrobatics","Accuracy"],"picked":"Catalyst","floor":13.0},{"not_picked":["Burst","Unload"],"picked":"Corpse Explosion","floor":16.0},{"not_picked":["Calculated Gamble","Blade Dance","Underhanded Strike"],"picked":"SKIP","floor":18.0},{"not_picked":["Infinite Blades","Quick Slash","Deflect"],"picked":"SKIP","floor":19.0},{"not_picked":["Deflect","Dodge and Roll"],"picked":"Backstab","floor":20.0},{"not_picked":["Dodge and Roll","Dagger Spray","Acrobatics"],"picked":"SKIP","floor":22.0}],"player_experience":895742,"relics_obtained":[{"floor":7.0,"key":"Tingsha"}],"event_choices":[{"damage_healed":0.0,"max_hp_gain":0.0,"max_hp_loss":0.0,"gold_gain":66.0,"event_name":"Golden Wing","player_choice":"Gained Gold","floor":14.0,"gold_loss":0.0,"damage_taken":0.0}],"is_beta":false,"boss_relics":[{"not_picked":["Orrery","Snecko Eye"],"picked":"Velvet Choker"}],"items_purged_floors":[21],"is_endless":false,"potions_floor_spawned":[2,5,12,18,19],"killed_by":"Book of Stabbing","ascension_level":14}