{"gold_per_floor":[117,135,135,145,164,193,193,224,249,276,294,310,310,84,84,162,162,177,191,201,212,229,229,255,255,280,308,91,91,37,37,37,116,116,131,56,74,174,174,206,206,239,239,266,318,330,345,364,364,364],"floor_reached":50,"playtime":4485,"items_purged":["Strike_B"],"score":1334,"play_id":"3198172e-efd6-4148-a5b5-3025c11c7907","local_time":"20190825140947","is_ascension_mode":true,"campfire_choices":[{"data":"Chill","floor":7.0,"key":"SMITH"},{"floor":13.0,"key":"REST"},{"data":"Zap","floor":15.0,"key":"SMITH"},{"floor":23.0,"key":"REST"},{"floor":25.0,"key":"REST"},{"floor":32.0,"key":"REST"},{"data":"Biased Cognition","floor":41.0,"key":"SMITH"},{"floor":49.0,"key":"RECALL"}],"neow_cost":"NONE","seed_source_timestamp":0,"circlet_count":0,"master_deck":["AscendersBane","Strike_B","Strike_B","Defend_B","Defend_B","Defend_B+1","Defend_B","Zap+1","Dualcast+1","Cold Snap","Chill+1","Coolheaded","Compile Driver","Tempest","Cold Snap","Echo Form","Conserve Battery","Barrage","BootSequence","Reboot","Double Energy+1","Skim+1","Core Surge","Loop","Biased Cognition+1","Fusion","Stack+1","Sweeping Beam+1","Chaos+1","Stack+1","Static Discharge"],"special_seed":0,"relics":["Cracked Core","Orichalcum","War Paint","Centennial Puzzle","Oddly Smooth Stone","ClockworkSouvenir","Black Star","Bag of Preparation","Kunai","Blood Vial","PreservedInsect","DataDisk","Tiny Chest","Lantern","Inserter","FossilizedHelix","Dream Catcher","Bag of Marbles","Anchor","Du-Vu Doll","Strawberry","Potion Belt","Girya"],"potions_floor_usage":[50,50],"damage_taken":[{"damage":1.0,"enemies":"2 Louse","floor":1.0,"turns":3.0},{"damage":1.0,"enemies":"Cultist","floor":2.0,"turns":3.0},{"damage":5.0,"enemies":"Jaw Worm","floor":4.0,"turns":3.0},{"damage":7.0,"enemies":"Blue Slaver","floor":5.0,"turns":4.0},{"damage":16.0,"enemies":"Lagavulin","floor":6.0,"turns":7.0},{"damage":9.0,"enemies":"3 Sentries","floor":8.0,"turns":6.0},{"damage":15.0,"enemies":"Lagavulin","floor":10.0,"turns":6.0},{"damage":0.0,"enemies":"Looter","floor":11.0,"turns":3.0},{"damage":0.0,"enemies":"Large Slime","floor":12.0,"turns":6.0},{"damage":30.0,"enemies":"Slime Boss","floor":16.0,"turns":9.0},{"damage":5.0,"enemies":"Spheric Guardian","floor":18.0,"turns":4.0},{"damage":3.0,"enemies":"3 Byrds","floor":19.0,"turns":7.0},{"damage":2.0,"enemies":"Shelled Parasite and Fungi","floor":20.0,"turns":8.0},{"damage":4.0,"enemies":"Centurion and Healer","floor":21.0,"turns":11.0},{"damage":4.0,"enemies":"Cultist and Chosen","floor":22.0,"turns":9.0},{"damage":51.0,"enemies":"Book of Stabbing","floor":24.0,"turns":7.0},{"damage":23.0,"enemies":"Slavers","floor":27.0,"turns":8.0},{"damage":3.0,"enemies":"Automaton","floor":33.0,"turns":14.0},{"damage":0.0,"enemies":"3 Shapes","floor":35.0,"turns":4.0},{"damage":0.0,"enemies":"Orb Walker","floor":37.0,"turns":4.0},{"damage":0.0,"enemies":"Mind Bloom Boss Battle","floor":38.0,"turns":6.0},{"damage":0.0,"enemies":"Reptomancer","floor":40.0,"turns":10.0},{"damage":0.0,"enemies":"Nemesis","floor":42.0,"turns":5.0},{"damage":0.0,"enemies":"Giant Head","floor":44.0,"turns":6.0},{"damage":0.0,"enemies":"2 Orb Walkers","floor":45.0,"turns":5.0},{"damage":0.0,"enemies":"Sphere and 2 Shapes","floor":46.0,"turns":4.0},{"damage":0.0,"enemies":"3 Darklings","floor":47.0,"turns":5.0},{"damage":13.0,"enemies":"Writhing Mass","floor":48.0,"turns":5.0},{"damage":81,"enemies":"Time Eater","floor":50,"turns":13}],"seed_played":"6754641866763899083","potions_obtained":[{"floor":2.0,"key":"Explosive Potion"},{"floor":4.0,"key":"Strength Potion"},{"floor":6.0,"key":"Energy Potion"},{"floor":10.0,"key":"PowerPotion"},{"floor":12.0,"key":"Fire Potion"},{"floor":18.0,"key":"GamblersBrew"},{"floor":21.0,"key":"SkillPotion"},{"floor":22.0,"key":"Fire Potion"},{"floor":24.0,"key":"SpeedPotion"},{"floor":33.0,"key":"Weak Potion"},{"floor":40.0,"key":"Energy Potion"},{"floor":46.0,"key":"Poison Potion"},{"floor":47.0,"key":"FocusPotion"}],"is_trial":false,"path_per_floor":["M","M","?","M","M","E","R","E","T","E","M","M","R","$","R","B",null,"M","M","M","M","M","R","E","R","T","E","$","T","$","?","R","B",null,"M","$","M","?","?","E","R","E","T","E","?","M","M","M","R","B"],"character_chosen":"DEFECT","items_purchased":["ClockworkSouvenir","Tiny Chest","Loop","PowerPotion"],"campfire_rested":4,"item_purchase_floors":[14,28,28,30],"current_hp_per_floor":[70,69,69,64,57,41,41,32,32,17,17,17,40,40,40,10,61,56,53,51,47,43,66,15,38,38,17,17,17,17,17,40,39,68,70,70,72,74,74,76,76,78,78,85,85,85,85,72,72,0],"gold":364,"neow_bonus":"TEN_PERCENT_HP_BONUS","is_prod":false,"is_daily":false,"chose_seed":false,"campfire_upgraded":3,"win_rate":0,"timestamp":1566756587,"path_taken":["M","M","?","M","M","E","R","E","T","E","M","M","R","?","R","BOSS","M","M","M","M","M","R","E","R","T","E","$","?","?","?","R","BOSS","M","$","M","?","?","E","R","E","T","E","?","M","M","M","R","BOSS"],"build_version":"2019-07-17","purchased_purges":1,"victory":false,"max_hp_per_floor":[78,78,78,78,78,78,78,78,78,78,78,78,78,78,78,78,78,78,78,78,78,78,78,78,78,78,78,78,78,78,78,78,78,78,78,78,78,78,78,78,78,78,78,85,85,85,85,85,85,85],"card_choices":[{"not_picked":["Beam Cell","Redo"],"picked":"Cold Snap","floor":1.0},{"not_picked":["Self Repair","Capacitor"],"picked":"Chill","floor":2.0},{"not_picked":["Sunder","Streamline"],"picked":"Compile Driver","floor":4.0},{"not_picked":["Leap","Stack"],"picked":"Tempest","floor":5.0},{"not_picked":["Coolheaded","Blizzard"],"picked":"Cold Snap","floor":6.0},{"not_picked":["Amplify","Force Field"],"picked":"Echo Form","floor":8.0},{"not_picked":["Fission","Steam Power"],"picked":"Conserve Battery","floor":10.0},{"not_picked":["Sweeping Beam","Steam Power"],"picked":"Barrage","floor":11.0},{"not_picked":["White Noise","Rebound"],"picked":"BootSequence","floor":12.0},{"not_picked":["Meteor Strike","Multi-Cast"],"picked":"Reboot","floor":16.0},{"not_picked":["Scrape","Reprogram"],"picked":"Double Energy+1","floor":18.0},{"not_picked":["Chill","Steam Power","Compile Driver"],"picked":"SKIP","floor":19.0},{"not_picked":["Gash+1","Recycle","Cold Snap"],"picked":"SKIP","floor":20.0},{"not_picked":["Rebound","Gash","Stack"],"picked":"SKIP","floor":21.0},{"not_picked":["Static Discharge","Aggregate","Cold Snap"],"picked":"SKIP","floor":22.0},{"not_picked":["Scrape","Static Discharge"],"picked":"Skim+1","floor":24.0},{"not_picked":["Creative AI","Leap"],"picked":"Core Surge","floor":27.0},{"not_picked":["Thunder Strike","Buffer"],"picked":"Biased Cognition","floor":33.0},{"not_picked":["Leap+1","Gash+1"],"picked":"Fusion","floor":35.0},{"not_picked":["Loop","Compile Driver"],"picked":"Stack+1","floor":37.0},{"not_picked":["Chaos","Blizzard"],"picked":"Sweeping Beam+1","floor":38.0},{"not_picked":["Tempest","Compile Driver","Fusion"],"picked":"SKIP","floor":40.0},{"not_picked":["Steam","Melter+1"],"picked":"Chaos+1","floor":42.0},{"not_picked":["Redo","Steam","Ball Lightning"],"picked":"SKIP","floor":44.0},{"not_picked":["Gash","Ball Lightning+1"],"picked":"Stack+1","floor":46.0},{"not_picked":["Steam Power+1","Redo","Sweeping Beam"],"picked":"SKIP","floor":47.0},{"not_picked":["Sweeping Beam+1","Fusion+1"],"picked":"Static Discharge","floor":48.0}],"player_experience":1853812,"relics_obtained":[{"floor":6.0,"key":"Orichalcum"},{"floor":8.0,"key":"War Paint"},{"floor":9.0,"key":"Centennial Puzzle"},{"floor":10.0,"key":"Oddly Smooth Stone"},{"floor":24.0,"key":"Bag of Preparation"},{"floor":24.0,"key":"Kunai"},{"floor":26.0,"key":"Blood Vial"},{"floor":27.0,"key":"PreservedInsect"},{"floor":27.0,"key":"DataDisk"},{"floor":29.0,"key":"Lantern"},{"floor":38.0,"key":"FossilizedHelix"},{"floor":40.0,"key":"Dream Catcher"},{"floor":40.0,"key":"Bag of Marbles"},{"floor":42.0,"key":"Anchor"},{"floor":42.0,"key":"Du-Vu Doll"},{"floor":44.0,"key":"Strawberry"},{"floor":44.0,"key":"Potion Belt"},{"floor":45.0,"key":"Girya"}],"event_choices":[{"damage_healed":0.0,"max_hp_gain":0.0,"max_hp_loss":0.0,"gold_gain":0.0,"cards_transformed":["Strike_B"],"event_name":"Transmorgrifier","player_choice":"Transformed","floor":3.0,"gold_loss":0.0,"damage_taken":0.0,"cards_obtained":["Coolheaded"]},{"damage_healed":0.0,"max_hp_gain":0.0,"max_hp_loss":0.0,"gold_gain":0.0,"event_name":"Cursed Tome","player_choice":"Ignored","floor":31.0,"gold_loss":0.0,"damage_taken":0.0},{"damage_healed":0.0,"max_hp_gain":0.0,"max_hp_loss":0.0,"gold_gain":0.0,"event_name":"MindBloom","player_choice":"Fight","floor":38.0,"gold_loss":0.0,"damage_taken":0.0},{"damage_healed":0.0,"max_hp_gain":0.0,"max_hp_loss":0.0,"gold_gain":0.0,"event_name":"SensoryStone","player_choice":"Memory 1","floor":39.0,"gold_loss":0.0,"damage_taken":0.0},{"damage_healed":0.0,"max_hp_gain":0.0,"max_hp_loss":0.0,"gold_gain":0.0,"event_name":"Mysterious Sphere","player_choice":"Fight","floor":45.0,"gold_loss":0.0,"damage_taken":0.0}],"is_beta":false,"boss_relics":[{"not_picked":["Velvet Choker","Runic Dome"],"picked":"Black Star"},{"not_picked":["FrozenCore","Snecko Eye"],"picked":"Inserter"}],"items_purged_floors":[36],"is_endless":false,"potions_floor_spawned":[2,4,6,10,12,18,21,22,24,33,38,40,42,46,47],"killed_by":"Time Eater","ascension_level":20}