{"gold_per_floor":[209,222,222,246,246,246,285,285,285,299,299,320,358,358],"floor_reached":14,"playtime":455,"items_purged":[],"score":160,"play_id":"12d0f96c-da47-4581-a569-3357fb7eac46","local_time":"20181209224957","is_ascension_mode":true,"campfire_choices":[{"data":"Sucker Punch","floor":6,"key":"SMITH"},{"floor":8,"key":"REST"}],"neow_cost":"NONE","seed_source_timestamp":509740444214248,"circlet_count":0,"master_deck":["AscendersBane","Defend_G","Defend_G","Defend_G","Defend_G","Defend_G+1","Strike_G","Strike_G","Strike_G","Strike_G","Strike_G","Survivor+1","Neutralize","Dagger Spray+1","Sucker Punch+1","Crippling Poison"],"relics":["Ring of the Snake","Golden Idol","Mummified Hand","War Paint","Juzu Bracelet"],"potions_floor_usage":[7,12,13],"damage_taken":[{"damage":2,"enemies":"Small Slimes","floor":1,"turns":4},{"damage":0,"enemies":"2 Louse","floor":2,"turns":2},{"damage":0,"enemies":"Cultist","floor":4,"turns":4},{"damage":36,"enemies":"Lagavulin","floor":7,"turns":7},{"damage":13,"enemies":"3 Louse","floor":10,"turns":3},{"damage":6,"enemies":"2 Fungi Beasts","floor":12,"turns":4},{"damage":21,"enemies":"Gremlin Nob","floor":13,"turns":5},{"damage":4,"enemies":"Exordium Wildlife","floor":14,"turns":1}],"seed_played":"-5468617319596403112","potions_obtained":[{"floor":1,"key":"SteroidPotion"},{"floor":10,"key":"Fire Potion"},{"floor":12,"key":"Explosive Potion"}],"is_trial":false,"path_per_floor":["M","M","?","M","?","R","E","R","T","M","?","M","E","M"],"character_chosen":"THE_SILENT","items_purchased":[],"campfire_rested":1,"item_purchase_floors":[],"current_hp_per_floor":[61,61,61,61,61,61,25,44,44,31,28,22,1,0],"gold":358,"neow_bonus":"HUNDRED_GOLD","is_prod":false,"is_daily":false,"chose_seed":false,"campfire_upgraded":1,"win_rate":0,"timestamp":1544413797,"path_taken":["M","M","?","M","?","R","E","R","T","M","?","M","E","M"],"build_version":"2018-12-06","purchased_purges":0,"victory":false,"max_hp_per_floor":[70,70,65,65,65,65,65,65,65,65,65,65,65,65],"card_choices":[{"not_picked":["Concentrate","Backflip"],"picked":"Dagger Spray","floor":1},{"not_picked":["Eviscerate","Setup"],"picked":"Sucker Punch","floor":2},{"not_picked":["Underhanded Strike","Dagger Throw","Acrobatics"],"picked":"SKIP","floor":4},{"not_picked":["Outmaneuver","Underhanded Strike","Acrobatics"],"picked":"SKIP","floor":7},{"not_picked":["Deadly Poison","Tactician"],"picked":"Crippling Poison","floor":10},{"not_picked":["Deflect","Caltrops","Dagger Spray"],"picked":"SKIP","floor":12},{"not_picked":["Phantasmal Killer","Acrobatics","Eviscerate"],"picked":"SKIP","floor":13}],"player_experience":848322,"relics_obtained":[{"floor":7,"key":"Mummified Hand"},{"floor":13,"key":"Juzu Bracelet"}],"event_choices":[{"damage_healed":0,"gold_gain":0,"player_choice":"Lose Max HP","damage_taken":0,"relics_obtained":["Golden Idol"],"max_hp_gain":0,"max_hp_loss":5,"event_name":"Golden Idol","floor":3,"gold_loss":0},{"damage_healed":0,"gold_gain":0,"player_choice":"Grow","damage_taken":0,"max_hp_gain":0,"max_hp_loss":0,"event_name":"Living Wall","floor":5,"gold_loss":0,"cards_upgraded":["Dagger Spray"]},{"damage_healed":0,"gold_gain":0,"player_choice":"Success","damage_taken":3,"relics_obtained":["War Paint"],"max_hp_gain":0,"max_hp_loss":0,"event_name":"Scrap Ooze","floor":11,"gold_loss":0}],"is_beta":false,"boss_relics":[],"items_purged_floors":[],"is_endless":false,"potions_floor_spawned":[1,10,12],"killed_by":"Exordium Wildlife","ascension_level":12}