{"gold_per_floor":[362,375,37,49,49,49,77,77,77,107,107,119,132,147,147,218,218,229,243,21,21,41,41,41],"floor_reached":24,"playtime":1639,"items_purged":["Shame"],"score":416,"play_id":"73485899-4a36-4d8b-b2cb-d71733c210c1","local_time":"20190901183911","is_ascension_mode":true,"campfire_choices":[{"data":"Trip","floor":6.0,"key":"SMITH"},{"data":"Rampage","floor":8.0,"key":"SMITH"},{"floor":11.0,"key":"REST"},{"floor":15.0,"key":"REST"},{"floor":23.0,"key":"REST"}],"neow_cost":"CURSE","seed_source_timestamp":27674848782899,"circlet_count":0,"master_deck":["AscendersBane","Strike_R","Strike_R","Strike_R","Strike_R","Defend_R","Defend_R","Defend_R","Defend_R","Bash","Shrug It Off","Body Slam","Rampage+1","Carnage","Trip+1","Headbutt","Battle Trance","Inflame","Pommel Strike+1","Wild Strike+1","Impervious","Flame Barrier","Limit Break","Body Slam+1","Dual Wield","Decay","True Grit"],"special_seed":0,"relics":["Burning Blood","Bottled Flame","Molten Egg 2","Kunai","Sozu","Frozen Eye"],"potions_floor_usage":[],"damage_taken":[{"damage":18.0,"enemies":"Jaw Worm","floor":1.0,"turns":4.0},{"damage":8.0,"enemies":"Cultist","floor":2.0,"turns":4.0},{"damage":7.0,"enemies":"Small Slimes","floor":4.0,"turns":3.0},{"damage":8.0,"enemies":"Gremlin Nob","floor":7.0,"turns":3.0},{"damage":27.0,"enemies":"Lagavulin","floor":10.0,"turns":5.0},{"damage":11.0,"enemies":"Exordium Wildlife","floor":12.0,"turns":3.0},{"damage":11.0,"enemies":"Looter","floor":13.0,"turns":2.0},{"damage":7.0,"enemies":"2 Fungi Beasts","floor":14.0,"turns":2.0},{"damage":32.0,"enemies":"Slime Boss","floor":16.0,"turns":9.0},{"damage":11.0,"enemies":"Chosen","floor":18.0,"turns":4.0},{"damage":18.0,"enemies":"Spheric Guardian","floor":19.0,"turns":4.0},{"damage":10.0,"enemies":"Cultist and Chosen","floor":22.0,"turns":6.0},{"damage":77,"enemies":"Slavers","floor":24,"turns":4}],"seed_played":"-4860631597718224502","potions_obtained":[{"floor":4.0,"key":"Ancient Potion"},{"floor":12.0,"key":"Energy Potion"}],"is_trial":false,"path_per_floor":["M","M","$","M","?","R","E","R","T","E","R","M","M","M","R","B",null,"M","M","$","?","M","R","E"],"character_chosen":"IRONCLAD","items_purchased":["Rampage","Carnage","Trip","Energy Potion","Frozen Eye"],"campfire_rested":3,"item_purchase_floors":[3,3,3,3,20],"current_hp_per_floor":[56,54,54,53,53,53,51,51,51,30,52,47,42,41,63,37,66,61,49,49,49,45,67,0],"gold":41,"neow_bonus":"TWO_FIFTY_GOLD","is_prod":false,"is_daily":false,"chose_seed":false,"campfire_upgraded":2,"win_rate":0,"timestamp":1567327151,"path_taken":["M","M","$","M","?","R","E","R","T","E","R","M","M","?","R","BOSS","M","M","$","?","M","R","E"],"build_version":"2019-07-17","purchased_purges":1,"victory":false,"max_hp_per_floor":[75,75,75,75,75,75,75,75,75,75,75,75,75,75,75,75,75,75,75,75,75,75,75,75],"card_choices":[{"not_picked":["True Grit","Fire Breathing"],"picked":"Shrug It Off","floor":1.0},{"not_picked":["Searing Blow","Carnage"],"picked":"Body Slam","floor":2.0},{"not_picked":["Clothesline","Body Slam"],"picked":"Headbutt","floor":4.0},{"not_picked":["Thunderclap","Wild Strike"],"picked":"Inflame","floor":7.0},{"not_picked":["Burning Pact","Clash+1"],"picked":"Pommel Strike+1","floor":10.0},{"not_picked":["Clash+1","Warcry"],"picked":"Wild Strike+1","floor":12.0},{"not_picked":["Wild Strike+1","Metallicize"],"picked":"Impervious","floor":13.0},{"not_picked":["Flex","Shrug It Off"],"picked":"Flame Barrier","floor":14.0},{"not_picked":["Berserk","Brutality"],"picked":"Limit Break","floor":16.0},{"not_picked":["Clothesline+1","Havoc+1"],"picked":"Body Slam+1","floor":18.0},{"not_picked":["Perfected Strike+1","Flame Barrier"],"picked":"Dual Wield","floor":19.0},{"not_picked":["Pommel Strike+1","Sword Boomerang+1"],"picked":"True Grit","floor":22.0}],"player_experience":1238344,"relics_obtained":[{"floor":7.0,"key":"Bottled Flame"},{"floor":9.0,"key":"Molten Egg 2"},{"floor":10.0,"key":"Kunai"}],"event_choices":[{"damage_healed":0.0,"max_hp_gain":0.0,"max_hp_loss":0.0,"gold_gain":0.0,"cards_transformed":["Strike_R"],"event_name":"Transmorgrifier","player_choice":"Transformed","floor":5.0,"gold_loss":0.0,"damage_taken":0.0,"cards_obtained":["Battle Trance"]},{"damage_healed":0.0,"max_hp_gain":0.0,"max_hp_loss":0.0,"gold_gain":0.0,"event_name":"Forgotten Altar","player_choice":"Smashed Altar","floor":21.0,"gold_loss":0.0,"damage_taken":0.0,"cards_obtained":["Decay"]}],"is_beta":false,"boss_relics":[{"not_picked":["Black Star","Ectoplasm"],"picked":"Sozu"}],"items_purged_floors":[3],"is_endless":false,"potions_floor_spawned":[4,12,13,22],"killed_by":"Slavers","ascension_level":20}