{"gold_per_floor":[114,414,414,437,453,453,474,474,474,498,518,518,518,594,594,718,718,731,731,293,393,411,411],"floor_reached":23,"playtime":924,"items_purged":["Writhe"],"score":235,"play_id":"0c1626ab-35c2-4db6-af6c-8b09ac1be5c0","local_time":"20190523135950","is_ascension_mode":true,"campfire_choices":[{"floor":6,"key":"REST"},{"data":"Zap","floor":8,"key":"SMITH"},{"data":"Genetic Algorithm","floor":13,"key":"SMITH"},{"data":"Dualcast","floor":15,"key":"SMITH"}],"neow_cost":"NONE","seed_source_timestamp":3558986284719,"circlet_count":0,"master_deck":["Strike_B","Strike_B","Strike_B","Strike_B","Defend_B","Defend_B","Defend_B","Defend_B","Zap+1","Dualcast+1","Conserve Battery","Injury","Cold Snap","FTL","Meteor Strike","Stack","Genetic Algorithm+1","Echo Form","Redo","Defragment","Hologram","Fusion","BootSequence"],"relics":["FrozenCore","Strawberry","Old Coin","Golden Idol","Gambling Chip","Vajra","Frozen Eye"],"potions_floor_usage":[4,16,23],"damage_taken":[{"damage":1,"enemies":"2 Louse","floor":1,"turns":2},{"damage":0,"enemies":"Jaw Worm","floor":4,"turns":5},{"damage":6,"enemies":"Small Slimes","floor":5,"turns":4},{"damage":2,"enemies":"3 Louse","floor":7,"turns":5},{"damage":12,"enemies":"Blue Slaver","floor":10,"turns":3},{"damage":3,"enemies":"Red Slaver","floor":11,"turns":4},{"damage":12,"enemies":"The Guardian","floor":16,"turns":12},{"damage":5,"enemies":"3 Byrds","floor":18,"turns":6},{"damage":29,"enemies":"2 Thieves","floor":22,"turns":5},{"damage":53,"enemies":"Slavers","floor":23,"turns":3}],"seed_played":"-9160439311755437818","potions_obtained":[{"floor":1,"key":"Poison Potion"},{"floor":5,"key":"Dexterity Potion"},{"floor":7,"key":"PowerPotion"},{"floor":11,"key":"Strength Potion"},{"floor":22,"key":"Energy Potion"}],"is_trial":false,"path_per_floor":["M","?","?","M","M","R","M","R","T","M","M","?","R","?","R","B",null,"M","?","$","?","M","E"],"character_chosen":"DEFECT","items_purchased":["Defragment","Frozen Eye","Hologram","Fusion"],"campfire_rested":1,"item_purchase_floors":[20,20,20,20],"current_hp_per_floor":[74,56,56,56,50,74,72,72,72,60,57,82,82,82,82,70,79,74,74,74,74,45,0],"gold":411,"neow_bonus":"RANDOM_COMMON_RELIC","is_prod":false,"is_daily":false,"chose_seed":false,"campfire_upgraded":3,"win_rate":0,"timestamp":1558583990,"path_taken":["M","?","?","M","M","R","M","R","T","M","M","?","R","?","R","BOSS","M","?","$","?","?","E"],"build_version":"2019-01-23","purchased_purges":1,"victory":false,"max_hp_per_floor":[82,82,82,82,82,82,82,82,82,82,82,82,82,82,82,82,82,82,82,82,82,82,82],"card_choices":[{"not_picked":["Chill","Tempest"],"picked":"Conserve Battery","floor":1},{"not_picked":["Double Energy","Sweeping Beam"],"picked":"Cold Snap","floor":4},{"not_picked":["Gash","Conserve Battery"],"picked":"FTL","floor":5},{"not_picked":["Barrage","Leap"],"picked":"Meteor Strike","floor":7},{"not_picked":["Skim","Compile Driver"],"picked":"Stack","floor":10},{"not_picked":["FTL","Capacitor"],"picked":"Genetic Algorithm","floor":11},{"not_picked":["Thunder Strike","Buffer"],"picked":"Echo Form","floor":16},{"not_picked":["Leap","Lockon"],"picked":"Redo","floor":18},{"not_picked":["Consume+1","Steam"],"picked":"BootSequence","floor":22}],"player_experience":707107,"relics_obtained":[{"floor":9,"key":"Gambling Chip"}],"event_choices":[{"damage_healed":0,"gold_gain":0,"player_choice":"Success","damage_taken":18,"relics_obtained":["Old Coin"],"max_hp_gain":0,"max_hp_loss":0,"event_name":"Scrap Ooze","floor":2,"gold_loss":0},{"damage_healed":0,"gold_gain":0,"player_choice":"Take Wound","damage_taken":0,"relics_obtained":["Golden Idol"],"max_hp_gain":0,"max_hp_loss":0,"event_name":"Golden Idol","floor":3,"gold_loss":0,"cards_obtained":["Injury"]},{"damage_healed":27,"gold_gain":0,"player_choice":"Banana","damage_taken":0,"max_hp_gain":0,"max_hp_loss":0,"event_name":"Big Fish","floor":12,"gold_loss":0},{"damage_healed":0,"gold_gain":76,"player_choice":"Gained Gold","damage_taken":0,"max_hp_gain":0,"max_hp_loss":0,"event_name":"Golden Wing","floor":14,"gold_loss":0},{"damage_healed":0,"gold_gain":0,"player_choice":"Opened","damage_taken":0,"relics_obtained":["Vajra"],"max_hp_gain":0,"max_hp_loss":0,"event_name":"The Mausoleum","floor":19,"gold_loss":0,"cards_obtained":["Writhe"]},{"damage_healed":0,"gold_gain":100,"player_choice":"Pray","damage_taken":0,"max_hp_gain":0,"max_hp_loss":0,"event_name":"Golden Shrine","floor":21,"gold_loss":0}],"is_beta":false,"boss_relics":[{"not_picked":["Orrery","Sozu"],"picked":"FrozenCore"}],"items_purged_floors":[20],"is_endless":false,"potions_floor_spawned":[1,5,7,11,22],"killed_by":"Slavers","ascension_level":6}