{"gold_per_floor":[112,112,122,122,122,156,44,69,69,69,80,90,152,152,152,273,273,291,284,300,300,315,315,315,315,315,315],"floor_reached":27,"playtime":1171,"items_purged":[],"score":221,"play_id":"4ec2ff3c-a849-49b4-9e42-49ec1fdc2b79","local_time":"20190328191551","is_ascension_mode":false,"campfire_choices":[{"floor":10,"key":"REST"},{"floor":15,"key":"REST"},{"floor":23,"key":"REST"},{"floor":25,"key":"REST"}],"neow_cost":"TEN_PERCENT_HP_LOSS","seed_source_timestamp":18443372342882,"circlet_count":0,"master_deck":["Strike_R","Strike_R","Strike_R","Strike_R","Strike_R","Defend_R","Defend_R","Bash","Perfected Strike","Flame Barrier+1","Intimidate","Flame Barrier","Second Wind","Body Slam","Shockwave","Sever Soul","Injury","Juggernaut","Feel No Pain","Metallicize","Armaments+1","Warcry","Flex","Wild Strike"],"relics":["Burning Blood","Champion Belt","Bird Faced Urn","Red Skull","Du-Vu Doll","Charon\u0027s Ashes","Golden Idol","White Beast Statue","Blue Candle","Bottled Lightning"],"potions_floor_usage":[13,16,19,20,27,27],"damage_taken":[{"damage":17,"enemies":"Small Slimes","floor":1,"turns":5},{"damage":9,"enemies":"Jaw Worm","floor":3,"turns":4},{"damage":28,"enemies":"Lagavulin","floor":6,"turns":10},{"damage":10,"enemies":"3 Sentries","floor":8,"turns":11},{"damage":0,"enemies":"2 Louse","floor":11,"turns":2},{"damage":7,"enemies":"Exordium Wildlife","floor":12,"turns":3},{"damage":11,"enemies":"3 Sentries","floor":13,"turns":9},{"damage":43,"enemies":"Slime Boss","floor":16,"turns":14},{"damage":1,"enemies":"Chosen","floor":18,"turns":5},{"damage":24,"enemies":"2 Thieves","floor":19,"turns":4},{"damage":29,"enemies":"Centurion and Healer","floor":20,"turns":8},{"damage":32,"enemies":"Cultist and Chosen","floor":22,"turns":8},{"damage":65,"enemies":"Slavers","floor":27,"turns":4}],"seed_played":"-2076193252547548613","potions_obtained":[{"floor":8,"key":"SpeedPotion"},{"floor":12,"key":"PowerPotion"},{"floor":13,"key":"Block Potion"},{"floor":18,"key":"GamblersBrew"},{"floor":19,"key":"SkillPotion"},{"floor":20,"key":"Ancient Potion"},{"floor":22,"key":"SteroidPotion"}],"is_trial":false,"path_per_floor":["M","?","M","?","?","E","$","E","T","R","M","M","?","?","R","B",null,"M","M","M","?","M","R","T","R","T","E"],"character_chosen":"IRONCLAD","items_purchased":["Flame Barrier","Second Wind"],"campfire_rested":4,"item_purchase_floors":[7,7],"current_hp_per_floor":[61,61,58,58,51,29,29,25,25,46,52,51,48,48,69,32,72,72,54,37,37,15,36,36,57,57,0],"gold":315,"neow_bonus":"ONE_RARE_RELIC","is_prod":false,"is_daily":false,"chose_seed":false,"campfire_upgraded":0,"win_rate":0,"timestamp":1553764551,"path_taken":["M","?","M","?","?","E","$","E","T","R","?","M","?","?","R","BOSS","M","M","M","?","M","R","?","R","T","E"],"build_version":"2019-01-23","purchased_purges":0,"victory":false,"max_hp_per_floor":[72,72,72,72,72,72,72,72,72,72,72,72,72,72,72,72,72,72,72,72,72,72,72,72,72,72,72],"card_choices":[{"not_picked":["Havoc","Cleave"],"picked":"Perfected Strike","floor":1},{"not_picked":["Burning Pact","Anger"],"picked":"Flame Barrier","floor":3},{"not_picked":["Heavy Blade","Clash"],"picked":"Intimidate","floor":6},{"not_picked":["Sword Boomerang","Cleave"],"picked":"Body Slam","floor":8},{"not_picked":["Pummel","Havoc","True Grit"],"picked":"SKIP","floor":11},{"not_picked":["Demon Form","Clothesline"],"picked":"Shockwave","floor":12},{"not_picked":["Heavy Blade","Warcry"],"picked":"Sever Soul","floor":13},{"not_picked":["Demon Form","Feed"],"picked":"Juggernaut","floor":16},{"not_picked":["Headbutt","Iron Wave"],"picked":"Feel No Pain","floor":18},{"not_picked":["Sword Boomerang+1","Flex"],"picked":"Metallicize","floor":19},{"not_picked":["Havoc","Entrench"],"picked":"Armaments+1","floor":20},{"not_picked":["Clothesline","Iron Wave"],"picked":"Wild Strike","floor":22}],"player_experience":242955,"relics_obtained":[{"floor":6,"key":"Red Skull"},{"floor":8,"key":"Du-Vu Doll"},{"floor":13,"key":"Charon\u0027s Ashes"},{"floor":24,"key":"Blue Candle"},{"floor":26,"key":"Bottled Lightning"}],"event_choices":[{"damage_healed":0,"gold_gain":0,"player_choice":"Box","damage_taken":0,"relics_obtained":["Bird Faced Urn"],"max_hp_gain":0,"max_hp_loss":0,"event_name":"Big Fish","floor":2,"gold_loss":0,"cards_obtained":["Regret"]},{"damage_healed":0,"gold_gain":0,"player_choice":"Grow","damage_taken":0,"max_hp_gain":0,"max_hp_loss":0,"event_name":"Living Wall","floor":4,"gold_loss":0,"cards_upgraded":["Flame Barrier"]},{"cards_removed":["Regret"],"damage_healed":0,"gold_gain":0,"player_choice":"Card Removal","damage_taken":7,"max_hp_gain":0,"max_hp_loss":0,"event_name":"Golden Wing","floor":5,"gold_loss":0},{"damage_healed":0,"gold_gain":30,"player_choice":"Searched \u00272\u0027 times","damage_taken":0,"max_hp_gain":0,"max_hp_loss":0,"event_name":"Dead Adventurer","floor":13,"gold_loss":0},{"damage_healed":0,"gold_gain":0,"player_choice":"Take Wound","damage_taken":0,"relics_obtained":["Golden Idol"],"max_hp_gain":0,"max_hp_loss":0,"event_name":"Golden Idol","floor":14,"gold_loss":0,"cards_obtained":["Injury"]},{"damage_healed":0,"gold_gain":0,"cards_transformed":["Defend_R","Defend_R"],"player_choice":"Became Test Subject","damage_taken":0,"max_hp_gain":0,"max_hp_loss":0,"event_name":"Drug Dealer","floor":21,"gold_loss":0,"cards_obtained":["Warcry","Flex"]}],"is_beta":false,"boss_relics":[{"not_picked":["Sozu","Coffee Dripper"],"picked":"White Beast Statue"}],"items_purged_floors":[],"is_endless":false,"potions_floor_spawned":[8,12,13,18,19,20,22],"killed_by":"Slavers","ascension_level":0}