{"gold_per_floor":[11,26,44,44,58,58,90,104,104,135,145,157,157,4,4,105,105,120,120,120,138,38,38,50,85,85,85,96,109,128,140,140,140],"floor_reached":33,"playtime":2539,"items_purged":["Strike_G","Strike_G"],"score":283,"play_id":"b4236797-ceda-4c17-927a-09e25075e7ca","local_time":"20190418012107","is_ascension_mode":false,"campfire_choices":[{"data":"Neutralize","floor":6,"key":"SMITH"},{"floor":13,"key":"REST"},{"floor":15,"key":"REST"},{"floor":23,"key":"REST"},{"floor":27,"key":"REST"},{"floor":32,"key":"REST"}],"neow_cost":"NO_GOLD","seed_source_timestamp":19882357523048,"circlet_count":0,"master_deck":["Defend_G","Defend_G","Defend_G","Defend_G","Defend_G","Strike_G","Survivor","Neutralize+1","Venomology","Distraction","Dagger Throw","Sucker Punch","Cloak And Dagger","Corpse Explosion","Backflip","Poisoned Stab","Blur","Tools of the Trade","RitualDagger","Catalyst","Crippling Poison+1","Dagger Spray","Leg Sweep+1","Slice+1","Tactician+1","Leg Sweep+1","Dodge and Roll+1"],"relics":["Ring of the Snake","Gambling Chip","Letter Opener","Dodecahedron","Lizard Tail","Pear","Toxic Egg 2"],"potions_floor_usage":[1,2,5,7,7,8,8,10,10,11,12,16,16,21,21,21,24,25,25,25,28,28,28,29,29,30,31,31,33],"damage_taken":[{"damage":2,"enemies":"Cultist","floor":1,"turns":5},{"damage":0,"enemies":"Small Slimes","floor":2,"turns":5},{"damage":0,"enemies":"2 Louse","floor":3,"turns":6},{"damage":13,"enemies":"Exordium Wildlife","floor":5,"turns":8},{"damage":28,"enemies":"3 Sentries","floor":7,"turns":12},{"damage":2,"enemies":"Large Slime","floor":8,"turns":8},{"damage":14,"enemies":"Gremlin Nob","floor":10,"turns":5},{"damage":0,"enemies":"Red Slaver","floor":11,"turns":5},{"damage":0,"enemies":"Looter","floor":12,"turns":3},{"damage":17,"enemies":"The Guardian","floor":16,"turns":18},{"damage":10,"enemies":"Shell Parasite","floor":18,"turns":9},{"damage":10,"enemies":"3 Byrds","floor":21,"turns":7},{"damage":14,"enemies":"Snake Plant","floor":24,"turns":6},{"damage":30,"enemies":"Slavers","floor":25,"turns":6},{"damage":30,"enemies":"Shelled Parasite and Fungi","floor":28,"turns":12},{"damage":7,"enemies":"Centurion and Healer","floor":29,"turns":6},{"damage":13,"enemies":"Snake Plant","floor":30,"turns":7},{"damage":8,"enemies":"Shelled Parasite and Fungi","floor":31,"turns":9},{"damage":82,"enemies":"Collector","floor":33,"turns":7}],"seed_played":"1335629612471967850","potions_obtained":[{"floor":2,"key":"AttackPotion"},{"floor":8,"key":"Dexterity Potion"},{"floor":10,"key":"SkillPotion"},{"floor":12,"key":"GamblersBrew"},{"floor":16,"key":"Ancient Potion"},{"floor":21,"key":"Fire Potion"},{"floor":24,"key":"Explosive Potion"},{"floor":25,"key":"Fire Potion"},{"floor":28,"key":"EssenceOfSteel"},{"floor":30,"key":"GhostInAJar"}],"is_trial":false,"path_per_floor":["M","M","M","$","M","R","E","M","T","E","M","M","R","$","R","B",null,"M","?","?","M","$","R","M","E","T","R","M","M","M","M","R","B"],"character_chosen":"THE_SILENT","items_purchased":["Blur"],"campfire_rested":5,"item_purchase_floors":[14],"current_hp_per_floor":[68,68,68,68,55,55,27,25,25,11,11,11,32,32,53,36,70,60,54,54,44,44,65,51,31,31,55,25,18,5,37,61,0],"gold":140,"neow_bonus":"TRANSFORM_TWO_CARDS","is_prod":false,"is_daily":false,"chose_seed":false,"campfire_upgraded":1,"win_rate":0,"timestamp":1555514467,"path_taken":["M","M","M","$","M","R","E","M","T","E","?","M","R","$","R","BOSS","M","?","?","M","?","R","M","E","T","R","M","M","M","M","R","BOSS"],"build_version":"2019-01-23","purchased_purges":2,"victory":false,"max_hp_per_floor":[70,70,70,70,70,70,70,70,70,70,70,70,70,70,70,70,70,70,70,70,70,70,70,70,80,80,80,80,80,80,80,80,80],"card_choices":[{"not_picked":["Choke","Expertise","Underhanded Strike"],"picked":"SKIP","floor":1},{"not_picked":["Acrobatics","Outmaneuver","Riddle With Holes"],"picked":"SKIP","floor":2},{"not_picked":["Reflex","Flying Knee"],"picked":"Dagger Throw","floor":3},{"not_picked":["Setup","Underhanded Strike"],"picked":"Sucker Punch","floor":5},{"not_picked":["Prepared","Outmaneuver"],"picked":"Cloak And Dagger","floor":7},{"not_picked":["Leg Sweep","Dagger Spray"],"picked":"Corpse Explosion","floor":8},{"not_picked":["Flying Knee","Prepared"],"picked":"Backflip","floor":10},{"not_picked":["Calculated Gamble","Accuracy","Acrobatics"],"picked":"SKIP","floor":11},{"not_picked":["A Thousand Cuts","Slice"],"picked":"Poisoned Stab","floor":12},{"not_picked":["Malaise","Doppelganger"],"picked":"Tools of the Trade","floor":16},{"not_picked":["Eviscerate+1","Flying Knee","Backflip"],"picked":"SKIP","floor":18},{"not_picked":["Expertise","Quick Slash"],"picked":"Crippling Poison+1","floor":21},{"not_picked":["Underhanded Strike","Slice"],"picked":"Dagger Spray","floor":24},{"not_picked":["Footwork","Poisoned Stab"],"picked":"Leg Sweep+1","floor":25},{"not_picked":["Heel Hook","Quick Slash+1"],"picked":"Slice+1","floor":28},{"not_picked":["Blade Dance+1","Accuracy+1"],"picked":"Tactician+1","floor":29},{"not_picked":["Acrobatics+1","Outmaneuver+1"],"picked":"Leg Sweep+1","floor":30},{"not_picked":["Wraith Form v2","Acrobatics+1"],"picked":"Dodge and Roll+1","floor":31}],"player_experience":315977,"relics_obtained":[{"floor":7,"key":"Gambling Chip"},{"floor":9,"key":"Letter Opener"},{"floor":10,"key":"Dodecahedron"},{"floor":25,"key":"Pear"},{"floor":26,"key":"Toxic Egg 2"}],"event_choices":[{"damage_healed":0,"gold_gain":0,"player_choice":"Joined the Cult","damage_taken":6,"max_hp_gain":0,"max_hp_loss":0,"event_name":"Nest","floor":19,"gold_loss":0,"cards_obtained":["RitualDagger"]},{"damage_healed":0,"gold_gain":0,"player_choice":"Read","damage_taken":0,"max_hp_gain":0,"max_hp_loss":0,"event_name":"The Library","floor":20,"gold_loss":0,"cards_obtained":["Catalyst"]}],"is_beta":false,"boss_relics":[{"not_picked":["Runic Dome","HoveringKite"],"picked":"Lizard Tail"}],"items_purged_floors":[14,22],"is_endless":false,"potions_floor_spawned":[2,8,10,12,16,21,24,25,28,30],"killed_by":"Collector","ascension_level":0}