{"gold_per_floor":[118,6,6,19,32,32,65,65,365,395,411,439,439,404,404,483,483,498,109,121,135,135,135,162,162,230,258,258,289,309,322,322,322],"floor_reached":33,"playtime":2091,"items_purged":["Regret"],"score":721,"play_id":"085e106d-8212-428d-b737-e0a42ad71539","local_time":"20190506100701","is_ascension_mode":true,"campfire_choices":[{"data":"Terror","floor":6.0,"key":"SMITH"},{"data":"Neutralize","floor":8.0,"key":"SMITH"},{"data":"Bullet Time","floor":13,"key":"SMITH"},{"data":"Finisher","floor":15,"key":"SMITH"},{"data":"Corpse Explosion","floor":23,"key":"SMITH"},{"floor":25,"key":"REST"},{"data":"Expertise","floor":28,"key":"SMITH"},{"floor":32,"key":"REST"}],"neow_cost":"CURSE","seed_source_timestamp":1034605207071756,"circlet_count":0,"master_deck":["AscendersBane","Defend_G","Defend_G+1","Defend_G","Defend_G","Defend_G","Survivor","Neutralize+1","Calculated Gamble+1","All Out Attack","Finisher+1","Terror+1","Dash","Masterful Stab","Bullet Time+1","Backflip","Corpse Explosion+1","Riddle With Holes+1","Heel Hook+1","Terror+1","Expertise+1","Cloak And Dagger","Backstab","Bane","Deflect+1","After Image","Catalyst+1","Poisoned Stab","Bouncing Flask"],"special_seed":0,"relics":["Ring of the Snake","Peace Pipe","Mango","Old Coin","Turnip","War Paint","Astrolabe","FossilizedHelix","Bottled Flame","Boot","Pear"],"potions_floor_usage":[12,16,24,24,29,33],"damage_taken":[{"damage":0.0,"enemies":"2 Louse","floor":1.0,"turns":2.0},{"damage":1.0,"enemies":"Cultist","floor":4.0,"turns":4.0},{"damage":0.0,"enemies":"Small Slimes","floor":5.0,"turns":3.0},{"damage":21.0,"enemies":"Gremlin Nob","floor":7.0,"turns":4.0},{"damage":15.0,"enemies":"Lagavulin","floor":10.0,"turns":4.0},{"damage":0.0,"enemies":"Looter","floor":11.0,"turns":2.0},{"damage":9,"enemies":"3 Sentries","floor":12,"turns":7},{"damage":10,"enemies":"Hexaghost","floor":16,"turns":11},{"damage":11,"enemies":"Spheric Guardian","floor":18,"turns":5},{"damage":17,"enemies":"2 Thieves","floor":20,"turns":3},{"damage":0,"enemies":"3 Cultists","floor":21,"turns":3},{"damage":0,"enemies":"Book of Stabbing","floor":24,"turns":4},{"damage":11,"enemies":"Slavers","floor":27,"turns":6},{"damage":49,"enemies":"Book of Stabbing","floor":29,"turns":8},{"damage":12,"enemies":"Snake Plant","floor":30,"turns":3},{"damage":0,"enemies":"Centurion and Healer","floor":31,"turns":4},{"damage":33,"enemies":"Champ","floor":33,"turns":6}],"seed_played":"-8488401062811403102","potions_obtained":[{"floor":4.0,"key":"Swift Potion"},{"floor":7.0,"key":"PowerPotion"},{"floor":10.0,"key":"SmokeBomb"},{"floor":11.0,"key":"GhostInAJar"},{"floor":21,"key":"SpeedPotion"},{"floor":24,"key":"Energy Potion"},{"floor":30,"key":"Energy Potion"}],"is_trial":false,"path_per_floor":["M","$","?","M","M","R","E","R","T","E","M","E","R","?","R","B",null,"M","$","M","M","?","R","E","R","T","E","R","E","M","M","R","B"],"character_chosen":"THE_SILENT","items_purchased":["All Out Attack","FossilizedHelix","Strength Potion"],"campfire_rested":2,"item_purchase_floors":[2,19,19],"current_hp_per_floor":[59,59,59,58,58,58,51,51,51,36,36,27,27,47,47,37,69,58,58,41,41,41,41,41,65,65,54,54,15,3,3,30,0],"gold":322,"neow_bonus":"ONE_RARE_RELIC","is_prod":false,"is_daily":false,"chose_seed":false,"campfire_upgraded":6,"win_rate":0,"timestamp":1557151621,"path_taken":["M","$","?","?","M","R","E","R","T","E","M","E","R","?","R","BOSS","M","$","M","M","?","R","E","R","T","E","R","E","M","?","R","BOSS"],"build_version":"2019-01-23","purchased_purges":1,"victory":false,"max_hp_per_floor":[66,66,66,66,66,66,80,80,80,80,80,80,80,80,80,80,80,80,80,80,80,80,80,80,80,80,80,80,90,90,90,90,90],"card_choices":[{"not_picked":["Tactician","Prepared"],"picked":"Calculated Gamble","floor":1.0},{"not_picked":["Bouncing Flask","PiercingWail"],"picked":"Finisher","floor":4.0},{"not_picked":["Blade Dance","All Out Attack"],"picked":"Terror","floor":5.0},{"not_picked":["Prepared","Bullet Time"],"picked":"Dash","floor":7.0},{"not_picked":["Dodge and Roll","Finisher"],"picked":"Masterful Stab","floor":10.0},{"not_picked":["Sucker Punch","Bane"],"picked":"Bullet Time","floor":11.0},{"not_picked":["Poisoned Stab","Dagger Throw"],"picked":"Backflip","floor":12},{"not_picked":["Die Die Die","Glass Knife"],"picked":"Corpse Explosion","floor":16},{"not_picked":["Flying Knee","Outmaneuver"],"picked":"Expertise","floor":18},{"not_picked":["Distraction","Dodge and Roll"],"picked":"Cloak And Dagger","floor":20},{"not_picked":["Prepared","Cloak And Dagger"],"picked":"Backstab","floor":21},{"not_picked":["Slice","Cloak And Dagger"],"picked":"Deflect+1","floor":24},{"not_picked":["Dagger Throw","Concentrate"],"picked":"After Image","floor":27},{"not_picked":["Well Laid Plans","Sucker Punch"],"picked":"Catalyst+1","floor":29},{"not_picked":["Dagger Throw","Outmaneuver"],"picked":"Poisoned Stab","floor":30},{"not_picked":["Dagger Throw","Bane"],"picked":"Bouncing Flask","floor":31}],"player_experience":1461902,"relics_obtained":[{"floor":7.0,"key":"Mango"},{"floor":9.0,"key":"Old Coin"},{"floor":10.0,"key":"Turnip"},{"floor":12,"key":"War Paint"},{"floor":26,"key":"Bottled Flame"},{"floor":27,"key":"Boot"},{"floor":29,"key":"Pear"}],"event_choices":[{"cards_removed":["Strike_G"],"damage_healed":0.0,"max_hp_gain":0.0,"max_hp_loss":0.0,"gold_gain":0.0,"event_name":"Purifier","player_choice":"Purged","floor":3.0,"gold_loss":0.0,"damage_taken":0.0},{"damage_healed":20,"gold_gain":0,"player_choice":"Healed","damage_taken":0,"max_hp_gain":0,"max_hp_loss":0,"event_name":"The Cleric","floor":14,"gold_loss":35},{"damage_healed":0,"gold_gain":0,"cards_transformed":["Strike_G"],"player_choice":"Transformed","damage_taken":0,"max_hp_gain":0,"max_hp_loss":0,"event_name":"Transmorgrifier","floor":22,"gold_loss":0,"cards_obtained":["Bane"]}],"is_beta":false,"boss_relics":[{"not_picked":["Runic Dome","Velvet Choker"],"picked":"Astrolabe"}],"items_purged_floors":[2],"is_endless":false,"potions_floor_spawned":[4,7,10,11,21,24,30],"killed_by":"Champ","ascension_level":20}