{"gold_per_floor":[116,133,144,124,143,143,175,188,188,204,230,230,230,248,248,325,325,339,339,349,46,46,46],"floor_reached":23,"playtime":1401,"items_purged":["Strike_G"],"score":406,"play_id":"03a6fe24-9632-48d1-8a2f-5ef483508579","local_time":"20190429230458","is_ascension_mode":true,"campfire_choices":[{"data":"Die Die Die","floor":6.0,"key":"SMITH"},{"data":"Dagger Spray","floor":12.0,"key":"SMITH"},{"data":"Venomology","floor":15.0,"key":"SMITH"}],"neow_cost":"NONE","seed_source_timestamp":476870099627343,"circlet_count":0,"master_deck":["AscendersBane","Defend_G+1","Defend_G","Defend_G+1","Defend_G","Defend_G","Strike_G","Strike_G","Strike_G","Strike_G","Survivor","Neutralize","Dagger Spray+1","Cloak And Dagger","Die Die Die+1","All Out Attack+1","Venomology+1","Crippling Poison","Backflip","Envenom+1","Infinite Blades+1","RitualDagger","Deflect"],"special_seed":0,"relics":["Ring of the Snake","Blood Vial","War Paint","Frozen Egg 2","Centennial Puzzle","Runic Pyramid","PrismaticShard"],"potions_floor_usage":[23],"damage_taken":[{"damage":0.0,"enemies":"Small Slimes","floor":1.0,"turns":3.0},{"damage":0.0,"enemies":"Cultist","floor":2.0,"turns":3.0},{"damage":0.0,"enemies":"2 Louse","floor":3.0,"turns":3.0},{"damage":0.0,"enemies":"Blue Slaver","floor":5.0,"turns":4.0},{"damage":22.0,"enemies":"Gremlin Nob","floor":7.0,"turns":4.0},{"damage":0.0,"enemies":"Large Slime","floor":8.0,"turns":7.0},{"damage":0.0,"enemies":"Gremlin Gang","floor":10.0,"turns":3.0},{"damage":4.0,"enemies":"3 Sentries","floor":11.0,"turns":4.0},{"damage":0.0,"enemies":"2 Fungi Beasts","floor":14.0,"turns":2.0},{"damage":47.0,"enemies":"Slime Boss","floor":16.0,"turns":9.0},{"damage":0.0,"enemies":"Chosen","floor":18.0,"turns":6.0},{"damage":6.0,"enemies":"2 Thieves","floor":20.0,"turns":4.0},{"damage":66,"enemies":"Book of Stabbing","floor":23,"turns":6}],"seed_played":"7016567585078427389","potions_obtained":[{"floor":2.0,"key":"Strength Potion"},{"floor":4.0,"key":"Weak Potion"},{"floor":8.0,"key":"Ancient Potion"},{"floor":11.0,"key":"SteroidPotion"},{"floor":16.0,"key":"Energy Potion"},{"floor":18.0,"key":"Ancient Potion"}],"is_trial":false,"path_per_floor":["M","M","M","?","M","R","E","M","T","M","E","R","?","M","R","B",null,"M","?","M","$","?","E"],"character_chosen":"THE_SILENT","items_purchased":["PrismaticShard"],"campfire_rested":0,"item_purchase_floors":[21],"current_hp_per_floor":[61,63,65,65,66,66,44,46,46,48,46,46,46,48,48,3,50,52,46,42,42,42,0],"gold":46,"neow_bonus":"RANDOM_COMMON_RELIC","is_prod":false,"is_daily":false,"chose_seed":false,"campfire_upgraded":3,"win_rate":0,"timestamp":1556593498,"path_taken":["M","M","M","?","?","R","E","M","T","M","E","R","?","M","R","BOSS","M","?","M","$","?","E"],"build_version":"2019-01-23","purchased_purges":1,"victory":false,"max_hp_per_floor":[66,66,66,66,66,66,66,66,66,66,66,66,66,66,66,66,66,66,66,66,66,66,66],"card_choices":[{"not_picked":["Sucker Punch","Deadly Poison"],"picked":"Dagger Spray","floor":1.0},{"not_picked":["Deadly Poison","Slice"],"picked":"Cloak And Dagger","floor":2.0},{"not_picked":["PiercingWail","Blur"],"picked":"Die Die Die","floor":3.0},{"not_picked":["Calculated Gamble","Slice"],"picked":"All Out Attack","floor":5.0},{"not_picked":["Cloak And Dagger","Bane"],"picked":"Venomology","floor":7.0},{"not_picked":["Finisher","Underhanded Strike"],"picked":"Crippling Poison","floor":8.0},{"not_picked":["Outmaneuver","Bane"],"picked":"Backflip","floor":10.0},{"not_picked":["Prepared","Crippling Poison","Doppelganger"],"picked":"SKIP","floor":11.0},{"not_picked":["Outmaneuver","Bane","Tactician"],"picked":"SKIP","floor":14.0},{"not_picked":["Grand Finale","Unload"],"picked":"Envenom+1","floor":16.0},{"not_picked":["Underhanded Strike","Quick Slash"],"picked":"Infinite Blades+1","floor":18.0},{"not_picked":["Prepared","Blade Dance"],"picked":"Deflect","floor":20.0}],"player_experience":1324436,"relics_obtained":[{"floor":7.0,"key":"War Paint"},{"floor":9.0,"key":"Frozen Egg 2"},{"floor":11.0,"key":"Centennial Puzzle"}],"event_choices":[{"damage_healed":0.0,"max_hp_gain":0.0,"max_hp_loss":0.0,"gold_gain":0.0,"event_name":"The Woman in Blue","player_choice":"Bought 1 Potion","floor":4.0,"gold_loss":0.0,"damage_taken":0.0},{"damage_healed":0.0,"max_hp_gain":0.0,"max_hp_loss":0.0,"gold_gain":0.0,"event_name":"Living Wall","player_choice":"Grow","floor":13.0,"gold_loss":0.0,"damage_taken":0.0,"cards_upgraded":["All Out Attack"]},{"damage_healed":0.0,"max_hp_gain":0.0,"max_hp_loss":0.0,"gold_gain":0.0,"event_name":"Nest","player_choice":"Joined the Cult","floor":19.0,"gold_loss":0.0,"damage_taken":6.0,"cards_obtained":["RitualDagger"]}],"is_beta":false,"boss_relics":[{"not_picked":["Eternal Feather","HoveringKite"],"picked":"Runic Pyramid"}],"items_purged_floors":[21],"is_endless":false,"potions_floor_spawned":[2,5,8,11,14,16,18],"killed_by":"Book of Stabbing","ascension_level":20}