{"gold_per_floor":[117,132,57,70,81,111,111,140,140,167,178,198,212,177,177,177],"floor_reached":16,"playtime":990,"items_purged":["Strike_G"],"score":248,"play_id":"c52a5646-11f8-48ba-ad9e-acd9c51fcd79","local_time":"20190502213412","is_ascension_mode":true,"campfire_choices":[{"floor":7,"key":"REST"},{"data":"Footwork","floor":15,"key":"SMITH"}],"neow_cost":"NONE","seed_source_timestamp":731339543499160,"circlet_count":0,"master_deck":["AscendersBane","Defend_G","Defend_G","Defend_G","Defend_G","Defend_G","Strike_G","Strike_G","Strike_G","Strike_G","Survivor","Neutralize","Riddle With Holes","Underhanded Strike","Footwork+1","Dagger Throw","Dash","Glass Knife","Backflip","Blur","Prepared","Backstab"],"relics":["Ring of the Snake","Happy Flower","Tough Bandages","Question Card"],"potions_floor_usage":[6,8,11,16],"damage_taken":[{"damage":0,"enemies":"Cultist","floor":1,"turns":4},{"damage":0,"enemies":"2 Louse","floor":2,"turns":4},{"damage":1,"enemies":"Small Slimes","floor":4,"turns":4},{"damage":2,"enemies":"Blue Slaver","floor":5,"turns":6},{"damage":23,"enemies":"Lagavulin","floor":6,"turns":9},{"damage":16,"enemies":"3 Sentries","floor":8,"turns":10},{"damage":23,"enemies":"Gremlin Nob","floor":10,"turns":4},{"damage":0,"enemies":"Exordium Thugs","floor":11,"turns":3},{"damage":0,"enemies":"Red Slaver","floor":12,"turns":4},{"damage":0,"enemies":"Exordium Wildlife","floor":13,"turns":2},{"damage":34,"enemies":"Hexaghost","floor":16,"turns":14}],"seed_played":"-2362851299070862697","potions_obtained":[{"floor":0,"key":"Block Potion"},{"floor":0,"key":"Swift Potion"},{"floor":4,"key":"Fire Potion"},{"floor":8,"key":"Dexterity Potion"},{"floor":10,"key":"Explosive Potion"}],"is_trial":false,"path_per_floor":["M","M","$","M","M","E","R","E","T","E","M","M","M","?","R","B"],"character_chosen":"THE_SILENT","items_purchased":[],"campfire_rested":1,"item_purchase_floors":[],"current_hp_per_floor":[59,59,59,58,56,33,52,36,36,13,13,13,13,29,29,0],"gold":177,"neow_bonus":"THREE_SMALL_POTIONS","is_prod":false,"is_daily":false,"chose_seed":false,"campfire_upgraded":1,"win_rate":0,"timestamp":1556847252,"path_taken":["M","M","?","M","M","E","R","E","T","E","M","M","M","?","R","BOSS"],"build_version":"2019-01-23","purchased_purges":1,"victory":false,"max_hp_per_floor":[66,66,66,66,66,66,66,66,66,66,66,66,66,66,66,66],"card_choices":[{"not_picked":["Accuracy","Infinite Blades"],"picked":"Riddle With Holes","floor":1},{"not_picked":["Bane","Cloak And Dagger"],"picked":"Underhanded Strike","floor":2},{"not_picked":["Quick Slash","Distraction"],"picked":"Footwork","floor":4},{"not_picked":["Sucker Punch","Poisoned Stab"],"picked":"Dagger Throw","floor":5},{"not_picked":["Concentrate","Infinite Blades"],"picked":"Dash","floor":6},{"not_picked":["Crippling Poison","Blur"],"picked":"Glass Knife","floor":8},{"not_picked":["Dagger Spray","Endless Agony"],"picked":"Backflip","floor":10},{"not_picked":["Underhanded Strike","Infinite Blades","Deadly Poison"],"picked":"Blur","floor":11},{"not_picked":["PiercingWail","Sucker Punch","Blade Dance"],"picked":"Prepared","floor":12},{"not_picked":["Escape Plan","Finisher","Riddle With Holes"],"picked":"Backstab","floor":13}],"player_experience":1355850,"relics_obtained":[{"floor":6,"key":"Happy Flower"},{"floor":8,"key":"Tough Bandages"},{"floor":10,"key":"Question Card"}],"event_choices":[{"damage_healed":16,"gold_gain":0,"player_choice":"Healed","damage_taken":0,"max_hp_gain":0,"max_hp_loss":0,"event_name":"The Cleric","floor":14,"gold_loss":35}],"is_beta":false,"boss_relics":[],"items_purged_floors":[3],"is_endless":false,"potions_floor_spawned":[4,5,8,10],"killed_by":"Hexaghost","ascension_level":20}