{"gold_per_floor":[217,237,255,265,265,293,293,148,148,213,213,213,228,140,140,238,238,254,29,29,41,91,91],"floor_reached":23,"playtime":1123,"items_purged":["Strike_G","Strike_G"],"score":289,"play_id":"ac5aa40a-e627-4565-8501-7d34a26c7b92","local_time":"20190820125659","is_ascension_mode":true,"campfire_choices":[{"data":"Catalyst","floor":7.0,"key":"SMITH"},{"floor":12.0,"key":"REST"},{"data":"Catalyst","floor":15.0,"key":"SMITH"}],"neow_cost":"NONE","seed_source_timestamp":264705590400,"circlet_count":0,"master_deck":["Strike_G","Strike_G","Strike_G","Defend_G","Defend_G","Defend_G","Defend_G","Defend_G","Survivor","Neutralize","Deadly Poison","Dash","Dodge and Roll","Catalyst+1","Noxious Fumes","Catalyst+1","Bullet Time","Noxious Fumes"],"special_seed":0,"relics":["Ring of the Snake","Oddly Smooth Stone","Juzu Bracelet","Matryoshka","SsserpentHead","Snecko Eye","ClockworkSouvenir"],"potions_floor_usage":[16,23],"damage_taken":[{"damage":0.0,"enemies":"Cultist","floor":1.0,"turns":5.0},{"damage":0.0,"enemies":"Small Slimes","floor":2.0,"turns":3.0},{"damage":0.0,"enemies":"Jaw Worm","floor":3.0,"turns":4.0},{"damage":23.0,"enemies":"Exordium Thugs","floor":4.0,"turns":6.0},{"damage":24.0,"enemies":"Gremlin Nob","floor":6.0,"turns":5.0},{"damage":23.0,"enemies":"Gremlin Nob","floor":10.0,"turns":4.0},{"damage":6.0,"enemies":"Lots of Slimes","floor":13.0,"turns":4.0},{"damage":14,"enemies":"Slime Boss","floor":16,"turns":10},{"damage":30,"enemies":"Chosen","floor":18,"turns":8},{"damage":6,"enemies":"Spheric Guardian","floor":21,"turns":4},{"damage":22,"enemies":"Slavers","floor":23,"turns":2}],"seed_played":"5898575338354348616","potions_obtained":[{"floor":2.0,"key":"Fire Potion"},{"floor":4.0,"key":"Energy Potion"},{"floor":6.0,"key":"GamblersBrew"},{"floor":10.0,"key":"Poison Potion"},{"floor":21,"key":"Strength Potion"}],"is_trial":false,"path_per_floor":["M","M","M","M","?","E","R","$","T","?","?","R","M","$","R","B",null,"M","$","$","M","?","E"],"character_chosen":"THE_SILENT","items_purchased":["Noxious Fumes","Catalyst","ClockworkSouvenir","Noxious Fumes"],"campfire_rested":1,"item_purchase_floors":[8,14,19,19],"current_hp_per_floor":[63,63,63,40,63,39,39,39,39,16,16,37,31,31,31,17,57,27,27,27,21,21,0],"gold":91,"neow_bonus":"HUNDRED_GOLD","is_prod":false,"is_daily":false,"chose_seed":false,"campfire_upgraded":2,"win_rate":0,"timestamp":1566298619,"path_taken":["M","M","?","M","?","E","R","$","T","?","?","R","M","?","R","BOSS","M","?","$","M","?","E"],"build_version":"2019-07-17","purchased_purges":2,"victory":false,"max_hp_per_floor":[70,70,70,70,70,70,70,70,70,70,70,70,70,70,70,70,70,70,70,70,70,70,70],"card_choices":[{"not_picked":["PiercingWail","Crippling Poison"],"picked":"Deadly Poison","floor":1.0},{"not_picked":["PiercingWail","Skewer"],"picked":"Dash","floor":2.0},{"not_picked":["Finisher","Caltrops"],"picked":"Dodge and Roll","floor":3.0},{"not_picked":["Quick Slash","Sucker Punch","Bane"],"picked":"SKIP","floor":4.0},{"not_picked":["Prepared","Cloak And Dagger"],"picked":"Catalyst","floor":6.0},{"not_picked":["Caltrops","Terror","Backstab"],"picked":"SKIP","floor":13.0},{"not_picked":["Die Die Die","Corpse Explosion"],"picked":"Bullet Time","floor":16},{"not_picked":["Flying Knee","Poisoned Stab","Terror"],"picked":"SKIP","floor":18},{"not_picked":["Infinite Blades","Cloak And Dagger","Slice"],"picked":"SKIP","floor":21}],"player_experience":108703,"relics_obtained":[{"floor":6.0,"key":"Oddly Smooth Stone"},{"floor":9.0,"key":"Juzu Bracelet"},{"floor":10.0,"key":"Matryoshka"}],"event_choices":[{"damage_healed":23.0,"max_hp_gain":0.0,"max_hp_loss":0.0,"gold_gain":0.0,"event_name":"Big Fish","player_choice":"Banana","floor":5.0,"gold_loss":0.0,"damage_taken":0.0},{"damage_healed":0.0,"max_hp_gain":0.0,"max_hp_loss":0.0,"gold_gain":30.0,"event_name":"Dead Adventurer","player_choice":"Searched \u00272\u0027 times","floor":10.0,"gold_loss":0.0,"damage_taken":0.0},{"damage_healed":0.0,"max_hp_gain":0.0,"max_hp_loss":0.0,"gold_gain":0.0,"event_name":"FaceTrader","player_choice":"Trade","floor":11.0,"gold_loss":0.0,"damage_taken":0.0,"relics_obtained":["SsserpentHead"]},{"damage_healed":0,"gold_gain":0,"player_choice":"Ignored","damage_taken":0,"max_hp_gain":0,"max_hp_loss":0,"event_name":"Ghosts","floor":22,"gold_loss":0}],"is_beta":false,"boss_relics":[{"not_picked":["Runic Pyramid","Empty Cage"],"picked":"Snecko Eye"}],"items_purged_floors":[8,14],"is_endless":false,"potions_floor_spawned":[2,4,6,10,21],"killed_by":"Slavers","ascension_level":7}