{"gold_per_floor":[118,128,128,53,53,53,88,88,112,128,128,140,140],"floor_reached":13,"playtime":461,"items_purged":["Strike_B"],"score":125,"play_id":"a13b45a3-c08a-442c-94a7-6b62d9eb231d","local_time":"20181107012706","is_ascension_mode":true,"campfire_choices":[{"data":"Defragment","floor":6,"key":"SMITH"},{"data":"Zap","floor":8,"key":"SMITH"},{"data":"Cold Snap","floor":11,"key":"SMITH"}],"neow_cost":"NONE","seed_source_timestamp":885177783205382,"circlet_count":0,"master_deck":["AscendersBane","Strike_B","Strike_B","Defend_B","Defend_B","Defend_B","Defend_B","Zap+1","Dualcast","Defragment+1","Cold Snap+1","Fission+1","Hologram+1"],"relics":["Cracked Core","Toxic Egg 2","Dead Branch","Pantograph","Anchor"],"potions_floor_usage":[13],"damage_taken":[{"damage":0,"enemies":"Cultist","floor":1,"turns":4},{"damage":4,"enemies":"Jaw Worm","floor":2,"turns":4},{"damage":22,"enemies":"3 Sentries","floor":7,"turns":7},{"damage":0,"enemies":"2 Louse","floor":10,"turns":1},{"damage":0,"enemies":"2 Fungi Beasts","floor":12,"turns":3},{"damage":41,"enemies":"Gremlin Nob","floor":13,"turns":5}],"seed_played":"5631109139905252096","potions_obtained":[{"floor":1,"key":"SteroidPotion"},{"floor":2,"key":"Block Potion"}],"is_trial":false,"path_per_floor":["M","M","?","$","?","R","E","R","T","M","R","M","E"],"character_chosen":"DEFECT","items_purchased":[],"campfire_rested":0,"item_purchase_floors":[],"current_hp_per_floor":[68,64,64,64,57,57,35,35,35,35,35,35,0],"gold":140,"neow_bonus":"REMOVE_CARD","is_prod":false,"is_daily":false,"chose_seed":false,"campfire_upgraded":3,"win_rate":0,"timestamp":1541572026,"path_taken":["M","M","?","?","?","R","E","R","T","M","R","M","E"],"build_version":"2018-11-01","purchased_purges":1,"victory":false,"max_hp_per_floor":[75,75,75,75,75,75,75,75,75,75,75,75,75],"card_choices":[{"not_picked":["Gash","Conserve Battery"],"picked":"Defragment","floor":1},{"not_picked":["Steam","Hologram"],"picked":"Cold Snap","floor":2},{"not_picked":["Hello World","Core Surge"],"picked":"Fission+1","floor":7},{"not_picked":["Rebound","Rip and Tear","Barrage"],"picked":"SKIP","floor":10},{"not_picked":["Defragment","Turbo+1"],"picked":"Hologram+1","floor":12}],"player_experience":635405,"relics_obtained":[{"floor":7,"key":"Pantograph"},{"floor":9,"key":"Anchor"}],"event_choices":[{"damage_healed":0,"gold_gain":0,"player_choice":"Gave Potion","damage_taken":0,"relics_obtained":["Toxic Egg 2"],"max_hp_gain":0,"max_hp_loss":0,"event_name":"WeMeetAgain","floor":3,"gold_loss":0},{"damage_healed":0,"gold_gain":0,"player_choice":"Success","damage_taken":7,"relics_obtained":["Dead Branch"],"max_hp_gain":0,"max_hp_loss":0,"event_name":"Scrap Ooze","floor":5,"gold_loss":0}],"is_beta":false,"boss_relics":[],"items_purged_floors":[4],"is_endless":false,"potions_floor_spawned":[1,2],"killed_by":"Gremlin Nob","ascension_level":10}