{"gold_per_floor":[117,137,157,13,28,28,56,56,104,104,114,114,140,151,151,249,249,268,268,268,281,291,291,63,79,79,79,110,110,62,80,80,180,180,195,117,143,156,156,156,169,169,219,235,246,263,275,275,275,275],"floor_reached":50,"playtime":3476,"items_purged":[],"score":501,"play_id":"4af08fbb-3b4a-401c-8c90-5a36234ca34b","local_time":"20190902163852","is_ascension_mode":false,"campfire_choices":[{"data":"Bash","floor":8.0,"key":"SMITH"},{"data":"Rampage","floor":10.0,"key":"SMITH"},{"data":"Iron Wave","floor":12.0,"key":"SMITH"},{"data":"Inflame","floor":15.0,"key":"SMITH"},{"data":"Intimidate","floor":23.0,"key":"SMITH"},{"data":"Armaments","floor":27.0,"key":"SMITH"},{"floor":29.0,"key":"RECALL"},{"floor":32.0,"key":"REST"},{"data":"Shrug It Off","floor":40,"key":"SMITH"},{"floor":42,"key":"REST"},{"data":"Offering","floor":49,"key":"SMITH"}],"neow_cost":"NONE","seed_source_timestamp":28077812788200,"circlet_count":0,"master_deck":["Defend_R","Defend_R","Defend_R","Defend_R","Bash+1","Whirlwind+1","Rampage+1","Headbutt+1","Iron Wave+1","Inflame+1","Double Tap","Bite","Bite","Bite+1","Bite","Bite","Intimidate+1","Armaments+1","Shrug It Off+1","Metallicize+1","Offering+1"],"special_seed":0,"relics":["Black Blood","Oddly Smooth Stone","Bag of Preparation","Meat on the Bone","Dream Catcher","MutagenicStrength","Chemical X","Whetstone","Bottled Tornado","Orrery","Bag of Marbles"],"potions_floor_usage":[50,50,50],"damage_taken":[{"damage":3.0,"enemies":"Cultist","floor":1.0,"turns":4.0},{"damage":5.0,"enemies":"Small Slimes","floor":2.0,"turns":4.0},{"damage":0.0,"enemies":"2 Louse","floor":3.0,"turns":1.0},{"damage":6.0,"enemies":"Exordium Wildlife","floor":5.0,"turns":2.0},{"damage":24.0,"enemies":"Lagavulin","floor":7.0,"turns":5.0},{"damage":6.0,"enemies":"Blue Slaver","floor":11.0,"turns":3.0},{"damage":10.0,"enemies":"3 Sentries","floor":13.0,"turns":4.0},{"damage":0.0,"enemies":"Red Slaver","floor":14.0,"turns":4.0},{"damage":2.0,"enemies":"Slime Boss","floor":16.0,"turns":6.0},{"damage":2.0,"enemies":"Chosen","floor":18.0,"turns":4.0},{"damage":0.0,"enemies":"3 Byrds","floor":21.0,"turns":3.0},{"damage":18.0,"enemies":"3 Cultists","floor":22.0,"turns":4.0},{"damage":10.0,"enemies":"Chosen and Byrds","floor":25.0,"turns":4.0},{"damage":33.0,"enemies":"Slavers","floor":28.0,"turns":3.0},{"damage":6.0,"enemies":"Cultist and Chosen","floor":31.0,"turns":4.0},{"damage":48.0,"enemies":"Champ","floor":33.0,"turns":12.0},{"damage":0.0,"enemies":"3 Darklings","floor":35.0,"turns":1.0},{"damage":8.0,"enemies":"Orb Walker","floor":38.0,"turns":2.0},{"damage":47,"enemies":"Transient","floor":41,"turns":5},{"damage":10,"enemies":"Sphere and 2 Shapes","floor":44,"turns":3},{"damage":6,"enemies":"Jaw Worm Horde","floor":45,"turns":3},{"damage":9,"enemies":"4 Shapes","floor":46,"turns":1},{"damage":9,"enemies":"Sphere and 2 Shapes","floor":47,"turns":2},{"damage":146,"enemies":"Awakened One","floor":50,"turns":11}],"seed_played":"5851038294141955058","potions_obtained":[{"floor":1.0,"key":"Energy Potion"},{"floor":2.0,"key":"Regen Potion"},{"floor":3.0,"key":"EntropicBrew"},{"floor":16.0,"key":"SteroidPotion"},{"floor":22.0,"key":"BloodPotion"},{"floor":33.0,"key":"Regen Potion"},{"floor":35.0,"key":"BloodPotion"}],"is_trial":false,"path_per_floor":["M","M","M","$","M","?","E","R","T","R","M","R","E","M","R","B",null,"M","?","?","M","M","R","$","M","T","R","E","R","$","M","R","B",null,"M","$","T","M","?","R","M","R","T","M","M","M","M","?","R","B"],"character_chosen":"IRONCLAD","items_purchased":["Bag of Preparation","Chemical X","Armaments","Shrug It Off","Offering"],"campfire_rested":2,"item_purchase_floors":[4,24,24,30,36],"current_hp_per_floor":[80,80,80,80,80,80,62,62,62,62,64,64,62,70,70,76,80,80,80,80,80,76,76,76,80,80,80,57,57,57,65,80,53,80,80,80,80,80,80,80,58,80,80,80,80,80,80,76,76,0],"gold":275,"neow_bonus":"RANDOM_COMMON_RELIC","is_prod":false,"is_daily":false,"chose_seed":false,"campfire_upgraded":8,"win_rate":0,"timestamp":1567438732,"path_taken":["M","M","M","?","?","?","E","R","T","R","?","R","E","M","R","BOSS","M","?","?","M","M","R","?","?","T","R","E","R","?","M","R","BOSS","M","?","?","M","?","R","M","R","T","M","M","M","?","?","R","BOSS"],"build_version":"2019-07-17","purchased_purges":0,"victory":false,"max_hp_per_floor":[80,80,80,80,80,80,80,80,80,80,80,80,80,80,80,80,80,80,80,80,80,80,80,80,80,80,80,80,80,80,80,80,80,80,80,80,80,80,80,80,80,80,80,80,80,80,80,76,76,76],"card_choices":[{"not_picked":["Body Slam","Corruption"],"picked":"Whirlwind","floor":1.0},{"not_picked":["Searing Blow","True Grit"],"picked":"Rampage","floor":2.0},{"not_picked":["Rage","Hemokinesis","Perfected Strike"],"picked":"SKIP","floor":3.0},{"not_picked":["Flex","Anger"],"picked":"Headbutt","floor":5.0},{"not_picked":["Twin Strike","Dual Wield","Searing Blow"],"picked":"SKIP","floor":7.0},{"not_picked":["Exhume","Searing Blow"],"picked":"Iron Wave","floor":11.0},{"not_picked":["Entrench","Body Slam","True Grit"],"picked":"SKIP","floor":13.0},{"not_picked":["Iron Wave","Rupture"],"picked":"Inflame","floor":14.0},{"not_picked":["Offering","Barricade"],"picked":"Double Tap","floor":16.0},{"not_picked":["Heavy Blade+1","Havoc+1","Perfected Strike"],"picked":"SKIP","floor":18.0},{"not_picked":["Clash","Dropkick"],"picked":"Intimidate","floor":21.0},{"not_picked":["Whirlwind","Perfected Strike","Combust"],"picked":"SKIP","floor":22.0},{"not_picked":["Combust+1","Twin Strike","Corruption"],"picked":"SKIP","floor":25.0},{"not_picked":["Flex","Armaments","Blood for Blood"],"picked":"SKIP","floor":28.0},{"not_picked":["Bloodletting","Warcry"],"picked":"Metallicize+1","floor":31.0},{"not_picked":["Combust","True Grit","Havoc+1"],"picked":"SKIP","floor":35.0},{"not_picked":["Fire Breathing+1","Sentinel+1","Cleave"],"picked":"SKIP","floor":38.0},{"not_picked":["Armaments","Ghostly Armor+1","Heavy Blade+1"],"picked":"SKIP","floor":41},{"not_picked":["Heavy Blade+1","Iron Wave+1","Combust"],"picked":"SKIP","floor":44},{"not_picked":["Havoc+1","Heavy Blade","Sword Boomerang"],"picked":"SKIP","floor":45},{"not_picked":["Perfected Strike+1","Uppercut","Sword Boomerang+1"],"picked":"SKIP","floor":46},{"not_picked":["Sword Boomerang","Shrug It Off","Entrench+1"],"picked":"SKIP","floor":47}],"player_experience":133998,"relics_obtained":[{"floor":7.0,"key":"Meat on the Bone"},{"floor":9.0,"key":"Blood Vial"},{"floor":13.0,"key":"Dream Catcher"},{"floor":26.0,"key":"Whetstone"},{"floor":28.0,"key":"Bottled Tornado"},{"floor":43,"key":"Bag of Marbles"}],"event_choices":[{"damage_healed":0.0,"max_hp_gain":0.0,"max_hp_loss":0.0,"gold_gain":0.0,"event_name":"Accursed Blacksmith","player_choice":"Forge","floor":6.0,"gold_loss":0.0,"damage_taken":0.0,"cards_upgraded":["Whirlwind"]},{"damage_healed":0.0,"max_hp_gain":0.0,"max_hp_loss":0.0,"gold_gain":0.0,"event_name":"Vampires","player_choice":"Became a vampire (Vial)","floor":19.0,"relics_lost":["Blood Vial"],"gold_loss":0.0,"damage_taken":0.0,"cards_obtained":["Bite","Bite","Bite","Bite","Bite"]},{"damage_healed":0.0,"max_hp_gain":0.0,"max_hp_loss":0.0,"gold_gain":0.0,"event_name":"Drug Dealer","player_choice":"Inject Mutagens","floor":20.0,"gold_loss":0.0,"damage_taken":0.0,"relics_obtained":["MutagenicStrength"]},{"damage_healed":0,"gold_gain":0,"player_choice":"Ignored","damage_taken":0,"max_hp_gain":0,"max_hp_loss":0,"event_name":"Purifier","floor":39,"gold_loss":0},{"damage_healed":0,"gold_gain":0,"player_choice":"Max HP","damage_taken":0,"max_hp_gain":0,"max_hp_loss":4,"event_name":"Winding Halls","floor":48,"gold_loss":0}],"is_beta":false,"boss_relics":[{"not_picked":["Astrolabe","Calling Bell"],"picked":"Black Blood"},{"not_picked":["White Beast Statue","Philosopher\u0027s Stone"],"picked":"Orrery"}],"items_purged_floors":[],"is_endless":false,"potions_floor_spawned":[1,2,3,16,22,33,35,38,46,47],"killed_by":"Awakened One","ascension_level":0}