{"gold_per_floor":[119,133,147,162,162,162,188,188,188,34,34,67,67,102,102,102],"floor_reached":16,"playtime":5402,"items_purged":["Strike_G"],"score":183,"play_id":"1e33969b-d174-40da-bcca-70336113b7bd","local_time":"20181129005000","is_ascension_mode":true,"campfire_choices":[{"data":"Choke","floor":6.0,"key":"SMITH"},{"floor":8.0,"key":"REST"},{"floor":11,"key":"REST"},{"floor":13,"key":"REST"},{"floor":15,"key":"REST"}],"neow_cost":"NONE","seed_source_timestamp":0,"circlet_count":0,"master_deck":["AscendersBane","Defend_G","Defend_G","Defend_G","Defend_G","Defend_G","Strike_G","Strike_G","Strike_G","Survivor","Neutralize","Choke+1","Quick Slash","Footwork","Sucker Punch","Acrobatics","Tactician","PiercingWail"],"special_seed":0,"relics":["Ring of the Snake","Boot","Centennial Puzzle","Dodecahedron","Lantern"],"potions_floor_usage":[12,14,16],"damage_taken":[{"damage":0.0,"enemies":"2 Louse","floor":1.0,"turns":6.0},{"damage":12.0,"enemies":"Small Slimes","floor":2.0,"turns":3.0},{"damage":0.0,"enemies":"Cultist","floor":3.0,"turns":4.0},{"damage":4.0,"enemies":"Looter","floor":4.0,"turns":3.0},{"damage":40.0,"enemies":"3 Sentries","floor":7.0,"turns":12.0},{"damage":29,"enemies":"Lagavulin","floor":12,"turns":7},{"damage":20,"enemies":"3 Sentries","floor":14,"turns":6},{"damage":45,"enemies":"Hexaghost","floor":16,"turns":14}],"seed_played":"1073948405501602269","potions_obtained":[{"floor":3.0,"key":"Energy Potion"},{"floor":4.0,"key":"FearPotion"},{"floor":12,"key":"AttackPotion"},{"floor":14,"key":"Swift Potion"}],"is_trial":false,"path_per_floor":["M","M","M","M","?","R","E","R","T","$","R","E","R","E","R","B"],"character_chosen":"THE_SILENT","items_purchased":["Tactician"],"campfire_rested":4,"item_purchase_floors":[10],"current_hp_per_floor":[63,51,51,47,47,47,7,28,28,28,49,20,41,21,42,0],"gold":102,"neow_bonus":"REMOVE_CARD","is_prod":false,"is_daily":false,"chose_seed":false,"campfire_upgraded":1,"win_rate":0,"timestamp":1543470600,"path_taken":["M","M","M","M","?","R","E","R","T","$","R","E","R","E","R","BOSS"],"build_version":"2018-11-15","purchased_purges":1,"victory":false,"max_hp_per_floor":[70,70,70,70,70,70,70,70,70,70,70,70,70,70,70,70],"card_choices":[{"not_picked":["Flying Knee","Blur"],"picked":"Choke","floor":1.0},{"not_picked":["Slice","Venomology"],"picked":"Quick Slash","floor":2.0},{"not_picked":["Prepared","Slice"],"picked":"Footwork","floor":3.0},{"not_picked":["Dagger Spray","Outmaneuver"],"picked":"Sucker Punch","floor":4.0},{"not_picked":["Skewer","Catalyst"],"picked":"Acrobatics","floor":7.0},{"not_picked":["Night Terror","Dagger Spray","Dagger Throw"],"picked":"SKIP","floor":12},{"not_picked":["Bane","Acrobatics"],"picked":"PiercingWail","floor":14}],"player_experience":728898,"relics_obtained":[{"floor":7.0,"key":"Boot"},{"floor":9,"key":"Centennial Puzzle"},{"floor":12,"key":"Dodecahedron"},{"floor":14,"key":"Lantern"}],"event_choices":[{"damage_healed":0.0,"max_hp_gain":0.0,"max_hp_loss":0.0,"gold_gain":0.0,"event_name":"Liars Game","player_choice":"Ignored","floor":5.0,"gold_loss":0.0,"damage_taken":0.0}],"is_beta":false,"boss_relics":[],"items_purged_floors":[10],"is_endless":false,"potions_floor_spawned":[3,4,12,14],"killed_by":"Hexaghost","ascension_level":11}