{"gold_per_floor":[117,135,210,210,222,222,222,246,271,291,291],"floor_reached":11,"playtime":484,"items_purged":[],"score":124,"play_id":"27eacf40-5757-47ce-a430-9366c2ad2d73","local_time":"20181229030231","is_ascension_mode":true,"campfire_choices":[{"data":"Neutralize","floor":6,"key":"SMITH"}],"neow_cost":"NONE","seed_source_timestamp":697577166154082,"circlet_count":0,"master_deck":["AscendersBane","Defend_G","Defend_G","Defend_G","Defend_G","Defend_G","Strike_G","Strike_G","Strike_G","Strike_G","Strike_G","Survivor","Neutralize+1","Poisoned Stab","Backflip","Malaise","Dagger Throw"],"relics":["Ring of the Snake","NeowsBlessing","Unceasing Top","Golden Idol","Vajra"],"potions_floor_usage":[11,11],"damage_taken":[{"damage":0,"enemies":"Cultist","floor":1,"turns":1},{"damage":0,"enemies":"2 Louse","floor":2,"turns":1},{"damage":0,"enemies":"Jaw Worm","floor":5,"turns":1},{"damage":6,"enemies":"3 Louse","floor":8,"turns":5},{"damage":20,"enemies":"Exordium Thugs","floor":10,"turns":8},{"damage":22,"enemies":"3 Sentries","floor":11,"turns":9}],"seed_played":"3981224827380713579","potions_obtained":[{"floor":1,"key":"FearPotion"},{"floor":10,"key":"Strength Potion"}],"is_trial":false,"path_per_floor":["M","M","?","T","M","R","?","M","T","M","E"],"character_chosen":"THE_SILENT","items_purchased":[],"campfire_rested":0,"item_purchase_floors":[],"current_hp_per_floor":[59,59,48,48,48,48,48,42,42,22,0],"gold":291,"neow_bonus":"THREE_ENEMY_KILL","is_prod":false,"is_daily":false,"chose_seed":false,"campfire_upgraded":1,"win_rate":0,"timestamp":1546070551,"path_taken":["M","?","?","?","M","R","?","M","T","?","E"],"build_version":"2018-12-20","purchased_purges":0,"victory":false,"max_hp_per_floor":[66,66,66,66,66,66,60,60,60,60,60],"card_choices":[{"not_picked":["Setup","Cloak And Dagger"],"picked":"Poisoned Stab","floor":1},{"not_picked":["PiercingWail","Blade Dance"],"picked":"Backflip","floor":2},{"not_picked":["PiercingWail","Outmaneuver","Riddle With Holes"],"picked":"SKIP","floor":5},{"not_picked":["Deadly Poison","Predator"],"picked":"Malaise","floor":8},{"not_picked":["PiercingWail","Underhanded Strike"],"picked":"Dagger Throw","floor":10}],"player_experience":1084037,"relics_obtained":[{"floor":4,"key":"Unceasing Top"},{"floor":9,"key":"Vajra"}],"event_choices":[{"damage_healed":0,"gold_gain":75,"player_choice":"Gather Gold","damage_taken":11,"max_hp_gain":0,"max_hp_loss":0,"event_name":"World of Goop","floor":3,"gold_loss":0},{"damage_healed":0,"gold_gain":0,"player_choice":"Lose Max HP","damage_taken":0,"relics_obtained":["Golden Idol"],"max_hp_gain":0,"max_hp_loss":6,"event_name":"Golden Idol","floor":7,"gold_loss":0}],"is_beta":false,"boss_relics":[],"items_purged_floors":[],"is_endless":false,"potions_floor_spawned":[1,10],"killed_by":"3 Sentries","ascension_level":18}