{"gold_per_floor":[10,29,29,47,47,47,81,81,107,141,153,153,169,195,195,195],"floor_reached":16,"playtime":1394,"items_purged":[],"score":240,"play_id":"7766fd2a-40d3-4058-b2e4-97e5812a5dcd","local_time":"20181229144755","is_ascension_mode":true,"campfire_choices":[{"data":"Neutralize","floor":6,"key":"SMITH"},{"floor":8,"key":"REST"},{"floor":12,"key":"REST"},{"floor":15,"key":"REST"}],"neow_cost":"NO_GOLD","seed_source_timestamp":738985898895231,"circlet_count":0,"master_deck":["AscendersBane","Defend_G","Defend_G","Defend_G","Defend_G","Defend_G","Strike_G","Strike_G","Strike_G","Strike_G","Strike_G","Survivor","Neutralize+1","Adrenaline","Quick Slash","Slice","Dodge and Roll","Leg Sweep","Footwork","Dash","Flechettes"],"relics":["Ring of the Snake","Centennial Puzzle","Omamori","Bottled Lightning","Nunchaku"],"potions_floor_usage":[7,10,14],"damage_taken":[{"damage":0,"enemies":"Small Slimes","floor":1,"turns":4},{"damage":4,"enemies":"Jaw Worm","floor":2,"turns":4},{"damage":0,"enemies":"Cultist","floor":4,"turns":3},{"damage":31,"enemies":"3 Sentries","floor":7,"turns":18},{"damage":25,"enemies":"Lagavulin","floor":10,"turns":7},{"damage":0,"enemies":"Looter","floor":11,"turns":5},{"damage":2,"enemies":"Blue Slaver","floor":13,"turns":4},{"damage":14,"enemies":"3 Sentries","floor":14,"turns":13},{"damage":45,"enemies":"Hexaghost","floor":16,"turns":16}],"seed_played":"719888123348841703","potions_obtained":[{"floor":2,"key":"Strength Potion"},{"floor":5,"key":"SteroidPotion"},{"floor":11,"key":"Swift Potion"},{"floor":13,"key":"SmokeBomb"}],"is_trial":false,"path_per_floor":["M","M","?","M","?","R","E","R","T","E","M","R","M","E","R","B"],"character_chosen":"THE_SILENT","items_purchased":[],"campfire_rested":3,"item_purchase_floors":[],"current_hp_per_floor":[59,55,55,55,55,55,24,43,43,18,18,37,35,21,40,0],"gold":195,"neow_bonus":"THREE_RARE_CARDS","is_prod":false,"is_daily":false,"chose_seed":false,"campfire_upgraded":1,"win_rate":0,"timestamp":1546112875,"path_taken":["M","M","?","M","?","R","E","R","T","E","M","R","?","E","R","BOSS"],"build_version":"2018-12-20","purchased_purges":0,"victory":false,"max_hp_per_floor":[66,66,66,66,66,66,66,66,66,66,66,66,66,66,66,66],"card_choices":[{"not_picked":["Doppelganger","Venomology"],"picked":"Adrenaline","floor":0},{"not_picked":["Bane","Dagger Throw"],"picked":"Quick Slash","floor":1},{"not_picked":["Sucker Punch","Outmaneuver"],"picked":"Slice","floor":2},{"not_picked":["Acrobatics","Bane"],"picked":"Dodge and Roll","floor":4},{"not_picked":["Acrobatics","Prepared"],"picked":"Leg Sweep","floor":7},{"not_picked":["Reflex","Grand Finale","Sucker Punch"],"picked":"SKIP","floor":10},{"not_picked":["Dagger Spray","Masterful Stab"],"picked":"Footwork","floor":11},{"not_picked":["Deadly Poison","Leg Sweep"],"picked":"Dash","floor":13},{"not_picked":["PiercingWail","Dash"],"picked":"Flechettes","floor":14}],"player_experience":1095270,"relics_obtained":[{"floor":7,"key":"Centennial Puzzle"},{"floor":9,"key":"Omamori"},{"floor":10,"key":"Bottled Lightning"},{"floor":14,"key":"Nunchaku"}],"event_choices":[{"damage_healed":0,"gold_gain":0,"player_choice":"Leave","damage_taken":0,"max_hp_gain":0,"max_hp_loss":0,"event_name":"The Cleric","floor":3,"gold_loss":0},{"damage_healed":0,"gold_gain":0,"player_choice":"Got Potions","damage_taken":0,"max_hp_gain":0,"max_hp_loss":0,"event_name":"Lab","floor":5,"gold_loss":0}],"is_beta":false,"boss_relics":[],"items_purged_floors":[],"is_endless":false,"potions_floor_spawned":[2,11,13],"killed_by":"Hexaghost","ascension_level":20}