{"gold_per_floor":[217,197,211,2,21,21,54,54,54,68,84,29,29,59,59,137,187,200,216,33,50,50,50,82,92,116,144,144,144,159,179,179,253,253,267,55,55,70,83,117,117,132,132,132,179,212,212,212,212,212],"floor_reached":51,"playtime":6319,"items_purged":["Strike_R"],"score":1449,"play_id":"eb2eae69-c645-4dd0-b32b-ce5d5a350acd","local_time":"20190804022951","is_ascension_mode":true,"campfire_choices":[{"data":"Bash","floor":6,"key":"SMITH"},{"data":"Corruption","floor":8,"key":"SMITH"},{"floor":13,"key":"REST"},{"data":"Feel No Pain","floor":15,"key":"SMITH"},{"floor":23,"key":"REST"},{"floor":28,"key":"REST"},{"data":"Offering","floor":32,"key":"SMITH"},{"data":"Shockwave","floor":41,"key":"SMITH"},{"data":"Armaments","floor":44,"key":"SMITH"},{"data":"True Grit","floor":47,"key":"SMITH"},{"data":"Feel No Pain","floor":49,"key":"SMITH"}],"neow_cost":"NONE","seed_source_timestamp":4011800826359,"circlet_count":0,"master_deck":["AscendersBane","Strike_R","Strike_R","Strike_R+1","Strike_R","Defend_R","Defend_R","Defend_R","Defend_R","Bash+1","Shockwave+1","Body Slam","Corruption+1","Headbutt","Second Wind","Clothesline","Sever Soul","Feel No Pain+1","Offering+1","Feel No Pain+1","Sword Boomerang","Dropkick","Havoc","Shockwave","True Grit+1","Seeing Red","Impervious","Fiend Fire","Warcry+1","Entrench+1","Flex+1","Armaments+1","Juggernaut","Feed"],"relics":["Burning Blood","Regal Pillow","Dead Branch","StoneCalendar","Ginger","Tiny House","Blood Vial","Anchor","Bag of Preparation","Enchiridion","Snecko Eye","OrangePellets","Peace Pipe","Bird Faced Urn","Turnip","Juzu Bracelet"],"potions_floor_usage":[7,14,16,16,19,24,27],"damage_taken":[{"damage":4,"enemies":"Jaw Worm","floor":1,"turns":6},{"damage":1,"enemies":"Cultist","floor":3,"turns":3},{"damage":3,"enemies":"2 Louse","floor":5,"turns":4},{"damage":22,"enemies":"Gremlin Nob","floor":7,"turns":4},{"damage":35,"enemies":"Gremlin Gang","floor":10,"turns":6},{"damage":14,"enemies":"Looter","floor":11,"turns":3},{"damage":6,"enemies":"3 Sentries","floor":14,"turns":4},{"damage":15,"enemies":"Hexaghost","floor":16,"turns":7},{"damage":6,"enemies":"3 Byrds","floor":18,"turns":3},{"damage":53,"enemies":"2 Thieves","floor":19,"turns":3},{"damage":7,"enemies":"Cultist and Chosen","floor":21,"turns":3},{"damage":29,"enemies":"Slavers","floor":24,"turns":4},{"damage":0,"enemies":"3 Cultists","floor":25,"turns":4},{"damage":17,"enemies":"Gremlin Leader","floor":27,"turns":5},{"damage":8,"enemies":"Centurion and Healer","floor":30,"turns":3},{"damage":9,"enemies":"Cultist and Chosen","floor":31,"turns":4},{"damage":24,"enemies":"Champ","floor":33,"turns":5},{"damage":18,"enemies":"3 Darklings","floor":35,"turns":4},{"damage":1,"enemies":"3 Shapes","floor":38,"turns":4},{"damage":6,"enemies":"3 Darklings","floor":39,"turns":5},{"damage":0,"enemies":"Nemesis","floor":40,"turns":7},{"damage":6,"enemies":"Writhing Mass","floor":42,"turns":2},{"damage":6,"enemies":"2 Orb Walkers","floor":45,"turns":4},{"damage":6,"enemies":"Reptomancer","floor":46,"turns":3},{"damage":11,"enemies":"Time Eater","floor":50,"turns":6}],"seed_played":"3357402536227212125","potions_obtained":[{"floor":1,"key":"PowerPotion"},{"floor":2,"key":"SteroidPotion"},{"floor":14,"key":"Poison Potion"},{"floor":16,"key":"FearPotion"},{"floor":17,"key":"LiquidBronze"},{"floor":19,"key":"Fire Potion"},{"floor":22,"key":"EntropicBrew"},{"floor":24,"key":"Weak Potion"},{"floor":31,"key":"Regen Potion"}],"is_trial":false,"path_per_floor":["M","?","M","$","M","R","E","R","T","M","M","$","R","E","R","B",null,"M","M","$","M","?","R","E","M","T","E","R","?","M","M","R","B",null,"M","$","?","M","M","E","R","M","T","R","?","E","R","?","R","B",null],"character_chosen":"IRONCLAD","items_purchased":["Corruption","Regal Pillow","SpeedPotion","Explosive Potion","Havoc","OrangePellets"],"campfire_rested":3,"item_purchase_floors":[4,4,12,20,20,36],"current_hp_per_floor":[70,70,75,75,75,75,59,59,59,30,22,22,59,59,59,50,74,74,27,27,26,26,65,42,50,50,41,80,59,59,58,58,42,71,61,61,61,68,70,76,76,76,76,76,76,76,76,76,76,75],"gold":212,"neow_bonus":"HUNDRED_GOLD","is_prod":false,"is_daily":false,"chose_seed":false,"campfire_upgraded":8,"win_rate":0,"timestamp":1564849791,"path_taken":["M","?","M","$","M","R","E","R","T","M","?","$","R","E","R","BOSS","M","M","$","M","?","R","E","?","T","E","R","?","M","M","R","BOSS","M","$","?","M","M","E","R","M","T","R","?","E","R","?","R","BOSS"],"build_version":"2019-07-17","purchased_purges":1,"victory":true,"max_hp_per_floor":[75,75,75,75,75,75,75,75,75,75,75,75,75,75,75,75,80,80,80,80,80,80,80,80,80,80,80,80,80,80,80,80,80,80,80,80,76,76,76,76,76,76,76,76,76,76,76,76,76,76],"card_choices":[{"not_picked":["Iron Wave","Perfected Strike"],"picked":"Shockwave","floor":1},{"not_picked":["Thunderclap","Anger"],"picked":"Body Slam","floor":3},{"not_picked":["Iron Wave","Ghostly Armor"],"picked":"Headbutt","floor":5},{"not_picked":["Searing Blow","Clash"],"picked":"Second Wind","floor":7},{"not_picked":["Clash","Combust"],"picked":"Clothesline","floor":10},{"not_picked":["Rupture","Twin Strike"],"picked":"Sever Soul","floor":11},{"not_picked":["Corruption","Battle Trance"],"picked":"Feel No Pain","floor":14},{"not_picked":["Impervious","Immolate"],"picked":"Offering","floor":16},{"not_picked":["Corruption","True Grit"],"picked":"Feel No Pain","floor":17},{"not_picked":["Flex","Body Slam"],"picked":"Sword Boomerang","floor":18},{"not_picked":["Evolve","Intimidate"],"picked":"Dropkick","floor":19},{"not_picked":["Perfected Strike","Sword Boomerang+1"],"picked":"Shockwave","floor":21},{"not_picked":["Berserk","Armaments"],"picked":"True Grit","floor":24},{"not_picked":["Bloodletting","Sword Boomerang"],"picked":"Seeing Red","floor":25},{"not_picked":["Infernal Blade","Combust"],"picked":"Impervious","floor":27},{"not_picked":["Iron Wave","Dropkick","Body Slam"],"picked":"SKIP","floor":30},{"not_picked":["Wild Strike","Havoc","Iron Wave+1"],"picked":"SKIP","floor":31},{"not_picked":["Feed","Limit Break"],"picked":"Fiend Fire","floor":33},{"not_picked":["Combust","Dropkick"],"picked":"Warcry+1","floor":35},{"not_picked":["Warcry","Blood for Blood"],"picked":"Entrench+1","floor":38},{"not_picked":["Pommel Strike+1","Anger"],"picked":"Flex+1","floor":39},{"not_picked":["Metallicize","Juggernaut","Heavy Blade+1"],"picked":"SKIP","floor":40},{"not_picked":["Sword Boomerang","Shrug It Off"],"picked":"Armaments","floor":42},{"not_picked":["Flex","Wild Strike"],"picked":"Juggernaut","floor":46}],"player_experience":1101706,"relics_obtained":[{"floor":7,"key":"Dead Branch"},{"floor":9,"key":"StoneCalendar"},{"floor":14,"key":"Ginger"},{"floor":24,"key":"Blood Vial"},{"floor":26,"key":"Anchor"},{"floor":27,"key":"Bag of Preparation"},{"floor":29,"key":"Enchiridion"},{"floor":40,"key":"Peace Pipe"},{"floor":43,"key":"Bird Faced Urn"},{"floor":45,"key":"Turnip"},{"floor":46,"key":"Juzu Bracelet"}],"event_choices":[{"damage_healed":0,"gold_gain":0,"player_choice":"Bought 1 Potion","damage_taken":0,"max_hp_gain":0,"max_hp_loss":0,"event_name":"The Woman in Blue","floor":2,"gold_loss":0},{"damage_healed":0,"gold_gain":0,"player_choice":"Got Potions","damage_taken":0,"max_hp_gain":0,"max_hp_loss":0,"event_name":"Lab","floor":22,"gold_loss":0},{"damage_healed":0,"gold_gain":0,"player_choice":"Obtained Book","damage_taken":21,"max_hp_gain":0,"max_hp_loss":0,"event_name":"Cursed Tome","floor":29,"gold_loss":0},{"damage_healed":0,"gold_gain":0,"player_choice":"Max HP","damage_taken":0,"max_hp_gain":0,"max_hp_loss":4,"event_name":"Winding Halls","floor":37,"gold_loss":0},{"damage_healed":0,"gold_gain":0,"player_choice":"Fight","damage_taken":0,"max_hp_gain":0,"max_hp_loss":0,"event_name":"Mysterious Sphere","floor":45,"gold_loss":0},{"damage_healed":0,"gold_gain":0,"player_choice":"1 cards matched","damage_taken":0,"max_hp_gain":0,"max_hp_loss":0,"event_name":"Match and Keep!","floor":48,"gold_loss":0,"cards_obtained":["Feed"]}],"is_beta":false,"boss_relics":[{"not_picked":["Runic Dome","Coffee Dripper"],"picked":"Tiny House"},{"not_picked":["Black Star","Sozu"],"picked":"Snecko Eye"}],"items_purged_floors":[20],"is_endless":false,"potions_floor_spawned":[1,5,14,16,18,19,24,31,38,39,40,42],"ascension_level":16}