{"gold_per_floor":[113,131,131,149,99,99,130,130,201,215,235,267,66,216,216,289,289,300,311,311,329,35,68,68,100,157,80,90,116,142,154,166,178],"floor_reached":33,"playtime":3372,"items_purged":[],"score":679,"play_id":"42d021b5-3144-4242-85bf-efdd1468c302","local_time":"20190506114713","is_ascension_mode":true,"campfire_choices":[{"data":"Dagger Throw","floor":6.0,"key":"SMITH"},{"floor":15.0,"key":"REST"},{"floor":24.0,"key":"REST"},{"floor":32.0,"key":"REST"}],"neow_cost":"NONE","seed_source_timestamp":1039254548171270,"circlet_count":0,"master_deck":["AscendersBane","Survivor","Neutralize+1","Blade Dance","Dagger Spray+1","Dagger Throw+1","Deadly Poison","Sucker Punch","Unload","Noxious Fumes","Phantasmal Killer+1","Setup","Finisher","Endless Agony","Acrobatics","Heel Hook","Bullet Time","Wraith Form v2","Underhanded Strike","Outmaneuver+1","Endless Agony","PiercingWail","Cloak And Dagger","Prepared","Dash","After Image","Tactician","Caltrops+1","Cloak And Dagger","RitualDagger"],"special_seed":0,"relics":["Ring of the Snake","Lantern","Gremlin Horn","Tough Bandages","Regal Pillow","Pandora\u0027s Box","Spirit Poop","Question Card","War Paint","Matryoshka","Tiny Chest","Anchor","MawBank"],"potions_floor_usage":[33],"damage_taken":[{"damage":13.0,"enemies":"Jaw Worm","floor":1.0,"turns":7.0},{"damage":4.0,"enemies":"Small Slimes","floor":2.0,"turns":4.0},{"damage":1.0,"enemies":"2 Louse","floor":4.0,"turns":2.0},{"damage":22.0,"enemies":"3 Sentries","floor":7.0,"turns":7.0},{"damage":0.0,"enemies":"Exordium Thugs","floor":10.0,"turns":4.0},{"damage":0.0,"enemies":"3 Louse","floor":11.0,"turns":1.0},{"damage":6.0,"enemies":"Gremlin Nob","floor":12.0,"turns":4.0},{"damage":17.0,"enemies":"Hexaghost","floor":16.0,"turns":9.0},{"damage":0.0,"enemies":"Spheric Guardian","floor":18.0,"turns":2.0},{"damage":17.0,"enemies":"3 Byrds","floor":19.0,"turns":3.0},{"damage":9.0,"enemies":"Cultist and Chosen","floor":21.0,"turns":5.0},{"damage":12.0,"enemies":"Gremlin Leader","floor":23.0,"turns":6.0},{"damage":0.0,"enemies":"Slavers","floor":25.0,"turns":2.0},{"damage":0.0,"enemies":"Snecko","floor":28.0,"turns":5.0},{"damage":5.0,"enemies":"Book of Stabbing","floor":29.0,"turns":6.0},{"damage":0.0,"enemies":"Centurion and Healer","floor":30.0,"turns":5.0},{"damage":71,"enemies":"Automaton","floor":33,"turns":8}],"seed_played":"2230067045403644361","potions_obtained":[{"floor":2.0,"key":"SpeedPotion"},{"floor":4.0,"key":"SneckoOil"},{"floor":10.0,"key":"Ancient Potion"},{"floor":12.0,"key":"LiquidBronze"},{"floor":19.0,"key":"Swift Potion"},{"floor":21.0,"key":"SkillPotion"},{"floor":23.0,"key":"SteroidPotion"},{"floor":30.0,"key":"AttackPotion"}],"is_trial":false,"path_per_floor":["M","M","?","M","?","R","E","?","T","M","M","E","$","?","R","B",null,"M","M","?","M","$","E","R","E","T","$","M","E","M","?","R","B"],"character_chosen":"THE_SILENT","items_purchased":["Regal Pillow","Noxious Fumes","Prepared","Question Card","Tactician"],"campfire_rested":3,"item_purchase_floors":[13,13,22,22,27],"current_hp_per_floor":[46,42,42,41,41,41,19,19,19,19,19,13,13,13,47,30,57,57,40,40,31,31,19,53,53,53,53,53,48,48,42,66,0],"gold":178,"neow_bonus":"UPGRADE_CARD","is_prod":false,"is_daily":false,"chose_seed":false,"campfire_upgraded":1,"win_rate":0,"timestamp":1557157633,"path_taken":["M","M","?","M","?","R","E","?","T","M","?","E","$","?","R","BOSS","M","M","?","M","$","E","R","E","T","?","?","E","M","?","R","BOSS"],"build_version":"2019-01-23","purchased_purges":0,"victory":false,"max_hp_per_floor":[66,66,66,66,66,66,66,66,66,66,66,66,66,66,66,66,66,66,66,66,66,66,66,66,66,66,66,66,66,66,66,66,66],"card_choices":[{"not_picked":["Backflip","Prepared"],"picked":"Blade Dance","floor":1.0},{"not_picked":["Dodge and Roll","PiercingWail"],"picked":"Dagger Spray","floor":2.0},{"not_picked":["Outmaneuver","Underhanded Strike"],"picked":"Dagger Throw","floor":4.0},{"not_picked":["Prepared","Dodge and Roll"],"picked":"Deadly Poison","floor":7.0},{"not_picked":["Quick Slash","Caltrops"],"picked":"Sucker Punch","floor":10.0},{"not_picked":["Terror","Eviscerate"],"picked":"Unload","floor":11.0},{"not_picked":["Flechettes","Endless Agony","Acrobatics"],"picked":"SKIP","floor":12.0},{"not_picked":["Bullet Time","Wraith Form v2"],"picked":"Phantasmal Killer","floor":16.0},{"not_picked":["Outmaneuver","Endless Agony"],"picked":"PiercingWail","floor":18.0},{"not_picked":["Bane","Dagger Spray","Slice"],"picked":"SKIP","floor":19.0},{"not_picked":["Dagger Spray","Underhanded Strike"],"picked":"Cloak And Dagger","floor":21.0},{"not_picked":["Sucker Punch+1","A Thousand Cuts","Die Die Die"],"picked":"Dash","floor":23.0},{"not_picked":["Leg Sweep","Predator","Riddle With Holes+1"],"picked":"After Image","floor":25.0},{"not_picked":["Tactician","Slice","Masterful Stab","Concentrate"],"picked":"SKIP","floor":28.0},{"not_picked":["Quick Slash","Blade Dance","Envenom"],"picked":"Caltrops+1","floor":29.0},{"not_picked":["Footwork","Acrobatics","Catalyst"],"picked":"Cloak And Dagger","floor":30.0}],"player_experience":1465853,"relics_obtained":[{"floor":7.0,"key":"Lantern"},{"floor":9.0,"key":"Gremlin Horn"},{"floor":12.0,"key":"Tough Bandages"},{"floor":23.0,"key":"War Paint"},{"floor":25.0,"key":"Matryoshka"},{"floor":26.0,"key":"Tiny Chest"},{"floor":26.0,"key":"Anchor"},{"floor":29.0,"key":"MawBank"}],"event_choices":[{"damage_healed":0.0,"max_hp_gain":0.0,"max_hp_loss":0.0,"gold_gain":0.0,"event_name":"Living Wall","player_choice":"Grow","floor":3.0,"gold_loss":0.0,"damage_taken":0.0,"cards_upgraded":["Dagger Spray"]},{"damage_healed":0.0,"max_hp_gain":0.0,"max_hp_loss":0.0,"gold_gain":0.0,"event_name":"World of Goop","player_choice":"Left Gold","floor":5.0,"gold_loss":50.0,"damage_taken":0.0},{"damage_healed":0.0,"max_hp_gain":0.0,"max_hp_loss":0.0,"gold_gain":0.0,"event_name":"Dead Adventurer","player_choice":"Searched \u00270\u0027 times","floor":8.0,"gold_loss":0.0,"damage_taken":0.0},{"damage_healed":0.0,"max_hp_gain":0.0,"max_hp_loss":0.0,"gold_gain":150.0,"event_name":"Liars Game","player_choice":"AGREE","floor":14.0,"gold_loss":0.0,"damage_taken":0.0,"cards_obtained":["Doubt"]},{"cards_removed":["Doubt"],"damage_healed":0.0,"max_hp_gain":0.0,"max_hp_loss":0.0,"gold_gain":0.0,"event_name":"Bonfire Elementals","player_choice":"Offered Curse","floor":20.0,"gold_loss":0.0,"damage_taken":0.0,"relics_obtained":["Spirit Poop"]},{"damage_healed":0.0,"max_hp_gain":0.0,"max_hp_loss":0.0,"gold_gain":0.0,"event_name":"Nest","player_choice":"Joined the Cult","floor":31.0,"gold_loss":0.0,"damage_taken":6.0,"cards_obtained":["RitualDagger"]}],"is_beta":false,"boss_relics":[{"not_picked":["Velvet Choker","Tiny House"],"picked":"Pandora\u0027s Box"}],"items_purged_floors":[],"is_endless":false,"potions_floor_spawned":[2,4,10,12,19,21,23,30],"killed_by":"Automaton","ascension_level":20}