{"gold_per_floor":[10,27,47,57,57,57,107,132,132,162,179,192,192,192,192,269,269,219,299,134,150,168,168,168],"floor_reached":24,"playtime":1828,"items_purged":[],"score":416,"play_id":"7be84fb6-34c9-4a51-9265-a0a4be1e612b","local_time":"20190504231114","is_ascension_mode":true,"campfire_choices":[{"data":"Finisher","floor":6.0,"key":"SMITH"},{"floor":13,"key":"REST"},{"data":"Footwork","floor":15,"key":"SMITH"}],"neow_cost":"NO_GOLD","seed_source_timestamp":909012180047503,"circlet_count":0,"master_deck":["AscendersBane","Defend_G","Defend_G","Defend_G","Defend_G","Defend_G","Strike_G","Strike_G","Strike_G","Strike_G","Strike_G","Survivor","Neutralize","Finisher+1","Crippling Poison","Footwork+1","Finisher","Deflect","Endless Agony","Infinite Blades","Die Die Die","Escape Plan","Phantasmal Killer","Dodge and Roll","Dash","Blade Dance"],"special_seed":0,"relics":["Ring of the Snake","Du-Vu Doll","Question Card","Blue Candle","Singing Bowl","FaceOfCleric","Orrery","Darkstone Periapt","Happy Flower","Matryoshka"],"potions_floor_usage":[8,11,16,22,24],"damage_taken":[{"damage":0.0,"enemies":"Cultist","floor":1.0,"turns":4.0},{"damage":0.0,"enemies":"Jaw Worm","floor":2.0,"turns":2.0},{"damage":2.0,"enemies":"2 Louse","floor":3.0,"turns":2.0},{"damage":1.0,"enemies":"Red Slaver","floor":4.0,"turns":7.0},{"damage":15,"enemies":"Gremlin Nob","floor":8,"turns":4},{"damage":36,"enemies":"Lagavulin","floor":10,"turns":10},{"damage":0,"enemies":"Exordium Thugs","floor":11,"turns":3},{"damage":10,"enemies":"Exordium Wildlife","floor":12,"turns":8},{"damage":12,"enemies":"The Guardian","floor":16,"turns":12},{"damage":10,"enemies":"2 Thieves","floor":18,"turns":5},{"damage":12,"enemies":"Shell Parasite","floor":21,"turns":5},{"damage":9,"enemies":"Centurion and Healer","floor":22,"turns":2},{"damage":59,"enemies":"Snecko","floor":24,"turns":8}],"seed_played":"-5266669970850922030","potions_obtained":[{"floor":1.0,"key":"Block Potion"},{"floor":2.0,"key":"Strength Potion"},{"floor":10,"key":"Fire Potion"},{"floor":12,"key":"AttackPotion"},{"floor":16,"key":"Dexterity Potion"},{"floor":21,"key":"SkillPotion"},{"floor":22,"key":"EssenceOfSteel"}],"is_trial":false,"path_per_floor":["M","M","M","M","?","R","?","E","T","E","M","M","R","?","R","B",null,"M","T","$","M","M","T","M"],"character_chosen":"THE_SILENT","items_purchased":["Happy Flower"],"campfire_rested":1,"item_purchase_floors":[20],"current_hp_per_floor":[59,59,57,56,61,61,61,46,46,10,12,2,23,23,23,12,61,54,54,54,45,37,37,0],"gold":168,"neow_bonus":"ONE_RARE_RELIC","is_prod":false,"is_daily":false,"chose_seed":false,"campfire_upgraded":2,"win_rate":0,"timestamp":1557025874,"path_taken":["M","M","M","M","?","R","?","E","T","E","?","M","R","?","R","BOSS","M","?","?","M","M","?","?"],"build_version":"2019-01-23","purchased_purges":0,"victory":false,"max_hp_per_floor":[66,66,66,66,71,71,71,71,71,71,73,73,73,73,73,74,76,79,79,79,82,83,83,83],"card_choices":[{"not_picked":["Footwork","Dash"],"picked":"Finisher","floor":1.0},{"not_picked":["Bane","Deflect"],"picked":"Crippling Poison","floor":2.0},{"not_picked":["Deflect","Dodge and Roll"],"picked":"Footwork","floor":3.0},{"not_picked":["Quick Slash","Bane"],"picked":"Finisher","floor":4.0},{"not_picked":["Underhanded Strike","Bane"],"picked":"Deflect","floor":8},{"not_picked":["Crippling Poison","Deflect","Bouncing Flask"],"picked":"Endless Agony","floor":10},{"not_picked":["Dagger Throw","Backflip","Expertise","Terror"],"picked":"Singing Bowl","floor":11},{"not_picked":["Blade Dance","PiercingWail","Sucker Punch"],"picked":"Infinite Blades","floor":12},{"not_picked":["A Thousand Cuts","After Image","Unload"],"picked":"Die Die Die","floor":16},{"not_picked":["Dodge and Roll","Concentrate","Outmaneuver"],"picked":"Escape Plan","floor":17},{"not_picked":["Sucker Punch","Footwork","Dagger Spray"],"picked":"Phantasmal Killer","floor":17},{"not_picked":["Sucker Punch","Accuracy","Storm of Steel","Dagger Spray"],"picked":"Singing Bowl","floor":17},{"not_picked":["Accuracy","All Out Attack","Eviscerate"],"picked":"Dodge and Roll","floor":17},{"not_picked":["Underhanded Strike","Masterful Stab","Sucker Punch"],"picked":"Dash","floor":17},{"not_picked":["Poisoned Stab","Expertise","Catalyst","Choke"],"picked":"Singing Bowl","floor":18},{"not_picked":["Deadly Poison","Flechettes","Caltrops","Dagger Spray"],"picked":"Singing Bowl","floor":21},{"not_picked":["Deadly Poison","Prepared","Deflect"],"picked":"Blade Dance","floor":22}],"player_experience":1417195,"relics_obtained":[{"floor":8,"key":"Question Card"},{"floor":9,"key":"Blue Candle"},{"floor":10,"key":"Singing Bowl"},{"floor":19,"key":"Darkstone Periapt"},{"floor":23,"key":"Matryoshka"}],"event_choices":[{"damage_healed":0.0,"max_hp_gain":5.0,"max_hp_loss":0.0,"gold_gain":0.0,"event_name":"Big Fish","player_choice":"Donut","floor":5.0,"gold_loss":0.0,"damage_taken":0.0},{"damage_healed":0.0,"max_hp_gain":0.0,"max_hp_loss":0.0,"gold_gain":50.0,"event_name":"Golden Shrine","player_choice":"Pray","floor":7.0,"gold_loss":0.0,"damage_taken":0.0},{"damage_healed":0,"gold_gain":0,"player_choice":"Trade","damage_taken":0,"relics_obtained":["FaceOfCleric"],"max_hp_gain":0,"max_hp_loss":0,"event_name":"FaceTrader","floor":14,"gold_loss":0}],"is_beta":false,"boss_relics":[{"not_picked":["Runic Dome","Snecko Eye"],"picked":"Orrery"}],"items_purged_floors":[],"is_endless":false,"potions_floor_spawned":[1,2,10,12,16,21,22],"killed_by":"Snecko","ascension_level":20}