{"gold_per_floor":[110,126,126,143,143,143,157,176,176,176,191,204,129,156,156,261,261,271,186,111,111,122,122],"floor_reached":23,"playtime":6610,"items_purged":["Strike_G"],"score":324,"play_id":"f95a95e5-c05b-4f37-bdab-cc9113c82de0","local_time":"20181124145154","is_ascension_mode":true,"campfire_choices":[{"data":"Quick Slash","floor":6,"key":"SMITH"},{"data":"Deflect","floor":10,"key":"SMITH"},{"floor":15,"key":"REST"}],"neow_cost":"NONE","seed_source_timestamp":491307480246958,"circlet_count":0,"master_deck":["AscendersBane","Defend_G","Defend_G","Defend_G","Defend_G","Defend_G+1","Strike_G+1","Strike_G","Strike_G","Survivor","Neutralize","Flying Knee","Quick Slash+1","Eviscerate","Heel Hook","Deflect+1","Unload","Sucker Punch","Leg Sweep","Unload","Underhanded Strike","Ghostly","Ghostly","Ghostly","Ghostly","Ghostly","Acrobatics"],"relics":["Eternal Feather","Blue Candle","Bottled Lightning","Sozu","Kunai"],"potions_floor_usage":[14,16],"damage_taken":[{"damage":9,"enemies":"Cultist","floor":1,"turns":5},{"damage":0,"enemies":"Jaw Worm","floor":2,"turns":5},{"damage":0,"enemies":"Small Slimes","floor":4,"turns":3},{"damage":3,"enemies":"Blue Slaver","floor":7,"turns":5},{"damage":8,"enemies":"Exordium Wildlife","floor":8,"turns":6},{"damage":3,"enemies":"Looter","floor":11,"turns":4},{"damage":7,"enemies":"Lots of Slimes","floor":12,"turns":4},{"damage":16,"enemies":"Gremlin Nob","floor":14,"turns":3},{"damage":15,"enemies":"The Guardian","floor":16,"turns":14},{"damage":32,"enemies":"2 Thieves","floor":18,"turns":5},{"damage":10,"enemies":"3 Byrds","floor":22,"turns":9},{"damage":31,"enemies":"Slavers","floor":23,"turns":2}],"seed_played":"8975760137355835642","potions_obtained":[{"floor":2,"key":"SpeedPotion"},{"floor":7,"key":"Explosive Potion"},{"floor":8,"key":"AttackPotion"},{"floor":11,"key":"PowerPotion"}],"is_trial":false,"path_per_floor":["M","M","?","M","?","R","M","M","T","R","M","M","$","E","R","B",null,"M","?","?","?","M","E"],"character_chosen":"THE_SILENT","items_purchased":[],"campfire_rested":1,"item_purchase_floors":[],"current_hp_per_floor":[54,54,59,59,44,53,50,42,42,51,48,41,41,25,59,44,67,35,35,35,35,25,0],"gold":122,"neow_bonus":"BOSS_RELIC","is_prod":false,"is_daily":false,"chose_seed":false,"campfire_upgraded":2,"win_rate":0,"timestamp":1543089114,"path_taken":["M","M","?","M","?","R","M","M","T","R","M","M","$","E","R","BOSS","M","?","?","?","?","E"],"build_version":"2018-11-15","purchased_purges":1,"victory":false,"max_hp_per_floor":[70,70,75,75,75,75,75,75,75,75,75,75,75,75,75,75,75,75,75,75,37,37,37],"card_choices":[{"not_picked":["Deadly Poison","Accuracy"],"picked":"Flying Knee","floor":1},{"not_picked":["Backstab","Catalyst"],"picked":"Quick Slash","floor":2},{"not_picked":["Flechettes","Sucker Punch"],"picked":"Eviscerate","floor":4},{"not_picked":["Dagger Spray","Predator"],"picked":"Heel Hook","floor":7},{"not_picked":["Infinite Blades","Terror"],"picked":"Deflect","floor":8},{"not_picked":["Dagger Throw","Cloak And Dagger"],"picked":"Unload","floor":11},{"not_picked":["Poisoned Stab","Distraction"],"picked":"Sucker Punch","floor":12},{"not_picked":["Bouncing Flask","Prepared"],"picked":"Leg Sweep","floor":14},{"not_picked":["Malaise","Envenom"],"picked":"Unload","floor":16},{"not_picked":["Bouncing Flask+1","Finisher+1"],"picked":"Underhanded Strike","floor":18},{"not_picked":["Well Laid Plans","Catalyst"],"picked":"Acrobatics","floor":22}],"player_experience":703934,"relics_obtained":[{"floor":9,"key":"Blue Candle"},{"floor":14,"key":"Bottled Lightning"}],"event_choices":[{"damage_healed":0,"gold_gain":0,"player_choice":"Donut","damage_taken":0,"max_hp_gain":5,"max_hp_loss":0,"event_name":"Big Fish","floor":3,"gold_loss":0},{"damage_healed":0,"gold_gain":0,"player_choice":"Entered Light","damage_taken":15,"max_hp_gain":0,"max_hp_loss":0,"event_name":"Shining Light","floor":5,"gold_loss":0,"cards_upgraded":["Strike_G","Defend_G"]},{"damage_healed":0,"gold_gain":0,"player_choice":"Obtained Relic","damage_taken":0,"relics_obtained":["Kunai"],"max_hp_gain":0,"max_hp_loss":0,"event_name":"Addict","floor":19,"gold_loss":85},{"cards_removed":["Strike_G"],"damage_healed":0,"gold_gain":0,"player_choice":"Gave Gold","damage_taken":0,"max_hp_gain":0,"max_hp_loss":0,"event_name":"Beggar","floor":20,"gold_loss":75},{"damage_healed":0,"gold_gain":0,"player_choice":"Became a Ghost","damage_taken":0,"max_hp_gain":0,"max_hp_loss":38,"event_name":"Ghosts","floor":21,"gold_loss":0,"cards_obtained":["Ghostly","Ghostly","Ghostly","Ghostly","Ghostly"]}],"is_beta":false,"boss_relics":[{"not_picked":["Astrolabe","White Beast Statue"],"picked":"Sozu"}],"items_purged_floors":[13],"is_endless":false,"potions_floor_spawned":[2,7,8,11,18],"killed_by":"Slavers","ascension_level":11}