{"gold_per_floor":[110,125,125,141,141,171,171,187,187,197,197,228,240,40,40,40],"floor_reached":16,"playtime":860,"items_purged":["Strike_R"],"score":140,"play_id":"d3d462a6-4105-4b7d-a700-7c8abffc71b2","local_time":"20190516002403","is_ascension_mode":true,"campfire_choices":[{"data":"Heavy Blade","floor":7,"key":"SMITH"},{"floor":11,"key":"REST"},{"floor":15,"key":"REST"}],"neow_cost":"NONE","seed_source_timestamp":20970570326029,"circlet_count":0,"master_deck":["Strike_R","Strike_R","Strike_R","Defend_R","Defend_R","Defend_R","Defend_R","Bash+1","Heavy Blade+1","Inflame","Combust","Anger","Entrench+1","Armaments+1","Pommel Strike","Immolate","Armaments+1","Flex+1","Rupture"],"relics":["Burning Blood","Toxic Egg 2","Oddly Smooth Stone"],"potions_floor_usage":[6,8,8,8,12],"damage_taken":[{"damage":12,"enemies":"Small Slimes","floor":1,"turns":3},{"damage":6,"enemies":"2 Louse","floor":2,"turns":2},{"damage":6,"enemies":"Cultist","floor":4,"turns":4},{"damage":27,"enemies":"Gremlin Nob","floor":6,"turns":4},{"damage":24,"enemies":"Exordium Thugs","floor":8,"turns":4},{"damage":15,"enemies":"3 Louse","floor":10,"turns":3},{"damage":35,"enemies":"3 Sentries","floor":12,"turns":7},{"damage":1,"enemies":"2 Fungi Beasts","floor":13,"turns":3},{"damage":54,"enemies":"Hexaghost","floor":16,"turns":9}],"seed_played":"-5171457234160999090","potions_obtained":[{"floor":1,"key":"Energy Potion"},{"floor":2,"key":"GamblersBrew"},{"floor":5,"key":"Poison Potion"},{"floor":5,"key":"EntropicBrew"},{"floor":5,"key":"Ancient Potion"},{"floor":10,"key":"LiquidBronze"}],"is_trial":false,"path_per_floor":["M","M","?","M","?","E","R","M","T","M","R","E","M","$","R","B"],"character_chosen":"IRONCLAD","items_purchased":["Flex+1","Rupture"],"campfire_rested":2,"item_purchase_floors":[14,14],"current_hp_per_floor":[74,74,74,74,74,53,53,35,35,26,50,21,26,26,50,0],"gold":40,"neow_bonus":"UPGRADE_CARD","is_prod":false,"is_daily":false,"chose_seed":false,"campfire_upgraded":1,"win_rate":0,"timestamp":1557930243,"path_taken":["M","M","?","M","?","E","R","M","T","M","R","E","?","$","R","BOSS"],"build_version":"2019-01-23","purchased_purges":1,"victory":false,"max_hp_per_floor":[80,80,80,80,80,80,80,80,80,80,80,80,80,80,80,80],"card_choices":[{"not_picked":["Evolve","Body Slam"],"picked":"Heavy Blade","floor":1},{"not_picked":["Perfected Strike","Havoc"],"picked":"Inflame","floor":2},{"not_picked":["Carnage","Corruption"],"picked":"Anger","floor":4},{"not_picked":["Rage","Sword Boomerang"],"picked":"Entrench","floor":6},{"not_picked":["Pummel","Headbutt"],"picked":"Armaments+1","floor":8},{"not_picked":["Iron Wave","Body Slam"],"picked":"Pommel Strike","floor":10},{"not_picked":["Intimidate+1","Anger"],"picked":"Immolate","floor":12},{"not_picked":["Thunderclap","Clash"],"picked":"Armaments+1","floor":13}],"player_experience":610478,"relics_obtained":[{"floor":6,"key":"Toxic Egg 2"},{"floor":12,"key":"Oddly Smooth Stone"}],"event_choices":[{"damage_healed":0,"gold_gain":0,"cards_transformed":["Strike_R"],"player_choice":"Change","damage_taken":0,"max_hp_gain":0,"max_hp_loss":0,"event_name":"Living Wall","floor":3,"gold_loss":0,"cards_obtained":["Combust"]},{"damage_healed":0,"gold_gain":0,"player_choice":"Got Potions","damage_taken":0,"max_hp_gain":0,"max_hp_loss":0,"event_name":"Lab","floor":5,"gold_loss":0}],"is_beta":false,"boss_relics":[],"items_purged_floors":[14],"is_endless":false,"potions_floor_spawned":[1,2,10],"killed_by":"Hexaghost","ascension_level":5}