{"gold_per_floor":[116,134,209,31,48,81,81,98,148,148,323,323,354,319,319,424,724,739,838,855,855],"floor_reached":21,"playtime":966,"items_purged":[],"score":340,"play_id":"31945445-434f-4acd-b908-47e52cb0bc3c","local_time":"20190429183139","is_ascension_mode":true,"campfire_choices":[{"data":"Defragment","floor":7.0,"key":"SMITH"},{"floor":10.0,"key":"REST"},{"data":"Rainbow","floor":12.0,"key":"SMITH"},{"data":"Dualcast","floor":15.0,"key":"SMITH"}],"neow_cost":"CURSE","seed_source_timestamp":0,"circlet_count":0,"master_deck":["Strike_B","Strike_B","Strike_B","Strike_B","Defend_B","Defend_B","Defend_B","Defend_B","Zap","Dualcast+1","Parasite","Rainbow+1","Ball Lightning","BootSequence","Defragment+1","Leap","Redo","Conserve Battery","Glacier","Doom and Gloom","Doubt","Auto Shields","Seek","Shame","Normality","Writhe","Stack+1","Capacitor+1"],"special_seed":0,"relics":["Cracked Core","Frozen Egg 2","Happy Flower","Bronze Scales","Calling Bell","Strawberry","Blue Candle","Old Coin"],"potions_floor_usage":[20],"damage_taken":[{"damage":0.0,"enemies":"Cultist","floor":1.0,"turns":2.0},{"damage":2.0,"enemies":"2 Louse","floor":2.0,"turns":2.0},{"damage":2.0,"enemies":"Jaw Worm","floor":5.0,"turns":2.0},{"damage":30.0,"enemies":"Lagavulin","floor":6.0,"turns":7.0},{"damage":5.0,"enemies":"2 Fungi Beasts","floor":8.0,"turns":3.0},{"damage":15.0,"enemies":"3 Sentries","floor":13.0,"turns":7.0},{"damage":30.0,"enemies":"The Guardian","floor":16.0,"turns":10.0},{"damage":12.0,"enemies":"Shell Parasite","floor":18.0,"turns":7.0},{"damage":14,"enemies":"2 Thieves","floor":20,"turns":4},{"damage":56,"enemies":"Cultist and Chosen","floor":21,"turns":7}],"seed_played":"-1391781285289139147","potions_obtained":[{"floor":5.0,"key":"LiquidBronze"},{"floor":6.0,"key":"FocusPotion"},{"floor":8.0,"key":"EssenceOfSteel"},{"floor":20,"key":"Energy Potion"}],"is_trial":false,"path_per_floor":["M","M","?","$","M","E","R","M","T","R","?","R","E","?","R","B",null,"M","?","M","M"],"character_chosen":"DEFECT","items_purchased":["Defragment","Leap","Redo"],"campfire_rested":1,"item_purchase_floors":[4,4,4],"current_hp_per_floor":[75,73,62,62,60,30,30,25,25,47,47,47,32,50,50,20,82,70,70,56,0],"gold":855,"neow_bonus":"THREE_RARE_CARDS","is_prod":false,"is_daily":false,"chose_seed":false,"campfire_upgraded":3,"win_rate":0,"timestamp":1556526699,"path_taken":["M","M","?","$","M","E","R","M","T","R","?","R","E","?","R","BOSS","M","?","M","M"],"build_version":"2019-01-23","purchased_purges":0,"victory":false,"max_hp_per_floor":[75,75,75,75,75,75,75,75,75,75,75,75,75,75,75,75,82,82,82,82,82],"card_choices":[{"not_picked":["Multi-Cast","Biased Cognition"],"picked":"Rainbow","floor":0.0},{"not_picked":["Compile Driver","Stack"],"picked":"Ball Lightning","floor":1.0},{"not_picked":["Reprogram","Chaos"],"picked":"BootSequence","floor":2.0},{"not_picked":["Beam Cell","Gash"],"picked":"Conserve Battery","floor":5.0},{"not_picked":["Hello World","Coolheaded"],"picked":"Glacier","floor":6.0},{"not_picked":["Go for the Eyes","Skim"],"picked":"Doom and Gloom","floor":8.0},{"not_picked":["Coolheaded","Barrage"],"picked":"Auto Shields","floor":13.0},{"not_picked":["Echo Form+1","All For One"],"picked":"Seek","floor":16.0},{"not_picked":["Compile Driver","Gash"],"picked":"Stack+1","floor":18.0},{"not_picked":["Leap+1","FTL"],"picked":"Capacitor+1","floor":20}],"player_experience":510066,"relics_obtained":[{"floor":6.0,"key":"Frozen Egg 2"},{"floor":9.0,"key":"Happy Flower"},{"floor":13.0,"key":"Bronze Scales"},{"floor":17.0,"key":"Strawberry"},{"floor":17.0,"key":"Blue Candle"},{"floor":17.0,"key":"Old Coin"}],"event_choices":[{"damage_healed":0.0,"max_hp_gain":0.0,"max_hp_loss":0.0,"gold_gain":75.0,"event_name":"World of Goop","player_choice":"Gather Gold","floor":3.0,"gold_loss":0.0,"damage_taken":11.0},{"damage_healed":0.0,"max_hp_gain":0.0,"max_hp_loss":0.0,"gold_gain":175.0,"event_name":"Liars Game","player_choice":"AGREE","floor":11.0,"gold_loss":0.0,"damage_taken":0.0,"cards_obtained":["Doubt"]},{"damage_healed":18.0,"max_hp_gain":0.0,"max_hp_loss":0.0,"gold_gain":0.0,"event_name":"The Cleric","player_choice":"Healed","floor":14.0,"gold_loss":35.0,"damage_taken":0.0},{"damage_healed":0.0,"max_hp_gain":0.0,"max_hp_loss":0.0,"gold_gain":99.0,"event_name":"Nest","player_choice":"Stole From Cult","floor":19.0,"gold_loss":0.0,"damage_taken":0.0}],"is_beta":false,"boss_relics":[{"not_picked":["Empty Cage","Black Star"],"picked":"Calling Bell"}],"items_purged_floors":[],"is_endless":false,"potions_floor_spawned":[5,6,8,20],"killed_by":"Cultist and Chosen","ascension_level":3}