{"gold_per_floor":[130,142,173,199,286,298,323,365,377,416,428,502,531,1,1,1],"floor_reached":16,"playtime":501,"items_purged":["Strike_B"],"score":175,"play_id":"30476815-6917-4f76-8dca-76df930365b4","local_time":"20190716071542","is_ascension_mode":true,"campfire_choices":[{"data":"Zap","floor":6,"key":"SMITH"},{"floor":11,"key":"REST"},{"floor":15,"key":"REST"}],"neow_cost":"NONE","seed_source_timestamp":5315176160425,"circlet_count":0,"master_deck":["AscendersBane","Strike_B","Strike_B","Strike_B","Defend_B","Defend_B","Defend_B","Defend_B","Zap+1","Dualcast","Genetic Algorithm","Core Surge","Reprogram","Doom and Gloom","Fission","Glacier","Lockon","Consume","FTL","Defragment+1","Coolheaded"],"relics":["Cracked Core","MawBank","Odd Mushroom","PreservedInsect","Ornamental Fan","Potion Belt","Frozen Egg 2"],"potions_floor_usage":[8,10],"damage_taken":[{"damage":0,"enemies":"Small Slimes","floor":1,"turns":3},{"damage":1,"enemies":"Cultist","floor":3,"turns":3},{"damage":4,"enemies":"2 Louse","floor":4,"turns":2},{"damage":17,"enemies":"Looter","floor":7,"turns":3},{"damage":2,"enemies":"The Mushroom Lair","floor":8,"turns":2},{"damage":25,"enemies":"Lagavulin","floor":10,"turns":5},{"damage":11,"enemies":"Gremlin Nob","floor":12,"turns":3},{"damage":6,"enemies":"2 Fungi Beasts","floor":13,"turns":4},{"damage":32,"enemies":"Slime Boss","floor":16,"turns":3}],"seed_played":"-6694975890637125455","potions_obtained":[{"floor":1,"key":"FearPotion"},{"floor":4,"key":"AttackPotion"}],"is_trial":false,"path_per_floor":["M","?","M","M","?","R","M","?","T","E","R","?","M","$","R","B"],"character_chosen":"DEFECT","items_purchased":["Frozen Egg 2","Defragment+1","Coolheaded","FocusPotion"],"campfire_rested":2,"item_purchase_floors":[14,14,14,14],"current_hp_per_floor":[64,64,63,59,48,48,31,29,29,4,25,14,8,8,29,0],"gold":1,"neow_bonus":"RANDOM_COMMON_RELIC","is_prod":false,"is_daily":false,"chose_seed":false,"campfire_upgraded":1,"win_rate":0,"timestamp":1563225342,"path_taken":["M","?","?","M","?","R","M","?","T","E","R","?","M","$","R","BOSS"],"build_version":"2019-07-05","purchased_purges":1,"victory":false,"max_hp_per_floor":[71,71,71,71,71,71,71,71,71,71,71,71,71,71,71,71],"card_choices":[{"not_picked":["Reinforced Body","Barrage"],"picked":"Genetic Algorithm","floor":1},{"not_picked":["Gash","Rebound"],"picked":"Reprogram","floor":3},{"not_picked":["Hologram","Ball Lightning"],"picked":"Doom and Gloom","floor":4},{"not_picked":["Gash","Scrape"],"picked":"Fission","floor":7},{"not_picked":["Coolheaded","Hello World"],"picked":"Glacier","floor":8},{"not_picked":["Recycle","Barrage"],"picked":"Lockon","floor":10},{"not_picked":["Coolheaded","Rip and Tear"],"picked":"Consume","floor":12},{"not_picked":["Sweeping Beam","Gash"],"picked":"FTL","floor":13}],"player_experience":990528,"relics_obtained":[{"floor":8,"key":"Odd Mushroom"},{"floor":9,"key":"PreservedInsect"},{"floor":10,"key":"Ornamental Fan"},{"floor":12,"key":"Potion Belt"}],"event_choices":[{"damage_healed":0,"gold_gain":0,"player_choice":"1 cards matched","damage_taken":0,"max_hp_gain":0,"max_hp_loss":0,"event_name":"Match and Keep!","floor":2,"gold_loss":0,"cards_obtained":["Core Surge"]},{"damage_healed":0,"gold_gain":75,"player_choice":"Gather Gold","damage_taken":11,"max_hp_gain":0,"max_hp_loss":0,"event_name":"World of Goop","floor":5,"gold_loss":0},{"damage_healed":0,"gold_gain":0,"player_choice":"Fought Mushrooms","damage_taken":0,"max_hp_gain":0,"max_hp_loss":0,"event_name":"Mushrooms","floor":8,"gold_loss":0},{"damage_healed":0,"gold_gain":0,"player_choice":"Searched \u00271\u0027 times","damage_taken":0,"max_hp_gain":0,"max_hp_loss":0,"event_name":"Dead Adventurer","floor":12,"gold_loss":0}],"is_beta":false,"boss_relics":[],"items_purged_floors":[14],"is_endless":false,"potions_floor_spawned":[1,4],"killed_by":"Slime Boss","ascension_level":15}