{"gold_per_floor":[115,115,77,87,87,87,119,144,144,154,181,181,194,221,221,325,325,342,122,32,47,59,59,87,87,87,120,120,130,130,30,30,125,125,141,16,33,133,148,148,148,163,210,224,249,249,260,12,12,12],"floor_reached":50,"playtime":3224,"items_purged":["Strike_R","Defend_R","Defend_R","Parasite"],"score":598,"play_id":"722dc737-65a4-4d2d-8594-5814cfaa1d21","local_time":"20190712224409","is_ascension_mode":true,"campfire_choices":[{"data":"Rampage","floor":6.0,"key":"SMITH"},{"floor":15.0,"key":"REST"},{"floor":23.0,"key":"REST"},{"floor":28.0,"key":"REST"},{"data":"Inflame","floor":30.0,"key":"SMITH"},{"floor":32.0,"key":"REST"},{"floor":40.0,"key":"REST"},{"floor":49,"key":"REST"}],"neow_cost":"NONE","seed_source_timestamp":36854922268610,"circlet_count":0,"master_deck":["Defend_R","Bash+1","Shrug It Off","Rampage+1","Ghostly Armor","Thunderclap","Pommel Strike","Headbutt","Inflame+1","Sword Boomerang+1","Seeing Red","Brutality","Flex+1","Fiend Fire","Pummel+1"],"special_seed":0,"relics":["Burning Blood","Nunchaku","Odd Mushroom","Matryoshka","Blood Vial","Oddly Smooth Stone","Empty Cage","Happy Flower","Meat on the Bone","Bag of Marbles","Dream Catcher","Runic Cube","Torii","Red Skull","Orichalcum","Ancient Tea Set"],"potions_floor_usage":[44,50,50,50],"damage_taken":[{"damage":8.0,"enemies":"2 Louse","floor":1.0,"turns":4.0},{"damage":2.0,"enemies":"Cultist","floor":4.0,"turns":4.0},{"damage":22.0,"enemies":"Lagavulin","floor":7.0,"turns":6.0},{"damage":19.0,"enemies":"The Mushroom Lair","floor":8.0,"turns":4.0},{"damage":0.0,"enemies":"Small Slimes","floor":10.0,"turns":3.0},{"damage":28.0,"enemies":"Gremlin Nob","floor":11.0,"turns":4.0},{"damage":2.0,"enemies":"Looter","floor":13.0,"turns":3.0},{"damage":25.0,"enemies":"3 Sentries","floor":14.0,"turns":8.0},{"damage":38.0,"enemies":"Slime Boss","floor":16.0,"turns":10.0},{"damage":32.0,"enemies":"Shell Parasite","floor":18.0,"turns":7.0},{"damage":21.0,"enemies":"Spheric Guardian","floor":21.0,"turns":6.0},{"damage":24.0,"enemies":"Centurion and Healer","floor":22.0,"turns":8.0},{"damage":19.0,"enemies":"Gremlin Leader","floor":24.0,"turns":6.0},{"damage":43.0,"enemies":"Slavers","floor":27.0,"turns":5.0},{"damage":22.0,"enemies":"Snecko","floor":29.0,"turns":5.0},{"damage":84.0,"enemies":"Collector","floor":33.0,"turns":11.0},{"damage":13.0,"enemies":"Orb Walker","floor":35.0,"turns":4.0},{"damage":37.0,"enemies":"3 Darklings","floor":37.0,"turns":4.0},{"damage":8.0,"enemies":"Mind Bloom Boss Battle","floor":38.0,"turns":6.0},{"damage":37.0,"enemies":"Writhing Mass","floor":39.0,"turns":4.0},{"damage":10.0,"enemies":"Maw","floor":42.0,"turns":6.0},{"damage":3,"enemies":"Spire Growth","floor":44,"turns":3},{"damage":13,"enemies":"Writhing Mass","floor":47,"turns":3},{"damage":102,"enemies":"Awakened One","floor":50,"turns":8}],"seed_played":"3322031402368659075","potions_obtained":[{"floor":7.0,"key":"Swift Potion"},{"floor":8.0,"key":"GamblersBrew"},{"floor":16.0,"key":"AttackPotion"},{"floor":18.0,"key":"Weak Potion"},{"floor":22.0,"key":"BloodPotion"},{"floor":27.0,"key":"Swift Potion"},{"floor":33.0,"key":"Dexterity Potion"},{"floor":37.0,"key":"Block Potion"},{"floor":39.0,"key":"SteroidPotion"},{"floor":42.0,"key":"Strength Potion"}],"is_trial":false,"path_per_floor":["M","?","$","M","?","R","E","?","T","M","E","?","M","E","R","B",null,"M","$","?","M","M","R","E","?","T","E","R","M","R","$","R","B",null,"M","$","M","?","M","R","$","M","T","M","T","?","M","$","R","B"],"character_chosen":"IRONCLAD","items_purchased":["Rampage","Happy Flower","Energy Potion","AttackPotion"],"campfire_rested":6,"item_purchase_floors":[3,19,48,48],"current_hp_per_floor":[86,86,86,88,81,81,65,52,52,58,36,36,42,25,51,21,88,62,62,62,49,33,59,48,31,31,31,58,56,56,56,83,19,93,86,86,57,57,40,67,67,65,65,70,70,70,65,65,90,0],"gold":12,"neow_bonus":"TEN_PERCENT_HP_BONUS","is_prod":false,"is_daily":false,"chose_seed":false,"campfire_upgraded":2,"win_rate":0,"timestamp":1562964249,"path_taken":["M","?","$","?","?","R","E","?","T","M","E","?","M","E","R","BOSS","M","$","?","M","?","R","E","?","T","E","R","M","R","?","R","BOSS","M","$","M","?","M","R","?","M","T","?","?","?","M","$","R","BOSS"],"build_version":"2019-07-05","purchased_purges":4,"victory":false,"max_hp_per_floor":[88,88,88,88,88,88,88,88,88,88,88,88,88,88,88,88,88,88,88,88,88,88,88,88,93,93,93,93,93,93,93,93,93,93,93,93,93,93,93,93,93,93,93,93,93,93,93,90,90,90],"card_choices":[{"not_picked":["True Grit","Heavy Blade"],"picked":"Shrug It Off","floor":1.0},{"not_picked":["Bloodletting","Corruption"],"picked":"Ghostly Armor","floor":4.0},{"not_picked":["Infernal Blade","Twin Strike"],"picked":"Thunderclap","floor":7.0},{"not_picked":["Whirlwind","Inflame"],"picked":"Pommel Strike","floor":10.0},{"not_picked":["Flex","Shrug It Off"],"picked":"Headbutt","floor":11.0},{"not_picked":["Iron Wave","Cleave","Heavy Blade"],"picked":"SKIP","floor":13.0},{"not_picked":["Berserk","Corruption"],"picked":"Inflame","floor":14.0},{"not_picked":["Combust+1","Havoc","Carnage+1"],"picked":"SKIP","floor":18.0},{"not_picked":["Clash","Iron Wave+1","Armaments"],"picked":"SKIP","floor":21.0},{"not_picked":["Shrug It Off","Wild Strike","Pummel"],"picked":"SKIP","floor":22.0},{"not_picked":["Immolate","Corruption","Pummel"],"picked":"SKIP","floor":24.0},{"not_picked":["Blood for Blood","Rage","Dual Wield"],"picked":"SKIP","floor":27.0},{"not_picked":["Power Through","Dual Wield"],"picked":"Sword Boomerang+1","floor":28.0},{"not_picked":["Thunderclap","Sword Boomerang+1","Bloodletting+1"],"picked":"SKIP","floor":29.0},{"not_picked":["Headbutt","Shrug It Off"],"picked":"Seeing Red","floor":32.0},{"not_picked":["Reaper","Juggernaut"],"picked":"Brutality","floor":33.0},{"not_picked":["Anger","Dual Wield","Corruption+1"],"picked":"SKIP","floor":35.0},{"not_picked":["Sword Boomerang+1","Clothesline+1","Thunderclap"],"picked":"SKIP","floor":37.0},{"not_picked":["Perfected Strike+1","Sword Boomerang+1","Thunderclap+1"],"picked":"SKIP","floor":39.0},{"not_picked":["Searing Blow+1","Cleave+1"],"picked":"Flex+1","floor":40.0},{"not_picked":["Searing Blow","Clash","Perfected Strike+1"],"picked":"SKIP","floor":42.0},{"not_picked":["Burning Pact","True Grit"],"picked":"Fiend Fire","floor":44},{"not_picked":["Warcry+1","Hemokinesis","Power Through"],"picked":"SKIP","floor":47},{"not_picked":["Body Slam+1","Heavy Blade+1"],"picked":"Pummel+1","floor":49}],"player_experience":39758,"relics_obtained":[{"floor":7.0,"key":"Nunchaku"},{"floor":8.0,"key":"Odd Mushroom"},{"floor":9.0,"key":"Matryoshka"},{"floor":11.0,"key":"Blood Vial"},{"floor":14.0,"key":"Oddly Smooth Stone"},{"floor":24.0,"key":"Meat on the Bone"},{"floor":26.0,"key":"Bag of Marbles"},{"floor":27.0,"key":"Dream Catcher"},{"floor":38.0,"key":"Torii"},{"floor":43.0,"key":"Red Skull"},{"floor":43.0,"key":"Orichalcum"},{"floor":45,"key":"Ancient Tea Set"}],"event_choices":[{"cards_removed":["Strike_R"],"damage_healed":0.0,"max_hp_gain":0.0,"max_hp_loss":0.0,"gold_gain":0.0,"event_name":"Bonfire Elementals","player_choice":"Offered Basic","floor":2.0,"gold_loss":0.0,"damage_taken":0.0},{"cards_removed":["Strike_R"],"damage_healed":0.0,"max_hp_gain":0.0,"max_hp_loss":0.0,"gold_gain":0.0,"event_name":"Golden Wing","player_choice":"Card Removal","floor":5.0,"gold_loss":0.0,"damage_taken":7.0},{"damage_healed":0.0,"max_hp_gain":0.0,"max_hp_loss":0.0,"gold_gain":0.0,"event_name":"Mushrooms","player_choice":"Fought Mushrooms","floor":8.0,"gold_loss":0.0,"damage_taken":0.0},{"damage_healed":0.0,"max_hp_gain":0.0,"max_hp_loss":0.0,"gold_gain":0.0,"event_name":"Golden Idol","player_choice":"Ignored","floor":12.0,"gold_loss":0.0,"damage_taken":0.0},{"cards_removed":["Strike_R"],"damage_healed":0.0,"max_hp_gain":0.0,"max_hp_loss":0.0,"gold_gain":0.0,"event_name":"Designer","player_choice":"Upgrade and Remove","floor":20.0,"gold_loss":90.0,"damage_taken":0.0,"cards_upgraded":["Bash"]},{"damage_healed":0.0,"max_hp_gain":5.0,"max_hp_loss":0.0,"gold_gain":0.0,"event_name":"Forgotten Altar","player_choice":"Shed Blood","floor":25.0,"gold_loss":0.0,"damage_taken":22.0},{"damage_healed":0.0,"max_hp_gain":0.0,"max_hp_loss":0.0,"gold_gain":0.0,"event_name":"MindBloom","player_choice":"Fight","floor":38.0,"gold_loss":0.0,"damage_taken":0.0},{"damage_healed":0,"gold_gain":0,"player_choice":"Ignored","damage_taken":0,"max_hp_gain":0,"max_hp_loss":0,"event_name":"Tomb of Lord Red Mask","floor":46,"gold_loss":0}],"is_beta":false,"boss_relics":[{"not_picked":["Busted Crown","Sozu"],"picked":"Empty Cage"},{"not_picked":["Lizard Tail","Black Star"],"picked":"Runic Cube"}],"items_purged_floors":[19,31,36,48],"is_endless":false,"potions_floor_spawned":[7,8,16,18,22,27,33,37,39,42],"killed_by":"Awakened One","ascension_level":4}