{"gold_per_floor":[112,27,40,59,73,73,50,50,50,81,51,67,67,67,67,164,164,181,196,207,55,67,129,129,141,186,101,1,1,29,40,40,40],"floor_reached":33,"playtime":3228,"items_purged":["Strike_G","Strike_G"],"score":301,"play_id":"90d88a67-bb14-4a3b-9849-b24d63de7427","local_time":"20190910155251","is_ascension_mode":true,"campfire_choices":[{"data":"Neutralize","floor":6,"key":"SMITH"},{"data":"Footwork","floor":13,"key":"SMITH"},{"data":"Dodge and Roll","floor":15,"key":"SMITH"},{"floor":24,"key":"REST"},{"floor":29,"key":"REST"},{"floor":32,"key":"REST"}],"neow_cost":"NONE","seed_source_timestamp":161880745549800,"circlet_count":0,"master_deck":["Strike_G","Strike_G","Strike_G","Defend_G","Defend_G","Defend_G","Defend_G","Defend_G","Survivor","Neutralize+1","Envenom+1","Backflip","PiercingWail","Poisoned Stab","Footwork+1","Dagger Spray","Poisoned Stab","Dodge and Roll+1","Corpse Explosion","Dagger Spray+1","Dodge and Roll+1","Well Laid Plans","Catalyst","Regret","Catalyst+1","Blur"],"relics":["Ring of the Snake","Sundial","Blue Candle","Cursed Key","Tiny Chest","Anchor","Dead Branch","Centennial Puzzle"],"potions_floor_usage":[30],"damage_taken":[{"damage":1,"enemies":"Small Slimes","floor":1,"turns":4},{"damage":0,"enemies":"Cultist","floor":3,"turns":5},{"damage":0,"enemies":"Jaw Worm","floor":4,"turns":5},{"damage":7,"enemies":"2 Fungi Beasts","floor":5,"turns":6},{"damage":9,"enemies":"Lagavulin","floor":10,"turns":9},{"damage":0,"enemies":"Looter","floor":11,"turns":4},{"damage":14,"enemies":"Large Slime","floor":12,"turns":5},{"damage":9,"enemies":"Hexaghost","floor":16,"turns":11},{"damage":0,"enemies":"3 Byrds","floor":18,"turns":2},{"damage":16,"enemies":"Spheric Guardian","floor":19,"turns":6},{"damage":7,"enemies":"Snake Plant","floor":20,"turns":5},{"damage":0,"enemies":"Centurion and Healer","floor":22,"turns":6},{"damage":40,"enemies":"Gremlin Leader","floor":23,"turns":7},{"damage":0,"enemies":"Snecko","floor":25,"turns":6},{"damage":24,"enemies":"Slavers","floor":30,"turns":5},{"damage":12,"enemies":"Sentry and Sphere","floor":31,"turns":4},{"damage":44,"enemies":"Automaton","floor":33,"turns":6}],"seed_played":"-2422797230758091436","potions_obtained":[{"floor":4,"key":"SteroidPotion"},{"floor":10,"key":"SkillPotion"},{"floor":16,"key":"GhostInAJar"},{"floor":20,"key":"Energy Potion"},{"floor":23,"key":"Regen Potion"},{"floor":31,"key":"SkillPotion"}],"is_trial":false,"path_per_floor":["M","?","M","M","M","R","$","?","T","E","M","M","R","$","R","B",null,"M","M","M","$","M","E","R","M","T","?","$","R","E","M","R","B"],"character_chosen":"THE_SILENT","items_purchased":["Dagger Spray","Well Laid Plans"],"campfire_rested":3,"item_purchase_floors":[7,21],"current_hp_per_floor":[69,69,69,69,62,62,62,62,62,53,53,39,39,39,39,30,70,70,54,47,47,47,7,28,28,28,28,28,49,25,13,34,0],"gold":40,"neow_bonus":"ONE_RANDOM_RARE_CARD","is_prod":false,"is_daily":false,"chose_seed":false,"campfire_upgraded":3,"win_rate":0,"timestamp":1568127171,"path_taken":["M","?","?","M","?","R","?","?","T","E","M","M","R","$","R","BOSS","M","M","?","?","M","E","R","M","T","?","?","R","E","M","R","BOSS"],"build_version":"2019-07-17","purchased_purges":2,"victory":false,"max_hp_per_floor":[70,70,70,70,70,70,70,70,70,70,70,70,70,70,70,70,70,70,70,70,70,70,70,70,70,70,70,70,70,70,70,70,70],"card_choices":[{"not_picked":["Cloak And Dagger","Prepared"],"picked":"Backflip","floor":1},{"not_picked":["Blade Dance","Acrobatics"],"picked":"PiercingWail","floor":3},{"not_picked":["Slice","Infinite Blades"],"picked":"Poisoned Stab","floor":4},{"not_picked":["Quick Slash","Bane"],"picked":"Footwork","floor":5},{"not_picked":["Dagger Throw","Glass Knife"],"picked":"Poisoned Stab","floor":10},{"not_picked":["Dagger Throw","Caltrops"],"picked":"Dodge and Roll","floor":11},{"not_picked":["Dagger Spray","PiercingWail","Distraction"],"picked":"SKIP","floor":12},{"not_picked":["Venomology","Grand Finale"],"picked":"Corpse Explosion","floor":16},{"not_picked":["Underhanded Strike","Dodge and Roll"],"picked":"Dagger Spray+1","floor":18},{"not_picked":["Setup+1","Flying Knee","Poisoned Stab"],"picked":"SKIP","floor":19},{"not_picked":["Poisoned Stab","Choke"],"picked":"Dodge and Roll+1","floor":20},{"not_picked":["Prepared","Outmaneuver"],"picked":"Catalyst","floor":22},{"not_picked":["Finisher","Escape Plan","Unload"],"picked":"SKIP","floor":23},{"not_picked":["Slice","Tactician","Underhanded Strike"],"picked":"SKIP","floor":25},{"not_picked":["PiercingWail","Backstab"],"picked":"Catalyst+1","floor":30},{"not_picked":["Escape Plan+1","Sucker Punch"],"picked":"Blur","floor":31}],"player_experience":159030,"relics_obtained":[{"floor":10,"key":"Blue Candle"},{"floor":23,"key":"Tiny Chest"},{"floor":26,"key":"Anchor"},{"floor":30,"key":"Centennial Puzzle"}],"event_choices":[{"damage_healed":0,"gold_gain":0,"player_choice":"Paid Gold","damage_taken":0,"relics_obtained":["Sundial"],"max_hp_gain":0,"max_hp_loss":0,"event_name":"WeMeetAgain","floor":2,"gold_loss":85},{"damage_healed":0,"gold_gain":0,"player_choice":"Forge","damage_taken":0,"max_hp_gain":0,"max_hp_loss":0,"event_name":"Accursed Blacksmith","floor":8,"gold_loss":0,"cards_upgraded":["Envenom"]},{"damage_healed":0,"gold_gain":0,"player_choice":"Obtained Relic","damage_taken":0,"relics_obtained":["Dead Branch"],"max_hp_gain":0,"max_hp_loss":0,"event_name":"Addict","floor":27,"gold_loss":85}],"is_beta":false,"boss_relics":[{"not_picked":["Calling Bell","Eternal Feather"],"picked":"Cursed Key"}],"items_purged_floors":[21,28],"is_endless":false,"potions_floor_spawned":[4,10,16,18,20,23,31],"killed_by":"Automaton","ascension_level":1}