{"gold_per_floor":[115,115,125,125,143,143,172,247,301,320,320,333,388,406,406,406],"floor_reached":16,"playtime":962,"items_purged":[],"score":184,"play_id":"09c8408e-9041-412c-9289-4c5f51006876","local_time":"20181226102840","is_ascension_mode":true,"campfire_choices":[{"floor":6,"key":"REST"},{"data":"Flechettes","floor":11,"key":"SMITH"},{"floor":15,"key":"REST"}],"neow_cost":"NONE","seed_source_timestamp":32722818190099,"circlet_count":0,"master_deck":["AscendersBane","Defend_G","Defend_G+1","Defend_G+1","Defend_G","Defend_G","Strike_G","Strike_G","Strike_G","Strike_G","Strike_G","Survivor","Neutralize+1","Well Laid Plans","Flechettes+1","Expertise","Flying Knee","Backstab","PiercingWail","Dodge and Roll"],"relics":["Ring of the Snake","Juzu Bracelet","Oddly Smooth Stone"],"potions_floor_usage":[7,16],"damage_taken":[{"damage":2,"enemies":"2 Louse","floor":1,"turns":4},{"damage":0,"enemies":"Jaw Worm","floor":3,"turns":4},{"damage":11,"enemies":"Small Slimes","floor":5,"turns":5},{"damage":8,"enemies":"Gremlin Nob","floor":7,"turns":4},{"damage":2,"enemies":"2 Fungi Beasts","floor":10,"turns":3},{"damage":0,"enemies":"Exordium Wildlife","floor":12,"turns":4},{"damage":1,"enemies":"Large Slime","floor":14,"turns":8},{"damage":48,"enemies":"Hexaghost","floor":16,"turns":16}],"seed_played":"7504254409908514486","potions_obtained":[{"floor":3,"key":"SteroidPotion"},{"floor":10,"key":"LiquidBronze"},{"floor":12,"key":"Dexterity Potion"}],"is_trial":false,"path_per_floor":["M","?","M","?","M","R","E","?","T","M","R","M","?","M","R","B"],"character_chosen":"THE_SILENT","items_purchased":[],"campfire_rested":2,"item_purchase_floors":[],"current_hp_per_floor":[57,57,57,37,26,45,37,26,26,24,24,24,24,23,42,0],"gold":406,"neow_bonus":"UPGRADE_CARD","is_prod":false,"is_daily":false,"chose_seed":false,"campfire_upgraded":1,"win_rate":0,"timestamp":1545838120,"path_taken":["M","?","M","?","M","R","E","?","T","M","R","M","?","M","R","BOSS"],"build_version":"2018-12-20","purchased_purges":0,"victory":false,"max_hp_per_floor":[66,66,66,66,66,66,66,66,66,66,66,66,66,66,66,66],"card_choices":[{"not_picked":["Underhanded Strike","PiercingWail"],"picked":"Well Laid Plans","floor":1},{"not_picked":["Dagger Spray","Concentrate"],"picked":"Flechettes","floor":3},{"not_picked":["Sucker Punch","Flechettes"],"picked":"Expertise","floor":5},{"not_picked":["Blade Dance","Sucker Punch"],"picked":"Flying Knee","floor":7},{"not_picked":["Calculated Gamble","Backflip"],"picked":"Backstab","floor":10},{"not_picked":["Concentrate","Tactician"],"picked":"PiercingWail","floor":12},{"not_picked":["Dagger Spray","Acrobatics"],"picked":"Dodge and Roll","floor":14}],"player_experience":992792,"relics_obtained":[{"floor":7,"key":"Juzu Bracelet"},{"floor":9,"key":"Oddly Smooth Stone"}],"event_choices":[{"damage_healed":0,"gold_gain":0,"player_choice":"Ignored","damage_taken":0,"max_hp_gain":0,"max_hp_loss":0,"event_name":"Liars Game","floor":2,"gold_loss":0},{"damage_healed":0,"gold_gain":0,"player_choice":"Entered Light","damage_taken":20,"max_hp_gain":0,"max_hp_loss":0,"event_name":"Shining Light","floor":4,"gold_loss":0,"cards_upgraded":["Defend_G","Defend_G"]},{"damage_healed":0,"gold_gain":75,"player_choice":"Gather Gold","damage_taken":11,"max_hp_gain":0,"max_hp_loss":0,"event_name":"World of Goop","floor":8,"gold_loss":0},{"damage_healed":0,"gold_gain":55,"player_choice":"Gained Gold","damage_taken":0,"max_hp_gain":0,"max_hp_loss":0,"event_name":"Golden Wing","floor":13,"gold_loss":0}],"is_beta":false,"boss_relics":[],"items_purged_floors":[],"is_endless":false,"potions_floor_spawned":[3,10,12],"killed_by":"Hexaghost","ascension_level":16}