{"gold_per_floor":[109,128,140,140,156,156,34,60,60,76,76,107,107,126,126,197,197,214,226,240,109,123,123,156,156,156,185,185,198,198,212,212,289,289,299,310,310,336,368,380,407,419,431,474,501,526,563,590,602,614,626,638,53,85,85],"floor_reached":55,"playtime":6886,"items_purged":["Eviscerate+1","Parasite"],"score":1508,"play_id":"d236828f-f5a4-491d-b1ce-e3367a9aa1a6","local_time":"20181226214712","is_ascension_mode":true,"campfire_choices":[{"data":"Finisher","floor":6.0,"key":"SMITH"},{"data":"Backstab","floor":11.0,"key":"SMITH"},{"floor":15.0,"key":"REST"},{"data":"Caltrops","floor":23.0,"key":"SMITH"},{"floor":25.0,"key":"REST"},{"floor":28.0,"key":"REST"},{"data":"Crippling Poison","floor":30.0,"key":"SMITH"},{"floor":32.0,"key":"REST"},{"floor":40.0,"key":"RECALL"},{"floor":42.0,"key":"REST"},{"floor":49.0,"key":"REST"},{"floor":52.0,"key":"REST"}],"neow_cost":"NONE","seed_source_timestamp":67374503670128,"circlet_count":0,"master_deck":["AscendersBane","Defend_G","Defend_G","Defend_G","Defend_G","Defend_G","Strike_G","Strike_G","Survivor","Neutralize+1","Caltrops+1","Cloak And Dagger","Poisoned Stab","Finisher+1","Backstab+1","Noxious Fumes","Quick Slash","Slice","Corpse Explosion","Adrenaline","Dagger Throw+1","Well Laid Plans+1","Crippling Poison+1","Footwork+1","Leg Sweep","Deflect+1","PiercingWail","Dodge and Roll","Malaise","Backflip+1","PiercingWail","Venomology"],"special_seed":0,"relics":["Ring of the Snake","Blood Vial","Pear","Ornamental Fan","Orichalcum","Astrolabe","Singing Bowl","Paper Crane","Bag of Marbles","Fusion Hammer","MawBank","Strawberry","Blue Candle","Bottled Tornado","Bottled Lightning"],"potions_floor_usage":[55,55],"damage_taken":[{"damage":2.0,"enemies":"Cultist","floor":1.0,"turns":6.0},{"damage":7.0,"enemies":"Small Slimes","floor":2.0,"turns":4.0},{"damage":0.0,"enemies":"Jaw Worm","floor":3.0,"turns":6.0},{"damage":17.0,"enemies":"Exordium Thugs","floor":5.0,"turns":6.0},{"damage":15.0,"enemies":"3 Sentries","floor":8.0,"turns":6.0},{"damage":0.0,"enemies":"Lots of Slimes","floor":10.0,"turns":4.0},{"damage":15.0,"enemies":"Lagavulin","floor":12.0,"turns":5.0},{"damage":0.0,"enemies":"Red Slaver","floor":14.0,"turns":1.0},{"damage":37.0,"enemies":"Hexaghost","floor":16.0,"turns":10.0},{"damage":7.0,"enemies":"Shell Parasite","floor":18.0,"turns":2.0},{"damage":7.0,"enemies":"3 Byrds","floor":19.0,"turns":3.0},{"damage":8.0,"enemies":"Centurion and Healer","floor":20.0,"turns":8.0},{"damage":14.0,"enemies":"Sentry and Sphere","floor":22.0,"turns":8.0},{"damage":37.0,"enemies":"Gremlin Leader","floor":24.0,"turns":8.0},{"damage":23.0,"enemies":"Slavers","floor":27.0,"turns":5.0},{"damage":7.0,"enemies":"Snake Plant","floor":29.0,"turns":3.0},{"damage":0.0,"enemies":"Centurion and Healer","floor":31.0,"turns":2.0},{"damage":23.0,"enemies":"Collector","floor":33.0,"turns":11.0},{"damage":6.0,"enemies":"3 Darklings","floor":35.0,"turns":5.0},{"damage":1.0,"enemies":"Orb Walker","floor":36.0,"turns":4.0},{"damage":0.0,"enemies":"Sphere and 2 Shapes","floor":39.0,"turns":6.0},{"damage":5.0,"enemies":"3 Darklings","floor":41.0,"turns":5.0},{"damage":5.0,"enemies":"Nemesis","floor":44.0,"turns":9.0},{"damage":4.0,"enemies":"4 Shapes","floor":45.0,"turns":4.0},{"damage":46.0,"enemies":"Spire Growth","floor":46.0,"turns":6.0},{"damage":28.0,"enemies":"Giant Head","floor":47.0,"turns":12.0},{"damage":2.0,"enemies":"Writhing Mass","floor":48.0,"turns":7.0},{"damage":40.0,"enemies":"Awakened One","floor":50.0,"turns":24.0},{"damage":51.0,"enemies":"Shield and Spear","floor":54.0,"turns":9.0},{"damage":54,"enemies":"The Heart","floor":55,"turns":12}],"seed_played":"6885006229827237933","potions_obtained":[{"floor":1.0,"key":"GamblersBrew"},{"floor":2.0,"key":"Block Potion"},{"floor":12.0,"key":"SmokeBomb"},{"floor":14.0,"key":"SkillPotion"},{"floor":16.0,"key":"AttackPotion"},{"floor":22.0,"key":"Regen Potion"},{"floor":27.0,"key":"SteroidPotion"},{"floor":31.0,"key":"SpeedPotion"},{"floor":35.0,"key":"Block Potion"},{"floor":41.0,"key":"GhostInAJar"},{"floor":46.0,"key":"SteroidPotion"},{"floor":47.0,"key":"Weak Potion"},{"floor":48.0,"key":"Strength Potion"}],"is_trial":false,"path_per_floor":["M","M","M","?","M","R","$","E","T","M","R","E","?","M","R","B",null,"M","M","M","$","M","R","E","R","T","E","R","M","R","M","R","B",null,"M","M","?","T","M","R","M","R","T","E","M","M","E","M","R","B",null,"R","$","E","B"],"character_chosen":"THE_SILENT","items_purchased":["Backstab","Noxious Fumes","AttackPotion","SmokeBomb","LiquidBronze","PiercingWail","Bottled Tornado"],"campfire_rested":7,"item_purchase_floors":[7,7,21,53,53,53,53],"current_hp_per_floor":[59,54,56,56,41,41,41,38,38,40,40,27,16,18,40,5,58,53,48,42,42,30,30,12,35,35,16,40,35,35,37,61,40,70,68,71,71,71,75,75,74,88,88,92,92,50,26,26,56,18,82,103,100,49,0],"gold":85,"neow_bonus":"RANDOM_COMMON_RELIC","is_prod":false,"is_daily":false,"chose_seed":false,"campfire_upgraded":4,"win_rate":0,"timestamp":1545878832,"path_taken":["M","M","?","?","M","R","$","E","T","M","R","E","?","M","R","BOSS","M","M","M","$","M","R","E","R","T","E","R","M","R","?","R","BOSS","M","M","?","?","M","R","M","R","T","E","M","?","E","M","R","BOSS","R","$","E","BOSS"],"build_version":"2018-12-20","purchased_purges":2,"victory":false,"max_hp_per_floor":[66,66,66,66,66,66,66,76,76,76,76,76,76,76,76,76,76,76,76,76,76,76,76,78,78,78,80,80,80,80,80,80,80,80,82,84,84,84,86,86,88,88,88,97,99,101,103,103,103,103,103,103,100,100,100],"card_choices":[{"not_picked":["Acrobatics","Dodge and Roll"],"picked":"Caltrops","floor":1.0},{"not_picked":["PiercingWail","Distraction"],"picked":"Cloak And Dagger","floor":2.0},{"not_picked":["Prepared","Storm of Steel"],"picked":"Poisoned Stab","floor":3.0},{"not_picked":["PiercingWail","Poisoned Stab"],"picked":"Finisher","floor":5.0},{"not_picked":["Prepared","Bane"],"picked":"Quick Slash","floor":8.0},{"not_picked":["Dagger Throw","Prepared"],"picked":"Slice","floor":10.0},{"not_picked":["Sucker Punch","Outmaneuver"],"picked":"Corpse Explosion","floor":12.0},{"not_picked":["Underhanded Strike","Noxious Fumes","Quick Slash"],"picked":"SKIP","floor":14.0},{"not_picked":["Glass Knife","Envenom"],"picked":"Adrenaline","floor":16.0},{"not_picked":["Bane","Prepared"],"picked":"Crippling Poison","floor":18.0},{"not_picked":["Flying Knee","Cloak And Dagger"],"picked":"Footwork+1","floor":19.0},{"not_picked":["Backflip","Blade Dance"],"picked":"Leg Sweep","floor":20.0},{"not_picked":["Cloak And Dagger","Reflex+1"],"picked":"Deflect+1","floor":22.0},{"not_picked":["Well Laid Plans","Underhanded Strike","Flechettes"],"picked":"Singing Bowl","floor":24.0},{"not_picked":["Eviscerate","Backstab+1","Cloak And Dagger"],"picked":"Singing Bowl","floor":27.0},{"not_picked":["Envenom","All Out Attack"],"picked":"PiercingWail","floor":29.0},{"not_picked":["Acrobatics","Sucker Punch"],"picked":"Dodge and Roll","floor":31.0},{"not_picked":["Venomology","Adrenaline"],"picked":"Malaise","floor":33.0},{"not_picked":["Prepared","PiercingWail","Crippling Poison"],"picked":"Singing Bowl","floor":35.0},{"not_picked":["Slice","Poisoned Stab+1","Acrobatics"],"picked":"Singing Bowl","floor":36.0},{"not_picked":["Deadly Poison+1","Blade Dance+1","Slice"],"picked":"Singing Bowl","floor":39.0},{"not_picked":["Infinite Blades","Deflect","Crippling Poison"],"picked":"Singing Bowl","floor":41.0},{"not_picked":["Blur","Deadly Poison","Grand Finale"],"picked":"Singing Bowl","floor":44.0},{"not_picked":["Blade Dance+1","Crippling Poison+1","Slice"],"picked":"Singing Bowl","floor":45.0},{"not_picked":["Dodge and Roll+1","Predator","Acrobatics+1"],"picked":"Singing Bowl","floor":46.0},{"not_picked":["Acrobatics","Deflect","Caltrops"],"picked":"Singing Bowl","floor":47.0},{"not_picked":["Cloak And Dagger","Blade Dance"],"picked":"Backflip+1","floor":48.0},{"not_picked":["Acrobatics+1","Infinite Blades"],"picked":"Venomology","floor":54.0}],"player_experience":1007178,"relics_obtained":[{"floor":8.0,"key":"Pear"},{"floor":9.0,"key":"Ornamental Fan"},{"floor":12.0,"key":"Orichalcum"},{"floor":24.0,"key":"Singing Bowl"},{"floor":26.0,"key":"Paper Crane"},{"floor":27.0,"key":"Bag of Marbles"},{"floor":38.0,"key":"MawBank"},{"floor":44.0,"key":"Strawberry"},{"floor":47.0,"key":"Blue Candle"},{"floor":54.0,"key":"Bottled Lightning"}],"event_choices":[{"damage_healed":0.0,"max_hp_gain":0.0,"max_hp_loss":0.0,"gold_gain":0.0,"event_name":"Living Wall","player_choice":"Grow","floor":4.0,"gold_loss":0.0,"damage_taken":0.0,"cards_upgraded":["Neutralize"]},{"damage_healed":0.0,"max_hp_gain":0.0,"max_hp_loss":0.0,"gold_gain":0.0,"event_name":"Wheel of Change","player_choice":"Damaged","floor":13.0,"gold_loss":0.0,"damage_taken":11.0},{"damage_healed":0.0,"max_hp_gain":0.0,"max_hp_loss":0.0,"gold_gain":0.0,"event_name":"Tomb of Lord Red Mask","player_choice":"Ignored","floor":37.0,"gold_loss":0.0,"damage_taken":0.0}],"is_beta":false,"boss_relics":[{"not_picked":["Calling Bell","White Beast Statue"],"picked":"Astrolabe"},{"not_picked":["Philosopher\u0027s Stone","WristBlade"],"picked":"Fusion Hammer"}],"items_purged_floors":[21,53],"is_endless":false,"potions_floor_spawned":[1,2,12,14,16,22,27,31,33,35,41,46,47,48],"killed_by":"The Heart","ascension_level":17}