{"gold_per_floor":[11,24,42,19,30,61,91,91,141,141,141,151,208,225,225,321,321,339,353,365,384,56,56,86,86,138,138,138,6,38,48,48,147,147,167,193,209,209,233,233,252,99,122,153,173,53,64,77,77,77],"floor_reached":51,"playtime":4424,"items_purged":["Defend_P"],"score":817,"play_id":"80968440-d025-42da-a42d-c53090688b62","local_time":"20190911183842","is_ascension_mode":true,"campfire_choices":[{"floor":8.0,"key":"REST"},{"floor":10.0,"key":"REST"},{"floor":15.0,"key":"REST"},{"floor":23.0,"key":"REST"},{"floor":25.0,"key":"REST"},{"data":"DevaForm","floor":27.0,"key":"SMITH"},{"floor":32.0,"key":"REST"},{"data":"Establishment","floor":40.0,"key":"SMITH"},{"data":"Halt","floor":49.0,"key":"SMITH"}],"neow_cost":"NO_GOLD","seed_source_timestamp":25607738185093,"circlet_count":0,"master_deck":["Strike_P+1","Defend_P","Defend_P+1","Defend_P","Eruption+1","Vigilance","MentalFortress","StepAndStrike","Sanctity","WindmillStrike+1","Weave","EmptyMind","Protect","ThirdEye","Adaptation","SandsOfTime+1","Establishment+1","Conclude+1","MasterReality","FearNoEvil+1","FlyingSleeves+1","ThirdEye+1","DevaForm+1","EmptyBody+1","EmptyFist+1","EmptyMind","FollowUp+1","JustLucky+1","Halt+1","FollowUp+1","SignatureMove+1","EmptyMind+1","Adaptation+1","MentalFortress+1","Devotion+1","CutThroughFate+1","SandsOfTime+1","Devotion","TalkToTheHand+1"],"special_seed":0,"relics":["HolyWater","Molten Egg 2","Odd Mushroom","InkBottle","Tiny Chest","VioletLotus","War Paint","Dodecahedron","PreservedInsect","Bird Faced Urn","Oddly Smooth Stone","Whetstone","Art of War","Anchor","Potion Belt","Calipers"],"potions_floor_usage":[50],"damage_taken":[{"damage":18.0,"enemies":"Jaw Worm","floor":1.0,"turns":4.0},{"damage":12.0,"enemies":"Small Slimes","floor":2.0,"turns":7.0},{"damage":0.0,"enemies":"Cultist","floor":3.0,"turns":4.0},{"damage":15.0,"enemies":"Exordium Wildlife","floor":5.0,"turns":3.0},{"damage":2.0,"enemies":"3 Sentries","floor":6.0,"turns":10.0},{"damage":1.0,"enemies":"The Mushroom Lair","floor":7.0,"turns":4.0},{"damage":12.0,"enemies":"Exordium Thugs","floor":12.0,"turns":7.0},{"damage":18.0,"enemies":"Gremlin Nob","floor":13.0,"turns":3.0},{"damage":0.0,"enemies":"Blue Slaver","floor":14.0,"turns":4.0},{"damage":0.0,"enemies":"Slime Boss","floor":16.0,"turns":5.0},{"damage":4.0,"enemies":"Shell Parasite","floor":18.0,"turns":6.0},{"damage":0.0,"enemies":"Chosen","floor":19.0,"turns":7.0},{"damage":14.0,"enemies":"Snake Plant","floor":20.0,"turns":6.0},{"damage":18.0,"enemies":"3 Cultists","floor":21.0,"turns":5.0},{"damage":31.0,"enemies":"Gremlin Leader","floor":24.0,"turns":7.0},{"damage":7.0,"enemies":"Slavers","floor":30.0,"turns":5.0},{"damage":0.0,"enemies":"Cultist and Chosen","floor":31.0,"turns":8.0},{"damage":1.0,"enemies":"Automaton","floor":33.0,"turns":11.0},{"damage":0.0,"enemies":"Orb Walker","floor":35.0,"turns":4.0},{"damage":12.0,"enemies":"3 Darklings","floor":37.0,"turns":5.0},{"damage":46.0,"enemies":"Jaw Worm Horde","floor":41.0,"turns":6.0},{"damage":0.0,"enemies":"Giant Head","floor":44.0,"turns":6.0},{"damage":21.0,"enemies":"Maw","floor":45.0,"turns":9.0},{"damage":13.0,"enemies":"3 Darklings","floor":47.0,"turns":5.0},{"damage":0.0,"enemies":"Spire Growth","floor":48.0,"turns":4.0},{"damage":38,"enemies":"Awakened One","floor":50,"turns":14}],"seed_played":"-5551482572025117237","potions_obtained":[{"floor":1.0,"key":"Explosive Potion"},{"floor":5.0,"key":"FearPotion"},{"floor":7.0,"key":"Energy Potion"},{"floor":13.0,"key":"GamblersBrew"},{"floor":19.0,"key":"Strength Potion"},{"floor":24.0,"key":"GamblersBrew"},{"floor":37.0,"key":"StancePotion"},{"floor":44.0,"key":"Regen Potion"},{"floor":47.0,"key":"Swift Potion"}],"is_trial":false,"path_per_floor":["M","M","M","$","M","E","?","R","T","R","?","M","E","M","R","B",null,"M","M","M","M","$","R","E","R","T","R","?","$","E","M","R","B",null,"M","T","M","T","T","R","M","$","T","E","M","$","M","M","R","B",null],"character_chosen":"WATCHER","items_purchased":["EmptyMind","EmptyBody","War Paint","Energy Potion","FollowUp+1","JustLucky+1","PowerPotion","Anchor","SandsOfTime+1","Energy Potion"],"campfire_rested":6,"item_purchase_floors":[4,22,22,22,29,29,29,42,46,46],"current_hp_per_floor":[47,35,35,35,20,18,17,36,36,55,55,43,25,25,44,44,65,61,61,47,29,29,48,17,36,36,36,36,36,29,37,56,65,65,65,65,59,59,59,59,25,25,25,39,34,34,43,57,57,37],"gold":77,"neow_bonus":"TRANSFORM_TWO_CARDS","is_prod":false,"is_daily":false,"chose_seed":false,"campfire_upgraded":3,"win_rate":0,"timestamp":1568191122,"path_taken":["M","M","M","$","M","E","?","R","T","R","?","?","E","M","R","BOSS","M","M","M","M","$","R","E","R","T","R","?","$","E","M","R","BOSS","M","?","M","?","?","R","M","?","T","E","?","$","M","M","R","BOSS"],"build_version":"2019-09-10","purchased_purges":1,"victory":true,"max_hp_per_floor":[65,65,65,65,65,65,65,65,65,65,65,65,65,65,65,65,65,65,65,65,65,65,65,65,65,65,65,65,65,65,65,65,65,65,65,65,65,65,65,65,65,65,65,65,65,65,65,65,65,65],"card_choices":[{"not_picked":["StepAndStrike","Wireheading"],"picked":"Sanctity","floor":1.0},{"not_picked":["EmptyMind","Consecrate"],"picked":"WindmillStrike","floor":2.0},{"not_picked":["CleanseEvil","Consecrate"],"picked":"Weave","floor":3.0},{"not_picked":["EmptyBody","Evaluate"],"picked":"Protect","floor":5.0},{"not_picked":["EmptyFist","Blasphemy"],"picked":"ThirdEye","floor":6.0},{"not_picked":["EmptyFist+1","EmptyBody"],"picked":"Adaptation","floor":7.0},{"not_picked":["Crescendo","Sanctity"],"picked":"SandsOfTime+1","floor":12.0},{"not_picked":["EmptyBody","Halt"],"picked":"Establishment","floor":13.0},{"not_picked":["EmptyMind","Halt"],"picked":"Conclude+1","floor":14.0},{"not_picked":["Blasphemy","Judgement"],"picked":"MasterReality","floor":16.0},{"not_picked":["Sanctity","InnerPeace+1"],"picked":"FearNoEvil+1","floor":18.0},{"not_picked":["EmptyBody","Scrawl"],"picked":"FlyingSleeves+1","floor":19.0},{"not_picked":["InnerPeace","Prostrate"],"picked":"ThirdEye+1","floor":20.0},{"not_picked":["Conclude+1","EmptyFist+1"],"picked":"DevaForm","floor":21.0},{"not_picked":["InnerPeace+1","Halt"],"picked":"EmptyFist+1","floor":24.0},{"not_picked":["SandsOfTime+1","EmptyMind"],"picked":"Halt","floor":30.0},{"not_picked":["Halt+1","Evaluate"],"picked":"FollowUp+1","floor":31.0},{"not_picked":["Blasphemy","Pray"],"picked":"SignatureMove+1","floor":33.0},{"not_picked":["JustLucky+1","Vengeance"],"picked":"EmptyMind+1","floor":35.0},{"not_picked":["Consecrate+1","Scrawl"],"picked":"Adaptation+1","floor":37.0},{"not_picked":["Halt+1","EmptyFist+1"],"picked":"MentalFortress+1","floor":41.0},{"not_picked":["FlurryOfBlows+1","WindmillStrike+1"],"picked":"Devotion+1","floor":44.0},{"not_picked":["JustLucky+1","WaveOfTheHand"],"picked":"CutThroughFate+1","floor":45.0},{"not_picked":["PathToVictory","JustLucky+1"],"picked":"Devotion","floor":47.0},{"not_picked":["EmptyMind","FlyingSleeves+1"],"picked":"TalkToTheHand+1","floor":48.0}],"player_experience":1300182,"relics_obtained":[{"floor":6.0,"key":"Molten Egg 2"},{"floor":7.0,"key":"Odd Mushroom"},{"floor":9.0,"key":"InkBottle"},{"floor":13.0,"key":"Tiny Chest"},{"floor":24.0,"key":"Dodecahedron"},{"floor":26.0,"key":"PreservedInsect"},{"floor":30.0,"key":"Bird Faced Urn"},{"floor":36.0,"key":"Oddly Smooth Stone"},{"floor":38.0,"key":"Whetstone"},{"floor":39.0,"key":"Art of War"},{"floor":43.0,"key":"Potion Belt"},{"floor":44.0,"key":"Calipers"}],"event_choices":[{"damage_healed":0.0,"max_hp_gain":0.0,"max_hp_loss":0.0,"gold_gain":0.0,"event_name":"Mushrooms","player_choice":"Fought Mushrooms","floor":7.0,"gold_loss":0.0,"damage_taken":0.0},{"damage_healed":0.0,"max_hp_gain":0.0,"max_hp_loss":0.0,"gold_gain":0.0,"event_name":"Upgrade Shrine","player_choice":"Upgraded","floor":11.0,"gold_loss":0.0,"damage_taken":0.0,"cards_upgraded":["WindmillStrike"]},{"damage_healed":0.0,"max_hp_gain":0.0,"max_hp_loss":0.0,"gold_gain":0.0,"cards_transformed":["Strike_P"],"event_name":"Transmorgrifier","player_choice":"Transformed","floor":28.0,"gold_loss":0.0,"damage_taken":0.0,"cards_obtained":["EmptyMind"]}],"is_beta":true,"boss_relics":[{"not_picked":["Snecko Eye","Empty Cage"],"picked":"VioletLotus"},{"not_picked":["Runic Dome","Busted Crown"],"picked":"HolyWater"}],"items_purged_floors":[22],"is_endless":false,"potions_floor_spawned":[1,5,7,13,19,20,24,37,44,47],"ascension_level":1}