{"gold_per_floor":[119,119,9,29,304,337,348,377,377,407,418,418,418,431,431,507,507,525,725,737,100,100,131,131,160,184,196,228,258,298,310,322,334],"floor_reached":33,"playtime":2424,"items_purged":[],"score":700,"play_id":"863515af-fb59-44e3-baf0-40872ee1fbdf","local_time":"20190828144523","is_ascension_mode":true,"campfire_choices":[{"data":"Conserve Battery","floor":15,"key":"SMITH"},{"data":"Beam Cell","floor":24,"key":"SMITH"},{"data":"Chill","floor":27,"key":"SMITH"},{"data":"Tempest","floor":32,"key":"SMITH"}],"neow_cost":"NONE","seed_source_timestamp":2760552600393018,"circlet_count":0,"master_deck":["AscendersBane","Strike_B","Strike_B","Strike_B","Defend_B","Defend_B","Defend_B","Zap","Dualcast","Cold Snap","Ball Lightning","Conserve Battery+1","Cold Snap","Steam","Rip and Tear","Chill+1","Rainbow","Compile Driver+1","Beam Cell+1","Leap+1","Go for the Eyes","Loop","Rip and Tear","Tempest+1"],"relics":["Cracked Core","Oddly Smooth Stone","Omamori","Ornamental Fan","Kunai","Boot","Ancient Tea Set","Nuclear Battery","Dead Branch","Runic Capacitor","Matryoshka","Blue Candle","Dodecahedron","MawBank","Bag of Marbles","Blood Vial"],"potions_floor_usage":[6,10,11,12,14,23,25,30,33],"damage_taken":[{"damage":6,"enemies":"Small Slimes","floor":1,"turns":3},{"damage":0,"enemies":"Cultist","floor":4,"turns":3},{"damage":4,"enemies":"3 Sentries","floor":6,"turns":3},{"damage":0,"enemies":"2 Louse","floor":7,"turns":2},{"damage":18,"enemies":"Gremlin Nob","floor":8,"turns":4},{"damage":9,"enemies":"3 Sentries","floor":10,"turns":4},{"damage":4,"enemies":"Exordium Thugs","floor":11,"turns":4},{"damage":0,"enemies":"Looter","floor":12,"turns":1},{"damage":0,"enemies":"Exordium Wildlife","floor":14,"turns":2},{"damage":10,"enemies":"The Guardian","floor":16,"turns":15},{"damage":15,"enemies":"Chosen","floor":18,"turns":6},{"damage":5,"enemies":"3 Byrds","floor":20,"turns":6},{"damage":0,"enemies":"Book of Stabbing","floor":23,"turns":6},{"damage":10,"enemies":"Gremlin Leader","floor":25,"turns":6},{"damage":0,"enemies":"3 Cultists","floor":28,"turns":5},{"damage":0,"enemies":"Centurion and Healer","floor":29,"turns":6},{"damage":12,"enemies":"Book of Stabbing","floor":30,"turns":7},{"damage":39,"enemies":"Collector","floor":33,"turns":6}],"seed_played":"6991941334196427725","potions_obtained":[{"floor":1,"key":"GamblersBrew"},{"floor":7,"key":"PowerPotion"},{"floor":10,"key":"Explosive Potion"},{"floor":11,"key":"SmokeBomb"},{"floor":23,"key":"Regen Potion"},{"floor":25,"key":"Energy Potion"},{"floor":28,"key":"SkillPotion"}],"is_trial":false,"path_per_floor":["M","?","$","M","?","E","M","E","T","E","M","M","?","M","R","B",null,"M","?","M","$","T","E","R","E","T","R","M","M","E","?","R","B"],"character_chosen":"DEFECT","items_purchased":["Ball Lightning","PowerPotion","Dead Branch","Runic Capacitor","Beam Cell","SkillPotion"],"campfire_rested":0,"item_purchase_floors":[3,3,21,21,21,21],"current_hp_per_floor":[58,47,47,47,47,43,43,25,25,16,12,12,29,29,29,19,58,43,43,38,38,38,38,38,43,43,43,43,43,31,31,31,0],"gold":334,"neow_bonus":"RANDOM_COMMON_RELIC","is_prod":false,"is_daily":false,"chose_seed":false,"campfire_upgraded":4,"win_rate":0,"timestamp":1567017923,"path_taken":["M","?","$","M","?","E","?","E","T","E","M","M","?","M","R","BOSS","M","?","M","$","?","E","R","E","T","R","M","M","E","?","R","BOSS"],"build_version":"2019-07-17","purchased_purges":0,"victory":false,"max_hp_per_floor":[71,71,71,71,71,71,71,71,71,71,71,71,71,71,71,71,71,71,71,71,71,71,71,71,71,71,71,71,71,71,71,71,71],"card_choices":[{"not_picked":["Reprogram","Turbo"],"picked":"Cold Snap","floor":1},{"not_picked":["Gash","Hologram","Coolheaded"],"picked":"SKIP","floor":4},{"not_picked":["All For One","Steam"],"picked":"Conserve Battery","floor":6},{"not_picked":["Steam","Skim"],"picked":"Cold Snap","floor":7},{"not_picked":["Sunder","Capacitor"],"picked":"Steam","floor":8},{"not_picked":["Sunder","Redo"],"picked":"Rip and Tear","floor":10},{"not_picked":["Darkness","Force Field","Ball Lightning"],"picked":"SKIP","floor":11},{"not_picked":["Coolheaded","Redo"],"picked":"Chill","floor":14},{"not_picked":["Thunder Strike","All For One"],"picked":"Rainbow","floor":16},{"not_picked":["Reprogram","Leap","Rebound"],"picked":"SKIP","floor":18},{"not_picked":["Barrage","Ball Lightning"],"picked":"Compile Driver+1","floor":20},{"not_picked":["Auto Shields","Lockon","White Noise"],"picked":"SKIP","floor":23},{"not_picked":["Gash","Lockon","Self Repair"],"picked":"SKIP","floor":25},{"not_picked":["Barrage","Scrape"],"picked":"Leap+1","floor":28},{"not_picked":["Rainbow","Rebound"],"picked":"Go for the Eyes","floor":29},{"not_picked":["Multi-Cast","Conserve Battery"],"picked":"Loop","floor":30}],"player_experience":1872479,"relics_obtained":[{"floor":6,"key":"Ornamental Fan"},{"floor":8,"key":"Kunai"},{"floor":9,"key":"Boot"},{"floor":10,"key":"Ancient Tea Set"},{"floor":22,"key":"Matryoshka"},{"floor":23,"key":"Blue Candle"},{"floor":25,"key":"Dodecahedron"},{"floor":26,"key":"MawBank"},{"floor":26,"key":"Bag of Marbles"},{"floor":30,"key":"Blood Vial"}],"event_choices":[{"damage_healed":0,"gold_gain":0,"player_choice":"Success","damage_taken":11,"relics_obtained":["Omamori"],"max_hp_gain":0,"max_hp_loss":0,"event_name":"Scrap Ooze","floor":2,"gold_loss":0},{"damage_healed":0,"gold_gain":275,"player_choice":"Desecrate","damage_taken":0,"max_hp_gain":0,"max_hp_loss":0,"event_name":"Golden Shrine","floor":5,"gold_loss":0,"cards_obtained":["Regret"]},{"damage_healed":17,"gold_gain":0,"player_choice":"Healed and dodged fight","damage_taken":0,"max_hp_gain":0,"max_hp_loss":0,"event_name":"Mushrooms","floor":13,"gold_loss":0,"cards_obtained":["Parasite"]},{"damage_healed":0,"gold_gain":200,"player_choice":"Gold","damage_taken":0,"max_hp_gain":0,"max_hp_loss":0,"event_name":"Wheel of Change","floor":19,"gold_loss":0},{"damage_healed":0,"gold_gain":0,"cards_transformed":["Strike_B","Defend_B"],"player_choice":"Became Test Subject","damage_taken":0,"max_hp_gain":0,"max_hp_loss":0,"event_name":"Drug Dealer","floor":31,"gold_loss":0,"cards_obtained":["Rip and Tear","Tempest"]}],"is_beta":false,"boss_relics":[{"not_picked":["Snecko Eye","Sozu"],"picked":"Nuclear Battery"}],"items_purged_floors":[],"is_endless":false,"potions_floor_spawned":[1,7,10,11,23,25,28,29],"killed_by":"Collector","ascension_level":20}