{"gold_per_floor":[19,19,30,50,66,66,125,125,149,163,163,182,182,202,202,305,305,321,21,21,21,44,56],"floor_reached":23,"playtime":869,"items_purged":[],"score":226,"play_id":"0a6ec32a-015c-4b25-8e8e-6803c057cbd3","local_time":"20190911165908","is_ascension_mode":true,"campfire_choices":[{"floor":6.0,"key":"DIG"},{"floor":8.0,"key":"DIG"},{"floor":13.0,"key":"DIG"},{"floor":15.0,"key":"DIG"}],"neow_cost":"NO_GOLD","seed_source_timestamp":23271115150830,"circlet_count":0,"master_deck":["Strike_P+1","Strike_P+1","Strike_P+1","Strike_P+1","Defend_P+1","Defend_P+1","Defend_P+1","Defend_P+1","Eruption+1","Vigilance","Crescendo","Establishment","Protect","Vault","DeceiveReality","Weave","TalkToTheHand","Judgement","FlyingSleeves"],"special_seed":0,"relics":["PureWater","Shovel","Art of War","Tiny Chest","StrikeDummy","Boot","Bottled Flame","Singing Bowl","Pantograph","MawBank"],"potions_floor_usage":[18],"damage_taken":[{"damage":2.0,"enemies":"2 Louse","floor":1.0,"turns":4.0},{"damage":0.0,"enemies":"Small Slimes","floor":3.0,"turns":2.0},{"damage":6.0,"enemies":"Cultist","floor":4.0,"turns":3.0},{"damage":0.0,"enemies":"2 Fungi Beasts","floor":5.0,"turns":3.0},{"damage":18.0,"enemies":"3 Sentries","floor":7.0,"turns":10.0},{"damage":2.0,"enemies":"Blue Slaver","floor":10.0,"turns":3.0},{"damage":3.0,"enemies":"Large Slime","floor":12.0,"turns":6.0},{"damage":0.0,"enemies":"Exordium Wildlife","floor":14.0,"turns":3.0},{"damage":8.0,"enemies":"Slime Boss","floor":16.0,"turns":12.0},{"damage":10,"enemies":"3 Byrds","floor":18,"turns":4},{"damage":55,"enemies":"Book of Stabbing","floor":23,"turns":4}],"seed_played":"-4187268635729939519","potions_obtained":[{"floor":3.0,"key":"SkillPotion"},{"floor":4.0,"key":"GamblersBrew"},{"floor":7.0,"key":"Energy Potion"},{"floor":14.0,"key":"Explosive Potion"}],"is_trial":false,"path_per_floor":["M","?","M","M","M","R","E","R","T","M","?","M","R","M","R","B",null,"M","$","?","?","T","E"],"character_chosen":"WATCHER","items_purchased":["Pantograph","FlyingSleeves"],"campfire_rested":0,"item_purchase_floors":[19,19],"current_hp_per_floor":[63,63,63,57,57,57,39,39,39,37,75,72,72,72,72,64,75,67,67,53,53,53,0],"gold":56,"neow_bonus":"ONE_RARE_RELIC","is_prod":false,"is_daily":false,"chose_seed":false,"campfire_upgraded":0,"win_rate":0,"timestamp":1568185148,"path_taken":["M","?","M","M","M","R","E","R","T","M","?","M","R","M","R","BOSS","M","$","?","?","?","E"],"build_version":"2019-09-10","purchased_purges":0,"victory":false,"max_hp_per_floor":[65,65,65,65,65,65,65,65,65,65,75,75,75,75,75,75,75,77,77,82,82,82,82],"card_choices":[{"not_picked":["CrushJoints","EmptyFist"],"picked":"Crescendo","floor":1.0},{"not_picked":["EmptyFist","Consecrate"],"picked":"Establishment","floor":3.0},{"not_picked":["WaveOfTheHand","FollowUp"],"picked":"Protect","floor":4.0},{"not_picked":["InnerPeace","Weave"],"picked":"Vault","floor":5.0},{"not_picked":["PathToVictory","FlyingSleeves"],"picked":"Vault","floor":7.0},{"not_picked":["ClearTheMind","EmptyMind"],"picked":"DeceiveReality","floor":10.0},{"not_picked":["FlyingSleeves","EmptyFist"],"picked":"Weave","floor":12.0},{"not_picked":["Halt","CrushJoints"],"picked":"TalkToTheHand","floor":14.0},{"not_picked":["Brilliance","Alpha"],"picked":"Judgement","floor":16.0},{"not_picked":["Sanctity","Crescendo+1","Weave"],"picked":"Singing Bowl","floor":18}],"player_experience":1298184,"relics_obtained":[{"floor":6.0,"key":"Art of War"},{"floor":7.0,"key":"Tiny Chest"},{"floor":8.0,"key":"StrikeDummy"},{"floor":9.0,"key":"Boot"},{"floor":13.0,"key":"Bottled Flame"},{"floor":15.0,"key":"Singing Bowl"},{"floor":22,"key":"MawBank"}],"event_choices":[{"damage_healed":0.0,"max_hp_gain":0.0,"max_hp_loss":0.0,"gold_gain":0.0,"event_name":"Living Wall","player_choice":"Grow","floor":2.0,"gold_loss":0.0,"damage_taken":0.0,"cards_upgraded":["Eruption"]},{"cards_removed":["Vault"],"damage_healed":28.0,"max_hp_gain":10.0,"max_hp_loss":0.0,"gold_gain":0.0,"event_name":"Bonfire Elementals","player_choice":"Offered Rare","floor":11.0,"gold_loss":0.0,"damage_taken":0.0},{"damage_healed":0,"gold_gain":0,"player_choice":"Shed Blood","damage_taken":19,"max_hp_gain":5,"max_hp_loss":0,"event_name":"Forgotten Altar","floor":20,"gold_loss":0},{"damage_healed":0,"gold_gain":0,"player_choice":"Simplicity","damage_taken":0,"max_hp_gain":0,"max_hp_loss":0,"event_name":"Back to Basics","floor":21,"gold_loss":0,"cards_upgraded":["Strike_P","Strike_P","Strike_P","Strike_P","Defend_P","Defend_P","Defend_P","Defend_P"]}],"is_beta":true,"boss_relics":[{"not_picked":["Runic Dome","Coffee Dripper","Velvet Choker"]}],"items_purged_floors":[],"is_endless":false,"potions_floor_spawned":[3,4,7,14],"killed_by":"Book of Stabbing","ascension_level":1}