{"gold_per_floor":[118,134,153,153,133,133,158,175,175,175,201,217,227,244,244,320,320,336,19,19,19,39,39,65,84,108,108,138,152,186,10,10,88,88,99,119,119,170,270,300,300,300,350,350,384,401,428,23,23,23],"floor_reached":50,"playtime":5583,"items_purged":["Strike_B","Strike_B"],"score":1149,"play_id":"a4ed52d9-44c9-459a-9016-fa747e372219","local_time":"20190519102809","is_ascension_mode":true,"campfire_choices":[{"data":"Melter","floor":6,"key":"SMITH"},{"data":"Beam Cell","floor":10,"key":"SMITH"},{"floor":15,"key":"REST"},{"data":"Fusion","floor":23,"key":"SMITH"},{"floor":27,"key":"REST"},{"floor":32,"key":"REST"},{"data":"Defragment","floor":42,"key":"SMITH"},{"floor":44,"key":"REST"},{"floor":49,"key":"RECALL"}],"neow_cost":"NONE","seed_source_timestamp":2155718512006787,"circlet_count":0,"master_deck":["AscendersBane","Defend_B","Defend_B","Defend_B","Defend_B","Zap","Dualcast","Melter+1","Coolheaded+1","Cold Snap","Beam Cell+1","Cold Snap","Go for the Eyes","Chill","Hologram","Ball Lightning","Machine Learning","Fusion+1","Turbo","Hyperbeam","Storm","Rip and Tear+1","Hello World+1","Chill+1","Redo","Capacitor+1","Steam","Defragment+1","Loop","Amplify","Chaos","BootSequence","Leap","Reprogram+1","Stack","Aggregate","Glacier","Hologram"],"relics":["Cracked Core","Anchor","Dream Catcher","Bag of Preparation","Kunai","Runic Pyramid","HandDrill","Omamori","Strawberry","War Paint","Red Mask","Philosopher\u0027s Stone","Calipers","Torii","Thread and Needle","Lantern","Frozen Egg 2","Cables"],"potions_floor_usage":[7,11,13,16,28,30,33,35,40,45,50,50],"damage_taken":[{"damage":0,"enemies":"2 Louse","floor":1,"turns":2},{"damage":1,"enemies":"Cultist","floor":2,"turns":3},{"damage":0,"enemies":"Small Slimes","floor":3,"turns":2},{"damage":10,"enemies":"Gremlin Nob","floor":7,"turns":3},{"damage":6,"enemies":"Blue Slaver","floor":8,"turns":3},{"damage":14,"enemies":"Lagavulin","floor":11,"turns":4},{"damage":0,"enemies":"Looter","floor":12,"turns":2},{"damage":5,"enemies":"Exordium Thugs","floor":13,"turns":4},{"damage":2,"enemies":"3 Louse","floor":14,"turns":3},{"damage":0,"enemies":"Slime Boss","floor":16,"turns":7},{"damage":1,"enemies":"Shell Parasite","floor":18,"turns":5},{"damage":0,"enemies":"3 Byrds","floor":22,"turns":5},{"damage":13,"enemies":"Book of Stabbing","floor":24,"turns":5},{"damage":3,"enemies":"Cultist and Chosen","floor":25,"turns":7},{"damage":7,"enemies":"Gremlin Leader","floor":28,"turns":9},{"damage":1,"enemies":"Shelled Parasite and Fungi","floor":29,"turns":3},{"damage":24,"enemies":"Masked Bandits","floor":30,"turns":5},{"damage":5,"enemies":"Collector","floor":33,"turns":15},{"damage":21,"enemies":"3 Darklings","floor":35,"turns":5},{"damage":0,"enemies":"Orb Walker","floor":36,"turns":4},{"damage":4,"enemies":"2 Orb Walkers","floor":38,"turns":4},{"damage":0,"enemies":"Mind Bloom Boss Battle","floor":39,"turns":7},{"damage":26,"enemies":"Nemesis","floor":40,"turns":9},{"damage":41,"enemies":"Giant Head","floor":45,"turns":11},{"damage":0,"enemies":"Spire Growth","floor":46,"turns":6},{"damage":17,"enemies":"Nemesis","floor":47,"turns":9},{"damage":24,"enemies":"Awakened One","floor":50,"turns":6}],"seed_played":"2712877982363976635","potions_obtained":[{"floor":2,"key":"PowerPotion"},{"floor":3,"key":"SpeedPotion"},{"floor":5,"key":"Energy Potion"},{"floor":11,"key":"EssenceOfSteel"},{"floor":13,"key":"PowerPotion"},{"floor":24,"key":"Block Potion"},{"floor":28,"key":"FocusPotion"},{"floor":29,"key":"SpeedPotion"},{"floor":30,"key":"Fruit Juice"},{"floor":33,"key":"EssenceOfSteel"},{"floor":35,"key":"PowerPotion"},{"floor":40,"key":"AttackPotion"},{"floor":45,"key":"Fire Potion"},{"floor":46,"key":"Fire Potion"}],"is_trial":false,"path_per_floor":["M","M","M","?","?","R","E","M","T","R","E","M","M","M","R","B",null,"M","$","?","?","M","R","E","M","T","R","E","M","?","$","R","B",null,"M","M","?","?","?","E","?","R","T","R","E","M","E","$","R","B"],"character_chosen":"DEFECT","items_purchased":["Turbo","HandDrill","Defragment","Cables","Fruit Juice","Hologram"],"campfire_rested":4,"item_purchase_floors":[19,19,31,48,48,48],"current_hp_per_floor":[64,63,63,63,63,63,53,47,47,47,33,33,28,26,47,47,65,64,64,44,44,44,44,31,28,35,59,52,51,32,32,58,53,79,58,58,76,72,72,46,46,46,46,72,31,31,14,14,14,0],"gold":23,"neow_bonus":"RANDOM_COMMON_RELIC","is_prod":false,"is_daily":false,"chose_seed":false,"campfire_upgraded":4,"win_rate":0,"timestamp":1558276089,"path_taken":["M","M","M","?","?","R","E","M","T","R","E","M","M","M","R","BOSS","M","?","?","?","M","R","E","M","T","R","E","?","?","?","R","BOSS","M","M","?","?","?","E","?","R","T","R","E","M","E","$","R","BOSS"],"build_version":"2019-01-23","purchased_purges":2,"victory":false,"max_hp_per_floor":[71,71,71,71,71,71,71,71,71,71,71,71,71,71,71,71,71,71,71,76,76,76,76,76,76,83,83,83,83,88,88,88,88,88,88,88,88,88,88,88,88,88,88,88,88,88,88,88,88,93],"card_choices":[{"not_picked":["Gash","BootSequence"],"picked":"Melter","floor":1},{"not_picked":["Barrage","Steam"],"picked":"Coolheaded","floor":2},{"not_picked":["Steam Power","Hologram"],"picked":"Cold Snap","floor":3},{"not_picked":["Leap","Reinforced Body"],"picked":"Beam Cell","floor":7},{"not_picked":["Coolheaded","Conserve Battery"],"picked":"Cold Snap","floor":8},{"not_picked":["Redo","Sunder"],"picked":"Go for the Eyes","floor":11},{"not_picked":["Lockon","Leap"],"picked":"Chill","floor":12},{"not_picked":["Turbo","Storm","Go for the Eyes"],"picked":"SKIP","floor":13},{"not_picked":["Turbo","Thunder Strike"],"picked":"Hologram","floor":14},{"not_picked":["Redo","Sweeping Beam"],"picked":"Ball Lightning","floor":15},{"not_picked":["Rainbow","Amplify"],"picked":"Machine Learning","floor":16},{"not_picked":["Force Field","Skim"],"picked":"Fusion","floor":18},{"not_picked":["Steam","Leap"],"picked":"Rip and Tear+1","floor":22},{"not_picked":["Rebound","Melter"],"picked":"Hello World+1","floor":24},{"not_picked":["Turbo","Go for the Eyes"],"picked":"Chill","floor":25},{"not_picked":["Steam","Compile Driver"],"picked":"Redo","floor":27},{"not_picked":["Leap","Coolheaded"],"picked":"Capacitor+1","floor":28},{"not_picked":["Thunder Strike","Cold Snap"],"picked":"Steam","floor":29},{"not_picked":["Sweeping Beam","Stack"],"picked":"Loop","floor":32},{"not_picked":["Creative AI","Fission"],"picked":"Amplify","floor":33},{"not_picked":["Gash","Redo"],"picked":"Chaos","floor":35},{"not_picked":["Streamline","Blizzard"],"picked":"BootSequence","floor":36},{"not_picked":["Sweeping Beam","Gash+1"],"picked":"Leap","floor":38},{"not_picked":["Multi-Cast","Leap+1"],"picked":"Reprogram+1","floor":39},{"not_picked":["Turbo","Hologram"],"picked":"Stack","floor":40},{"not_picked":["Blizzard","Undo"],"picked":"Aggregate","floor":44},{"not_picked":["Heatsinks+1","Redo","Reprogram"],"picked":"SKIP","floor":45},{"not_picked":["Coolheaded+1","Leap","White Noise+1"],"picked":"SKIP","floor":46},{"not_picked":["Skim","Consume"],"picked":"Glacier","floor":47}],"player_experience":1524111,"relics_obtained":[{"floor":7,"key":"Dream Catcher"},{"floor":9,"key":"Bag of Preparation"},{"floor":11,"key":"Kunai"},{"floor":24,"key":"Omamori"},{"floor":26,"key":"Strawberry"},{"floor":28,"key":"War Paint"},{"floor":30,"key":"Red Mask"},{"floor":38,"key":"Calipers"},{"floor":39,"key":"Torii"},{"floor":40,"key":"Thread and Needle"},{"floor":45,"key":"Lantern"},{"floor":47,"key":"Frozen Egg 2"}],"event_choices":[{"damage_healed":0,"gold_gain":0,"player_choice":"Ignored","damage_taken":0,"max_hp_gain":0,"max_hp_loss":0,"event_name":"Liars Game","floor":4,"gold_loss":0},{"damage_healed":0,"gold_gain":0,"player_choice":"Bought 1 Potion","damage_taken":0,"max_hp_gain":0,"max_hp_loss":0,"event_name":"The Woman in Blue","floor":5,"gold_loss":0},{"damage_healed":0,"gold_gain":0,"player_choice":"Shed Blood","damage_taken":25,"max_hp_gain":5,"max_hp_loss":0,"event_name":"Forgotten Altar","floor":20,"gold_loss":0},{"damage_healed":0,"gold_gain":0,"cards_transformed":["Strike_B","Strike_B"],"player_choice":"Became Test Subject","damage_taken":0,"max_hp_gain":0,"max_hp_loss":0,"event_name":"Drug Dealer","floor":21,"gold_loss":0,"cards_obtained":["Hyperbeam","Storm"]},{"damage_healed":0,"gold_gain":0,"player_choice":"Fought Bandits","damage_taken":0,"max_hp_gain":0,"max_hp_loss":0,"event_name":"Masked Bandits","floor":30,"gold_loss":0},{"damage_healed":18,"gold_gain":0,"player_choice":"Writhe","damage_taken":0,"max_hp_gain":0,"max_hp_loss":0,"event_name":"Winding Halls","floor":37,"gold_loss":0,"cards_obtained":["Writhe"]},{"damage_healed":0,"gold_gain":0,"player_choice":"Fight","damage_taken":0,"max_hp_gain":0,"max_hp_loss":0,"event_name":"Mysterious Sphere","floor":38,"gold_loss":0},{"damage_healed":0,"gold_gain":0,"player_choice":"Fight","damage_taken":0,"max_hp_gain":0,"max_hp_loss":0,"event_name":"MindBloom","floor":39,"gold_loss":0},{"damage_healed":0,"gold_gain":0,"player_choice":"Ignored","damage_taken":0,"max_hp_gain":0,"max_hp_loss":0,"event_name":"SecretPortal","floor":41,"gold_loss":0}],"is_beta":false,"boss_relics":[{"not_picked":["Orrery","Calling Bell"],"picked":"Runic Pyramid"},{"not_picked":["Velvet Choker","Empty Cage"],"picked":"Philosopher\u0027s Stone"}],"items_purged_floors":[19,31],"is_endless":false,"potions_floor_spawned":[2,3,11,13,24,28,29,30,33,35,40,45,46],"killed_by":"Awakened One","ascension_level":15}