{"gold_per_floor":[218,230,241,23,23,52,71,98,151,165,165,198,212,228,228,302,302,322,322,333,351,351],"floor_reached":22,"playtime":1272,"items_purged":[],"score":435,"play_id":"7b59a880-3b23-4e74-a213-40476bf86198","local_time":"20190728172906","is_ascension_mode":true,"campfire_choices":[{"floor":11.0,"key":"REST"},{"data":"Multi-Cast","floor":15.0,"key":"SMITH"}],"neow_cost":"NONE","seed_source_timestamp":92984612979124,"circlet_count":0,"master_deck":["AscendersBane","Strike_B","Strike_B","Strike_B","Strike_B","Defend_B","Defend_B","Defend_B","Defend_B","Zap","Dualcast","Darkness","Rebound","Ball Lightning","Sweeping Beam","Go for the Eyes","Redo","Conserve Battery","Multi-Cast+1","Seek","RitualDagger"],"special_seed":0,"relics":["Cracked Core","Bag of Preparation","Singing Bowl","Dodecahedron","DataDisk","Strawberry","Sozu"],"potions_floor_usage":[16],"damage_taken":[{"damage":1.0,"enemies":"Small Slimes","floor":1.0,"turns":3.0},{"damage":2.0,"enemies":"2 Louse","floor":2.0,"turns":3.0},{"damage":1.0,"enemies":"Cultist","floor":3.0,"turns":3.0},{"damage":11.0,"enemies":"Gremlin Nob","floor":6.0,"turns":3.0},{"damage":3.0,"enemies":"Looter","floor":7.0,"turns":2.0},{"damage":15.0,"enemies":"Lagavulin","floor":8.0,"turns":5.0},{"damage":2.0,"enemies":"3 Louse","floor":10.0,"turns":3.0},{"damage":26.0,"enemies":"3 Sentries","floor":12.0,"turns":5.0},{"damage":8.0,"enemies":"Gremlin Gang","floor":13.0,"turns":4.0},{"damage":1.0,"enemies":"Blue Slaver","floor":14.0,"turns":3.0},{"damage":22,"enemies":"Slime Boss","floor":16,"turns":11},{"damage":10,"enemies":"3 Byrds","floor":18,"turns":3},{"damage":0,"enemies":"Chosen","floor":20,"turns":3},{"damage":14,"enemies":"Snake Plant","floor":21,"turns":3},{"damage":44,"enemies":"Shelled Parasite and Fungi","floor":22,"turns":3}],"seed_played":"-4627887297209001649","potions_obtained":[{"floor":2.0,"key":"FearPotion"},{"floor":3.0,"key":"SpeedPotion"},{"floor":10.0,"key":"LiquidBronze"},{"floor":14.0,"key":"SneckoOil"},{"floor":16,"key":"SpeedPotion"}],"is_trial":false,"path_per_floor":["M","M","M","$","?","E","M","E","T","M","R","E","M","M","R","B",null,"M","?","M","M","M"],"character_chosen":"DEFECT","items_purchased":["Bag of Preparation","Sweeping Beam"],"campfire_rested":1,"item_purchase_floors":[4,4],"current_hp_per_floor":[63,61,60,60,60,49,46,31,31,31,52,35,29,28,28,6,65,57,51,53,41,0],"gold":351,"neow_bonus":"HUNDRED_GOLD","is_prod":false,"is_daily":false,"chose_seed":false,"campfire_upgraded":1,"win_rate":0,"timestamp":1564349346,"path_taken":["M","M","M","$","?","E","M","E","T","M","R","E","M","M","R","BOSS","M","?","M","M","M"],"build_version":"2019-07-17","purchased_purges":0,"victory":false,"max_hp_per_floor":[71,71,71,71,71,71,71,71,71,73,73,82,84,84,84,84,84,86,86,88,90,90],"card_choices":[{"not_picked":["Rebound","White Noise"],"picked":"Darkness","floor":1.0},{"not_picked":["Ball Lightning","Conserve Battery"],"picked":"Rebound","floor":2.0},{"not_picked":["BootSequence","Steam"],"picked":"Ball Lightning","floor":3.0},{"not_picked":["Force Field","Reprogram"],"picked":"Go for the Eyes","floor":6.0},{"not_picked":["Cold Snap","Stack"],"picked":"Redo","floor":7.0},{"not_picked":["Turbo","Auto Shields"],"picked":"Conserve Battery","floor":8.0},{"not_picked":["Go for the Eyes","Sweeping Beam","Rip and Tear"],"picked":"Singing Bowl","floor":10.0},{"not_picked":["Barrage","Hologram","Scrape"],"picked":"Singing Bowl","floor":12.0},{"not_picked":["Turbo","Self Repair","Go for the Eyes"],"picked":"Singing Bowl","floor":13.0},{"not_picked":["Static Discharge","Hello World"],"picked":"Multi-Cast","floor":14.0},{"not_picked":["Hyperbeam","Amplify"],"picked":"Seek","floor":16},{"not_picked":["Gash","Go for the Eyes","Stack"],"picked":"Singing Bowl","floor":18},{"not_picked":["Hologram","Hello World","Compile Driver"],"picked":"Singing Bowl","floor":20},{"not_picked":["Hologram","Conserve Battery","Sweeping Beam"],"picked":"Singing Bowl","floor":21}],"player_experience":1639756,"relics_obtained":[{"floor":6.0,"key":"Singing Bowl"},{"floor":8.0,"key":"Dodecahedron"},{"floor":9.0,"key":"DataDisk"},{"floor":12.0,"key":"Strawberry"}],"event_choices":[{"damage_healed":0.0,"max_hp_gain":0.0,"max_hp_loss":0.0,"gold_gain":0.0,"event_name":"Liars Game","player_choice":"Ignored","floor":5.0,"gold_loss":0.0,"damage_taken":0.0},{"damage_healed":0,"gold_gain":0,"player_choice":"Joined the Cult","damage_taken":6,"max_hp_gain":0,"max_hp_loss":0,"event_name":"Nest","floor":19,"gold_loss":0,"cards_obtained":["RitualDagger"]}],"is_beta":false,"boss_relics":[{"not_picked":["Lizard Tail","Nuclear Battery"],"picked":"Sozu"}],"items_purged_floors":[],"is_endless":false,"potions_floor_spawned":[2,3,10,14,16,18],"killed_by":"Shelled Parasite and Fungi","ascension_level":19}