{"gold_per_floor":[118,83,98,98,19,50,50,77,130,130,130,141,175,190,190,295,295,305,316,316,330,344,344,359,359,359,7,7,7,7,42,42,42],"floor_reached":33,"playtime":1816,"items_purged":["Writhe"],"score":368,"play_id":"b2f9c985-3b52-4c8e-b6a3-92052cdc4829","local_time":"20190521184545","is_ascension_mode":true,"campfire_choices":[{"floor":7,"key":"REST"},{"floor":10,"key":"REST"},{"floor":15,"key":"REST"},{"data":"Neutralize","floor":23,"key":"SMITH"},{"floor":28,"key":"REST"},{"data":"Survivor","floor":32,"key":"SMITH"}],"neow_cost":"PERCENT_DAMAGE","seed_source_timestamp":28938447448770,"circlet_count":0,"master_deck":["Defend_G+1","Defend_G+1","Defend_G+1","Defend_G+1","Defend_G+1","Strike_G+1","Strike_G+1","Strike_G+1","Strike_G+1","Survivor+1","Neutralize+1","PiercingWail","Skewer","Caltrops","After Image","Reflex","Backstab","Cloak And Dagger","Deadly Poison","Die Die Die","Poisoned Stab+1","A Thousand Cuts","Prepared","Masterful Stab","Setup+1","Infinite Blades","Decay","Sucker Punch+1"],"relics":["Ring of the Snake","Regal Pillow","Letter Opener","Tough Bandages","Oddly Smooth Stone","Vajra","Eternal Feather","Ancient Tea Set","Happy Flower","Snake Skull","Calipers"],"potions_floor_usage":[13,18,22,31,33,33],"damage_taken":[{"damage":4,"enemies":"Jaw Worm","floor":1,"turns":4},{"damage":10,"enemies":"Small Slimes","floor":3,"turns":5},{"damage":62,"enemies":"Gremlin Nob","floor":6,"turns":6},{"damage":34,"enemies":"3 Sentries","floor":8,"turns":13},{"damage":7,"enemies":"2 Louse","floor":12,"turns":3},{"damage":19,"enemies":"Gremlin Nob","floor":13,"turns":5},{"damage":0,"enemies":"Red Slaver","floor":14,"turns":3},{"damage":21,"enemies":"The Guardian","floor":16,"turns":13},{"damage":18,"enemies":"2 Thieves","floor":18,"turns":4},{"damage":3,"enemies":"Shell Parasite","floor":19,"turns":7},{"damage":28,"enemies":"Snake Plant","floor":21,"turns":5},{"damage":5,"enemies":"Centurion and Healer","floor":22,"turns":12},{"damage":27,"enemies":"Cultist and Chosen","floor":24,"turns":7},{"damage":40,"enemies":"Gremlin Leader","floor":31,"turns":6},{"damage":69,"enemies":"Automaton","floor":33,"turns":12}],"seed_played":"6102590602153355566","potions_obtained":[{"floor":12,"key":"Strength Potion"},{"floor":13,"key":"Strength Potion"},{"floor":16,"key":"Strength Potion"},{"floor":21,"key":"Block Potion"},{"floor":22,"key":"LiquidBronze"}],"is_trial":false,"path_per_floor":["M","?","M","?","$","E","R","E","T","R","?","M","E","M","R","B",null,"M","M","?","M","M","R","M","?","T","$","R","?","?","E","R","B"],"character_chosen":"THE_SILENT","items_purchased":["Caltrops","Snake Skull","Infinite Blades","Dexterity Potion"],"campfire_rested":4,"item_purchase_floors":[5,27,27,27],"current_hp_per_floor":[55,76,66,63,63,1,41,7,7,47,47,40,21,21,61,40,73,55,52,80,52,47,59,32,32,32,32,84,84,84,44,59,0],"gold":42,"neow_bonus":"TWENTY_PERCENT_HP_BONUS","is_prod":false,"is_daily":false,"chose_seed":false,"campfire_upgraded":2,"win_rate":0,"timestamp":1558428345,"path_taken":["M","?","M","?","$","E","R","E","T","R","?","M","E","M","R","BOSS","M","M","?","M","M","R","M","?","T","$","R","?","?","E","R","BOSS"],"build_version":"2019-01-23","purchased_purges":1,"victory":false,"max_hp_per_floor":[84,84,84,84,84,84,84,84,84,84,84,84,84,84,84,84,84,84,84,84,84,84,84,84,84,84,84,84,84,84,84,84,84],"card_choices":[{"not_picked":["Sucker Punch","Underhanded Strike"],"picked":"PiercingWail","floor":1},{"not_picked":["Bane","Sucker Punch"],"picked":"Skewer","floor":3},{"not_picked":["Wraith Form v2","Crippling Poison"],"picked":"After Image","floor":6},{"not_picked":["Underhanded Strike","Acrobatics"],"picked":"Reflex","floor":8},{"not_picked":["Poisoned Stab","Blade Dance"],"picked":"Backstab","floor":12},{"not_picked":["Noxious Fumes","Reflex"],"picked":"Cloak And Dagger","floor":13},{"not_picked":["Predator","Acrobatics"],"picked":"Deadly Poison","floor":14},{"not_picked":["Bullet Time","Glass Knife"],"picked":"Die Die Die","floor":16},{"not_picked":["Footwork","Deadly Poison"],"picked":"Poisoned Stab+1","floor":18},{"not_picked":["Outmaneuver","PiercingWail"],"picked":"A Thousand Cuts","floor":19},{"not_picked":["Acrobatics","Choke"],"picked":"Prepared","floor":21},{"not_picked":["Deflect","Accuracy"],"picked":"Masterful Stab","floor":22},{"not_picked":["Slice+1","Eviscerate"],"picked":"Setup+1","floor":24},{"not_picked":["Slice+1","Bane"],"picked":"Sucker Punch+1","floor":31}],"player_experience":687802,"relics_obtained":[{"floor":6,"key":"Letter Opener"},{"floor":8,"key":"Tough Bandages"},{"floor":9,"key":"Oddly Smooth Stone"},{"floor":13,"key":"Vajra"},{"floor":26,"key":"Happy Flower"},{"floor":31,"key":"Calipers"}],"event_choices":[{"damage_healed":21,"gold_gain":0,"player_choice":"Healed","damage_taken":0,"max_hp_gain":0,"max_hp_loss":0,"event_name":"The Cleric","floor":2,"gold_loss":35},{"damage_healed":0,"gold_gain":0,"player_choice":"Success","damage_taken":3,"relics_obtained":["Regal Pillow"],"max_hp_gain":0,"max_hp_loss":0,"event_name":"Scrap Ooze","floor":4,"gold_loss":0},{"cards_removed":["Strike_G"],"damage_healed":0,"gold_gain":0,"player_choice":"Purged","damage_taken":0,"max_hp_gain":0,"max_hp_loss":0,"event_name":"Purifier","floor":11,"gold_loss":0},{"damage_healed":28,"gold_gain":0,"player_choice":"Heal","damage_taken":0,"max_hp_gain":0,"max_hp_loss":0,"event_name":"The Library","floor":20,"gold_loss":0},{"damage_healed":0,"gold_gain":0,"player_choice":"Opened","damage_taken":0,"relics_obtained":["Ancient Tea Set"],"max_hp_gain":0,"max_hp_loss":0,"event_name":"The Mausoleum","floor":25,"gold_loss":0,"cards_obtained":["Writhe"]},{"damage_healed":0,"gold_gain":0,"player_choice":"Simplicity","damage_taken":0,"max_hp_gain":0,"max_hp_loss":0,"event_name":"Back to Basics","floor":29,"gold_loss":0,"cards_upgraded":["Defend_G","Defend_G","Defend_G","Defend_G","Defend_G","Strike_G","Strike_G","Strike_G","Strike_G"]},{"damage_healed":0,"gold_gain":0,"player_choice":"Smashed Altar","damage_taken":0,"max_hp_gain":0,"max_hp_loss":0,"event_name":"Forgotten Altar","floor":30,"gold_loss":0,"cards_obtained":["Decay"]}],"is_beta":false,"boss_relics":[{"not_picked":["White Beast Statue","HoveringKite"],"picked":"Eternal Feather"}],"items_purged_floors":[27],"is_endless":false,"potions_floor_spawned":[12,13,16,21,22],"killed_by":"Automaton","ascension_level":6}