{"gold_per_floor":[114,114,124,143,161,196,196,223,223,234,234,14,14,14],"floor_reached":14,"playtime":471,"items_purged":[],"score":200,"play_id":"eaf2a851-34c2-4167-b4d5-db111ead5c23","local_time":"20190810180134","is_ascension_mode":true,"campfire_choices":[{"data":"Streamline","floor":7.0,"key":"SMITH"},{"data":"Go for the Eyes","floor":11.0,"key":"SMITH"}],"neow_cost":"NONE","seed_source_timestamp":1218979627941598,"circlet_count":0,"master_deck":["AscendersBane","Strike_B","Strike_B","Strike_B+1","Strike_B","Defend_B","Defend_B","Defend_B+1","Defend_B","Zap+1","Dualcast","Sweeping Beam","Go for the Eyes+1","Sunder","Cold Snap","Streamline+1","Core Surge","Chill"],"special_seed":0,"relics":["Cracked Core","Cables","Regal Pillow","Omamori","Membership Card"],"potions_floor_usage":[14,14],"damage_taken":[{"damage":4.0,"enemies":"2 Louse","floor":1.0,"turns":2.0},{"damage":1.0,"enemies":"Cultist","floor":3.0,"turns":3.0},{"damage":0.0,"enemies":"Jaw Worm","floor":4.0,"turns":3.0},{"damage":2.0,"enemies":"2 Fungi Beasts","floor":5.0,"turns":3.0},{"damage":21.0,"enemies":"3 Sentries","floor":6.0,"turns":6.0},{"damage":17.0,"enemies":"Lagavulin","floor":8.0,"turns":6.0},{"damage":0.0,"enemies":"Large Slime","floor":10.0,"turns":3.0},{"damage":5,"enemies":"Gremlin Gang","floor":14,"turns":1}],"seed_played":"2020080757272749069","potions_obtained":[{"floor":3.0,"key":"EssenceOfSteel"},{"floor":6.0,"key":"Strength Potion"},{"floor":8.0,"key":"Strength Potion"},{"floor":10.0,"key":"AttackPotion"}],"is_trial":false,"path_per_floor":["M","?","M","M","M","E","R","E","T","M","R","$","?","M"],"character_chosen":"DEFECT","items_purchased":["Membership Card"],"campfire_rested":0,"item_purchase_floors":[12],"current_hp_per_floor":[67,67,66,66,64,43,43,26,26,26,26,26,3,0],"gold":14,"neow_bonus":"TEN_PERCENT_HP_BONUS","is_prod":false,"is_daily":false,"chose_seed":false,"campfire_upgraded":2,"win_rate":0,"timestamp":1565474494,"path_taken":["M","?","M","M","M","E","R","E","T","?","R","$","?","M"],"build_version":"2019-07-17","purchased_purges":0,"victory":false,"max_hp_per_floor":[78,78,78,78,78,78,78,78,78,78,78,78,78,78],"card_choices":[{"not_picked":["Gash","Steam"],"picked":"Sweeping Beam","floor":1.0},{"not_picked":["Hologram","White Noise"],"picked":"Go for the Eyes","floor":3.0},{"not_picked":["Force Field","Streamline"],"picked":"Sunder","floor":4.0},{"not_picked":["Hello World","Scrape"],"picked":"Cold Snap","floor":5.0},{"not_picked":["Barrage","Go for the Eyes"],"picked":"Streamline","floor":6.0},{"not_picked":["Redo","FTL"],"picked":"Core Surge","floor":8.0},{"not_picked":["Go for the Eyes","Compile Driver"],"picked":"Chill","floor":10.0}],"player_experience":1774771,"relics_obtained":[{"floor":6.0,"key":"Cables"},{"floor":8.0,"key":"Regal Pillow"},{"floor":9.0,"key":"Omamori"}],"event_choices":[{"damage_healed":0.0,"max_hp_gain":0.0,"max_hp_loss":0.0,"gold_gain":0.0,"event_name":"Accursed Blacksmith","player_choice":"Forge","floor":2.0,"gold_loss":0.0,"damage_taken":0.0,"cards_upgraded":["Zap"]},{"damage_healed":0.0,"max_hp_gain":0.0,"max_hp_loss":0.0,"gold_gain":0.0,"event_name":"Shining Light","player_choice":"Entered Light","floor":13.0,"gold_loss":0.0,"damage_taken":23.0,"cards_upgraded":["Defend_B","Strike_B"]}],"is_beta":false,"boss_relics":[],"items_purged_floors":[],"is_endless":false,"potions_floor_spawned":[3,6,8,10],"killed_by":"Gremlin Gang","ascension_level":20}