{"gold_per_floor":[361,636,87,100,0,0,13,13,63,95,115,128,128,138,138,217,217,229,245,262,177,177,177,207,227,227,227,246,246,246],"floor_reached":30,"playtime":1148,"items_purged":["Regret","Doubt"],"score":479,"play_id":"89828d8d-e042-4811-9a4e-33c78f6e94ec","local_time":"20190826203848","is_ascension_mode":true,"campfire_choices":[{"data":"Neutralize","floor":6.0,"key":"SMITH"},{"data":"Infinite Blades","floor":8.0,"key":"SMITH"},{"floor":13.0,"key":"REST"},{"floor":15.0,"key":"REST"},{"data":"Sucker Punch","floor":23.0,"key":"SMITH"},{"floor":27.0,"key":"REST"}],"neow_cost":"CURSE","seed_source_timestamp":42345299432096,"circlet_count":0,"master_deck":["AscendersBane","Strike_G","Strike_G","Strike_G","Strike_G","Strike_G","Defend_G","Defend_G","Defend_G+1","Defend_G","Defend_G","Survivor","Neutralize+1","Dagger Spray","Backflip+1","Dagger Throw","Infinite Blades+1","PiercingWail","Escape Plan","Backflip","PiercingWail","Corpse Explosion","Poisoned Stab+1","Sucker Punch+1","Malaise","Deadly Poison+1","Acrobatics+1","Footwork","Malaise+1"],"special_seed":0,"relics":["Ring of the Snake","PreservedInsect","Bronze Scales","War Paint","Mercury Hourglass","Black Star","Toxic Egg 2","Omamori","Regal Pillow","Gremlin Horn"],"potions_floor_usage":[],"damage_taken":[{"damage":13.0,"enemies":"Small Slimes","floor":1.0,"turns":4.0},{"damage":1.0,"enemies":"Cultist","floor":4.0,"turns":3.0},{"damage":0.0,"enemies":"Jaw Worm","floor":7.0,"turns":3.0},{"damage":11.0,"enemies":"3 Sentries","floor":10.0,"turns":6.0},{"damage":11.0,"enemies":"Red Slaver","floor":11.0,"turns":4.0},{"damage":3.0,"enemies":"Looter","floor":12.0,"turns":3.0},{"damage":3.0,"enemies":"Exordium Thugs","floor":14.0,"turns":4.0},{"damage":5.0,"enemies":"Hexaghost","floor":16.0,"turns":11.0},{"damage":0.0,"enemies":"3 Byrds","floor":18.0,"turns":3.0},{"damage":9.0,"enemies":"2 Thieves","floor":19.0,"turns":2.0},{"damage":3.0,"enemies":"Chosen and Byrds","floor":20.0,"turns":5.0},{"damage":11.0,"enemies":"Slavers","floor":24.0,"turns":2.0},{"damage":11.0,"enemies":"Shelled Parasite and Fungi","floor":25.0,"turns":6.0},{"damage":51.0,"enemies":"Snecko","floor":28.0,"turns":9.0},{"damage":8,"enemies":"Sentry and Sphere","floor":30,"turns":2}],"seed_played":"742220088137738423","potions_obtained":[{"floor":4.0,"key":"Fire Potion"},{"floor":7.0,"key":"GamblersBrew"},{"floor":14.0,"key":"SkillPotion"},{"floor":20.0,"key":"AttackPotion"},{"floor":24.0,"key":"AttackPotion"}],"is_trial":false,"path_per_floor":["M","?","$","M","$","R","M","R","T","E","M","M","R","M","R","B",null,"M","M","M","?","?","R","E","M","T","R","M","?","M"],"character_chosen":"THE_SILENT","items_purchased":["PreservedInsect","Backflip","Dagger Throw","Bronze Scales","Infinite Blades"],"campfire_rested":3,"item_purchase_floors":[3,3,3,3,3],"current_hp_per_floor":[46,46,46,45,45,45,45,45,45,34,23,20,39,36,55,50,62,62,53,50,50,44,44,33,22,22,56,5,5,0],"gold":246,"neow_bonus":"TWO_FIFTY_GOLD","is_prod":false,"is_daily":false,"chose_seed":false,"campfire_upgraded":3,"win_rate":0,"timestamp":1566815928,"path_taken":["M","?","$","?","?","R","M","R","T","E","M","M","R","M","R","BOSS","M","?","M","?","?","R","E","M","T","R","?","?","M"],"build_version":"2019-07-17","purchased_purges":2,"victory":false,"max_hp_per_floor":[66,66,66,66,66,66,66,66,66,66,66,66,66,66,66,66,66,66,66,66,66,66,66,66,66,66,66,66,66,66],"card_choices":[{"not_picked":["Flying Knee","Quick Slash"],"picked":"Dagger Spray","floor":1.0},{"not_picked":["Dagger Throw","Backflip"],"picked":"PiercingWail","floor":4.0},{"not_picked":["Blade Dance","Underhanded Strike"],"picked":"Escape Plan","floor":7.0},{"not_picked":["Slice","Deflect"],"picked":"Backflip","floor":10.0},{"not_picked":["Bane","Backflip"],"picked":"PiercingWail","floor":11.0},{"not_picked":["All Out Attack","Catalyst","Slice"],"picked":"SKIP","floor":12.0},{"not_picked":["Bane","Outmaneuver","Glass Knife"],"picked":"SKIP","floor":14.0},{"not_picked":["Bullet Time","A Thousand Cuts"],"picked":"Corpse Explosion","floor":16.0},{"not_picked":["Flechettes","Cloak And Dagger"],"picked":"Poisoned Stab+1","floor":18.0},{"not_picked":["Dodge and Roll","Prepared"],"picked":"Sucker Punch","floor":19.0},{"not_picked":["Dagger Spray","Poisoned Stab"],"picked":"Malaise","floor":20.0},{"not_picked":["Dagger Throw","Choke+1"],"picked":"Deadly Poison+1","floor":24.0},{"not_picked":["Outmaneuver+1","Prepared+1"],"picked":"Acrobatics+1","floor":25.0},{"not_picked":["Deflect+1","Quick Slash"],"picked":"Footwork","floor":28.0}],"player_experience":1223749,"relics_obtained":[{"floor":9.0,"key":"War Paint"},{"floor":10.0,"key":"Mercury Hourglass"},{"floor":24.0,"key":"Omamori"},{"floor":24.0,"key":"Regal Pillow"},{"floor":26.0,"key":"Gremlin Horn"}],"event_choices":[{"damage_healed":0.0,"max_hp_gain":0.0,"max_hp_loss":0.0,"gold_gain":275.0,"event_name":"Golden Shrine","player_choice":"Desecrate","floor":2.0,"gold_loss":0.0,"damage_taken":0.0,"cards_obtained":["Regret"]},{"damage_healed":0.0,"max_hp_gain":0.0,"max_hp_loss":0.0,"gold_gain":0.0,"event_name":"Addict","player_choice":"Obtained Relic","floor":21.0,"gold_loss":85.0,"damage_taken":0.0,"relics_obtained":["Toxic Egg 2"]},{"damage_healed":0.0,"max_hp_gain":0.0,"max_hp_loss":0.0,"gold_gain":0.0,"event_name":"Knowing Skull","player_choice":"","floor":22.0,"potions_obtained":[],"gold_loss":0.0,"damage_taken":6.0,"cards_obtained":[]},{"damage_healed":0.0,"max_hp_gain":0.0,"max_hp_loss":0.0,"gold_gain":0.0,"event_name":"Duplicator","player_choice":"Copied","floor":29.0,"gold_loss":0.0,"damage_taken":0.0,"cards_obtained":["Malaise"]}],"is_beta":false,"boss_relics":[{"not_picked":["Coffee Dripper","White Beast Statue"],"picked":"Black Star"}],"items_purged_floors":[3,5],"is_endless":false,"potions_floor_spawned":[4,7,14,20,24],"killed_by":"Sentry and Sphere","ascension_level":18}