{"gold_per_floor":[119,44,44,60,75,108,120,147,227,239,251,263],"floor_reached":12,"playtime":515,"items_purged":[],"score":112,"play_id":"d786368a-c0c7-4af5-8f42-1f12574ffabc","local_time":"20180814002255","is_ascension_mode":true,"campfire_choices":[{"floor":10,"key":"REST"}],"neow_cost":"NONE","seed_source_timestamp":2870131902822694,"circlet_count":0,"master_deck":["Defend_G","Defend_G","Defend_G","Defend_G","Defend_G","Strike_G","Strike_G","Strike_G","Strike_G","Strike_G","Survivor","Neutralize","PiercingWail","Footwork","Bane","Riddle With Holes","Dodge and Roll"],"relics":["Velvet Choker","Golden Idol","MawBank","Question Card"],"potions_floor_usage":[6,7],"damage_taken":[{"damage":0,"enemies":"Jaw Worm","floor":1,"turns":5},{"damage":0,"enemies":"Small Slimes","floor":4,"turns":5},{"damage":2,"enemies":"2 Louse","floor":5,"turns":3},{"damage":51,"enemies":"Lagavulin","floor":6,"turns":12},{"damage":0,"enemies":"Gremlin Gang","floor":7,"turns":1},{"damage":6,"enemies":"Large Slime","floor":8,"turns":8},{"damage":29,"enemies":"Gremlin Nob","floor":12,"turns":4}],"seed_played":"-5387391241690868062","potions_obtained":[{"floor":4,"key":"SpeedPotion"},{"floor":5,"key":"SmokeBomb"}],"is_trial":false,"path_per_floor":["M","$","?","M","M","E","M","M","T","R","?"],"character_chosen":"THE_SILENT","items_purchased":["Footwork"],"campfire_rested":1,"item_purchase_floors":[2],"current_hp_per_floor":[63,63,63,63,61,10,10,4,4,23,23,0],"gold":263,"neow_bonus":"BOSS_RELIC","is_prod":false,"is_daily":false,"chose_seed":false,"campfire_upgraded":0,"win_rate":0,"timestamp":1534220575,"path_taken":["M","$","?","M","M","E","M","M","T","R","?","E"],"build_version":"2018-08-09","purchased_purges":0,"victory":false,"max_hp_per_floor":[70,70,65,65,65,65,65,65,65,65,65,65],"card_choices":[{"not_picked":["Blade Dance","Acrobatics"],"picked":"PiercingWail","floor":1},{"not_picked":["Noxious Fumes","Heel Hook"],"picked":"Bane","floor":4},{"not_picked":["Prepared","Flying Knee"],"picked":"Riddle With Holes","floor":5},{"not_picked":["Riddle With Holes","Blade Dance"],"picked":"Dodge and Roll","floor":6},{"not_picked":["Acrobatics","Reflex","Heel Hook"],"picked":"SKIP","floor":8}],"player_experience":439457,"relics_obtained":[{"floor":6,"key":"MawBank"},{"floor":9,"key":"Question Card"}],"event_choices":[{"event_name":"Golden Idol","player_choice":"Lose Max HP","floor":3,"damage_taken":0},{"event_name":"Liars Game","player_choice":"disagreed","floor":11,"damage_taken":0}],"is_beta":false,"boss_relics":[],"items_purged_floors":[],"is_endless":false,"potions_floor_spawned":[4,5],"killed_by":"Gremlin Nob","ascension_level":8}