{"gold_per_floor":[115,290,303,318,318,318,645,662,739,749,749,760,773,786,786,889,889,907,147,157,157,157,169,188,188,188,188],"floor_reached":27,"playtime":1435,"items_purged":[],"score":221,"play_id":"e8e92f95-d835-4b0e-86ba-1ea6d4a949d2","local_time":"20190327140633","is_ascension_mode":false,"campfire_choices":[{"floor":6,"key":"REST"},{"floor":11,"key":"REST"},{"floor":15,"key":"REST"}],"neow_cost":"PERCENT_DAMAGE","seed_source_timestamp":11937272098102,"circlet_count":0,"master_deck":["Strike_R","Strike_R","Strike_R","Strike_R","Strike_R","Defend_R","Defend_R","Defend_R","Defend_R","Bash","Berserk","Entrench","Twin Strike","Perfected Strike","Anger","Wild Strike","Pommel Strike","Heavy Blade","Twin Strike","Demon Form","Shockwave","Shrug It Off","Mind Blast","Anger","Thunderclap+1","Sword Boomerang+1","Infernal Blade"],"relics":["Black Blood","Old Coin","Frozen Egg 2","DollysMirror","Bronze Scales","Orichalcum","Matryoshka"],"potions_floor_usage":[7,10,13,21,24,27],"damage_taken":[{"damage":7,"enemies":"Small Slimes","floor":1,"turns":4},{"damage":5,"enemies":"2 Louse","floor":3,"turns":5},{"damage":8,"enemies":"Cultist","floor":4,"turns":4},{"damage":61,"enemies":"3 Sentries","floor":7,"turns":13},{"damage":11,"enemies":"3 Louse","floor":8,"turns":4},{"damage":10,"enemies":"Gremlin Gang","floor":10,"turns":5},{"damage":0,"enemies":"Exordium Wildlife","floor":12,"turns":3},{"damage":0,"enemies":"3 Louse","floor":13,"turns":3},{"damage":15,"enemies":"Looter","floor":14,"turns":3},{"damage":5,"enemies":"Slime Boss","floor":16,"turns":10},{"damage":53,"enemies":"Shell Parasite","floor":18,"turns":8},{"damage":0,"enemies":"Chosen","floor":20,"turns":4},{"damage":26,"enemies":"Sentry and Sphere","floor":21,"turns":5},{"damage":27,"enemies":"Shelled Parasite and Fungi","floor":23,"turns":6},{"damage":3,"enemies":"Snecko","floor":24,"turns":4},{"damage":55,"enemies":"Slavers","floor":27,"turns":3}],"seed_played":"-8644932928745782824","potions_obtained":[{"floor":1,"key":"Regen Potion"},{"floor":7,"key":"Poison Potion"},{"floor":12,"key":"Energy Potion"},{"floor":14,"key":"SmokeBomb"},{"floor":23,"key":"Block Potion"},{"floor":24,"key":"BloodPotion"}],"is_trial":false,"path_per_floor":["M","?","M","M","?","R","E","M","T","M","R","M","M","M","R","B",null,"M","$","M","M","?","M","M","?","T","E"],"character_chosen":"IRONCLAD","items_purchased":["Frozen Egg 2","Shrug It Off","Mind Blast","DollysMirror","Bronze Scales"],"campfire_rested":3,"item_purchase_floors":[19,19,19,19,19],"current_hp_per_floor":[55,55,56,54,54,78,38,33,33,29,53,59,65,56,80,80,80,37,37,47,31,31,14,21,47,47,0],"gold":188,"neow_bonus":"THREE_RARE_CARDS","is_prod":false,"is_daily":false,"chose_seed":false,"campfire_upgraded":0,"win_rate":0,"timestamp":1553659593,"path_taken":["M","?","M","M","?","R","E","M","T","M","R","M","M","?","R","BOSS","M","$","M","M","?","M","?","?","T","E"],"build_version":"2019-01-23","purchased_purges":0,"victory":false,"max_hp_per_floor":[80,80,80,80,80,80,80,80,80,80,80,80,80,80,80,80,80,80,80,80,80,80,80,80,80,80,80],"card_choices":[{"not_picked":["Immolate","Limit Break"],"picked":"Berserk","floor":0},{"not_picked":["Evolve","Whirlwind"],"picked":"Entrench","floor":1},{"not_picked":["Intimidate","Clothesline"],"picked":"Twin Strike","floor":3},{"not_picked":["Seeing Red","Warcry"],"picked":"Perfected Strike","floor":4},{"not_picked":["Ghostly Armor","Bloodletting"],"picked":"Anger","floor":7},{"not_picked":["Reaper","Second Wind"],"picked":"Wild Strike","floor":8},{"not_picked":["Blood for Blood","Headbutt"],"picked":"Pommel Strike","floor":10},{"not_picked":["Searing Blow","Headbutt"],"picked":"Wild Strike","floor":12},{"not_picked":["Shockwave","Headbutt"],"picked":"Heavy Blade","floor":13},{"not_picked":["Body Slam","Wild Strike"],"picked":"Twin Strike","floor":14},{"not_picked":["Impervious","Immolate"],"picked":"Demon Form","floor":16},{"not_picked":["True Grit","Warcry"],"picked":"Shockwave","floor":18},{"not_picked":["Iron Wave","Havoc+1"],"picked":"Thunderclap+1","floor":20},{"not_picked":["True Grit","Wild Strike+1"],"picked":"Sword Boomerang+1","floor":23},{"not_picked":["Dropkick","Combust+1"],"picked":"Infernal Blade","floor":24}],"player_experience":188072,"relics_obtained":[{"floor":7,"key":"Old Coin"},{"floor":26,"key":"Matryoshka"}],"event_choices":[{"damage_healed":0,"gold_gain":175,"player_choice":"AGREE","damage_taken":0,"max_hp_gain":0,"max_hp_loss":0,"event_name":"Liars Game","floor":2,"gold_loss":0,"cards_obtained":["Doubt"]},{"cards_removed":["Doubt"],"damage_healed":0,"gold_gain":0,"player_choice":"Removed Curses","damage_taken":0,"max_hp_gain":0,"max_hp_loss":0,"event_name":"Fountain of Cleansing","floor":5,"gold_loss":0},{"cards_removed":["Wild Strike"],"damage_healed":0,"gold_gain":0,"player_choice":"Gave Card","damage_taken":0,"relics_obtained":["Orichalcum"],"max_hp_gain":0,"max_hp_loss":0,"event_name":"WeMeetAgain","floor":22,"gold_loss":0},{"damage_healed":26,"gold_gain":0,"player_choice":"Heal","damage_taken":0,"max_hp_gain":0,"max_hp_loss":0,"event_name":"The Library","floor":25,"gold_loss":0}],"is_beta":false,"boss_relics":[{"not_picked":["Velvet Choker","Tiny House"],"picked":"Black Blood"}],"items_purged_floors":[],"is_endless":false,"potions_floor_spawned":[1,7,12,14,21,23,24],"killed_by":"Slavers","ascension_level":0}