{"gold_per_floor":[111,111,129,204,218,250,56,56,56,56,88,100,128,146,146,220,220,175,175,175,175,100,100,100,100,100,100,100,100,100,100,100,100,100,100,100,100,100,100,100,100,100],"floor_reached":42,"playtime":2628,"items_purged":["Strike_G"],"score":890,"play_id":"42a56202-d1f4-49c2-aed5-bba947a330b7","local_time":"20181222000226","is_ascension_mode":true,"campfire_choices":[{"data":"Infinite Blades","floor":8.0,"key":"SMITH"},{"floor":10.0,"key":"REST"},{"floor":15.0,"key":"REST"},{"floor":25.0,"key":"REST"},{"data":"Accuracy","floor":30.0,"key":"SMITH"},{"data":"Accuracy","floor":32.0,"key":"SMITH"},{"floor":40.0,"key":"RECALL"}],"neow_cost":"NONE","seed_source_timestamp":79781364616517,"circlet_count":0,"master_deck":["AscendersBane","Defend_G","Defend_G","Defend_G","Defend_G","Defend_G","Strike_G","Survivor","Neutralize+1","Riddle With Holes","Deadly Poison","Infinite Blades+1","Accuracy+1","Blade Dance","Accuracy+1","Adrenaline","Leg Sweep","RitualDagger+1","Ghostly","Ghostly","Ghostly","Ghostly","Ghostly","Cloak And Dagger","Phantasmal Killer","Cloak And Dagger+1","Writhe","Distraction+1"],"special_seed":0,"relics":["Runic Pyramid","Question Card","Tiny Chest","Mercury Hourglass","Pen Nib","Pocketwatch","Ectoplasm","Dream Catcher","Pear","Oddly Smooth Stone","Empty Cage"],"potions_floor_usage":[41],"damage_taken":[{"damage":2.0,"enemies":"Jaw Worm","floor":1.0,"turns":4.0},{"damage":0.0,"enemies":"Small Slimes","floor":3.0,"turns":4.0},{"damage":0.0,"enemies":"Cultist","floor":5.0,"turns":4.0},{"damage":17.0,"enemies":"3 Sentries","floor":6.0,"turns":8.0},{"damage":19.0,"enemies":"Gremlin Nob","floor":11.0,"turns":4.0},{"damage":1.0,"enemies":"Looter","floor":12.0,"turns":3.0},{"damage":5.0,"enemies":"3 Sentries","floor":13.0,"turns":4.0},{"damage":0.0,"enemies":"Blue Slaver","floor":14.0,"turns":3.0},{"damage":2.0,"enemies":"The Guardian","floor":16.0,"turns":9.0},{"damage":23.0,"enemies":"2 Thieves","floor":18.0,"turns":3.0},{"damage":14.0,"enemies":"3 Byrds","floor":21.0,"turns":5.0},{"damage":15.0,"enemies":"Slavers","floor":23.0,"turns":7.0},{"damage":0.0,"enemies":"Centurion and Healer","floor":24.0,"turns":6.0},{"damage":2.0,"enemies":"Chosen and Byrds","floor":28.0,"turns":6.0},{"damage":0.0,"enemies":"Gremlin Leader","floor":29.0,"turns":8.0},{"damage":0.0,"enemies":"Sentry and Sphere","floor":31.0,"turns":5.0},{"damage":7.0,"enemies":"Collector","floor":33.0,"turns":10.0},{"damage":2.0,"enemies":"3 Shapes","floor":35.0,"turns":4.0},{"damage":1.0,"enemies":"Orb Walker","floor":37.0,"turns":3.0},{"damage":21,"enemies":"Reptomancer","floor":41,"turns":6},{"damage":34,"enemies":"4 Shapes","floor":42,"turns":3}],"seed_played":"-8897730473804931171","potions_obtained":[{"floor":3.0,"key":"Explosive Potion"},{"floor":5.0,"key":"Ancient Potion"},{"floor":11.0,"key":"SteroidPotion"},{"floor":12.0,"key":"SpeedPotion"},{"floor":13.0,"key":"Poison Potion"},{"floor":18.0,"key":"Dexterity Potion"},{"floor":23.0,"key":"Fire Potion"},{"floor":24.0,"key":"Weak Potion"},{"floor":31.0,"key":"PowerPotion"},{"floor":35.0,"key":"Dexterity Potion"}],"is_trial":false,"path_per_floor":["M","?","M","?","M","E","$","R","T","R","E","M","E","M","R","B",null,"M","?","?","M","?","E","M","R","T","?","M","E","R","M","R","B",null,"M","?","M","?","T","R","E","M"],"character_chosen":"THE_SILENT","items_purchased":["Tiny Chest"],"campfire_rested":3,"item_purchase_floors":[7],"current_hp_per_floor":[57,57,57,46,46,29,29,29,29,48,29,28,23,23,42,40,60,37,31,31,17,17,2,2,11,21,21,19,19,19,19,19,12,35,33,33,32,43,43,43,22,0],"gold":100,"neow_bonus":"BOSS_RELIC","is_prod":false,"is_daily":false,"chose_seed":false,"campfire_upgraded":3,"win_rate":0,"timestamp":1545454946,"path_taken":["M","?","M","?","M","E","$","R","T","R","E","?","E","M","R","BOSS","M","?","?","M","?","E","M","R","T","?","M","E","R","M","R","BOSS","M","?","?","?","?","R","E","M"],"build_version":"2018-12-20","purchased_purges":1,"victory":false,"max_hp_per_floor":[66,66,66,66,66,66,66,66,66,66,66,66,66,66,66,66,66,66,66,33,33,33,33,33,33,43,43,43,43,43,43,43,43,43,43,43,43,43,43,43,43,43],"card_choices":[{"not_picked":["Bane","Blur"],"picked":"Riddle With Holes","floor":1.0},{"not_picked":["Noxious Fumes","Prepared"],"picked":"Deadly Poison","floor":3.0},{"not_picked":["Dodge and Roll","Concentrate"],"picked":"Infinite Blades","floor":5.0},{"not_picked":["Dagger Throw","Concentrate"],"picked":"Accuracy","floor":6.0},{"not_picked":["Flying Knee","Catalyst","Deadly Poison"],"picked":"Blade Dance","floor":11.0},{"not_picked":["Setup","Malaise","Expertise","Quick Slash"],"picked":"SKIP","floor":12.0},{"not_picked":["Blade Dance","Grand Finale","Distraction","Sucker Punch"],"picked":"SKIP","floor":13.0},{"not_picked":["Deflect","All Out Attack","Tactician"],"picked":"Accuracy","floor":14.0},{"not_picked":["Doppelganger","Die Die Die","Night Terror"],"picked":"Adrenaline","floor":16.0},{"not_picked":["Noxious Fumes","Eviscerate","Poisoned Stab"],"picked":"Leg Sweep","floor":18.0},{"not_picked":["Noxious Fumes","PiercingWail+1","Dagger Spray","Crippling Poison"],"picked":"SKIP","floor":21.0},{"not_picked":["Caltrops","Underhanded Strike","Dagger Throw","Doppelganger"],"picked":"SKIP","floor":23.0},{"not_picked":["Choke","Deadly Poison+1","Flying Knee+1"],"picked":"Cloak And Dagger","floor":24.0},{"not_picked":["Flying Knee+1","Cloak And Dagger","Prepared","Noxious Fumes"],"picked":"SKIP","floor":28.0},{"not_picked":["Flying Knee+1","Cloak And Dagger","Prepared","Noxious Fumes"],"picked":"SKIP","floor":28.0},{"not_picked":["Endless Agony","Blade Dance","Riddle With Holes","Poisoned Stab"],"picked":"SKIP","floor":29.0},{"not_picked":["Reflex+1","Skewer+1","Blade Dance","Leg Sweep"],"picked":"SKIP","floor":31.0},{"not_picked":["Venomology","Die Die Die","Night Terror"],"picked":"Phantasmal Killer","floor":33.0},{"not_picked":["Slice","Riddle With Holes","Underhanded Strike"],"picked":"Cloak And Dagger+1","floor":35.0},{"not_picked":["Bane","Blur","Finisher","Quick Slash"],"picked":"SKIP","floor":37.0},{"not_picked":["Dagger Spray","Slice","Die Die Die"],"picked":"Distraction+1","floor":41}],"player_experience":940177,"relics_obtained":[{"floor":6.0,"key":"Question Card"},{"floor":9.0,"key":"Mercury Hourglass"},{"floor":11.0,"key":"Pen Nib"},{"floor":13.0,"key":"Pocketwatch"},{"floor":23.0,"key":"Dream Catcher"},{"floor":26.0,"key":"Pear"},{"floor":29.0,"key":"Oddly Smooth Stone"}],"event_choices":[{"damage_healed":0.0,"max_hp_gain":0.0,"max_hp_loss":0.0,"gold_gain":0.0,"event_name":"Living Wall","player_choice":"Grow","floor":2.0,"gold_loss":0.0,"damage_taken":0.0,"cards_upgraded":["Neutralize"]},{"damage_healed":0.0,"max_hp_gain":0.0,"max_hp_loss":0.0,"gold_gain":75.0,"event_name":"World of Goop","player_choice":"Gather Gold","floor":4.0,"gold_loss":0.0,"damage_taken":11.0},{"damage_healed":0.0,"max_hp_gain":0.0,"max_hp_loss":0.0,"gold_gain":0.0,"event_name":"Nest","player_choice":"Joined the Cult","floor":19.0,"gold_loss":0.0,"damage_taken":6.0,"cards_obtained":["RitualDagger"]},{"damage_healed":0.0,"max_hp_gain":0.0,"max_hp_loss":33.0,"gold_gain":0.0,"event_name":"Ghosts","player_choice":"Became a Ghost","floor":20.0,"gold_loss":0.0,"damage_taken":0.0,"cards_obtained":["Ghostly","Ghostly","Ghostly","Ghostly","Ghostly"]},{"cards_removed":["Strike_G"],"damage_healed":0.0,"max_hp_gain":0.0,"max_hp_loss":0.0,"gold_gain":0.0,"event_name":"Beggar","player_choice":"Gave Gold","floor":22.0,"gold_loss":75.0,"damage_taken":0.0},{"damage_healed":0.0,"max_hp_gain":0.0,"max_hp_loss":0.0,"gold_gain":0.0,"event_name":"Cursed Tome","player_choice":"Ignored","floor":27.0,"gold_loss":0.0,"damage_taken":0.0},{"damage_healed":0.0,"max_hp_gain":0.0,"max_hp_loss":0.0,"gold_gain":0.0,"event_name":"Upgrade Shrine","player_choice":"Upgraded","floor":36.0,"gold_loss":0.0,"damage_taken":0.0,"cards_upgraded":["RitualDagger"]},{"damage_healed":11.0,"max_hp_gain":0.0,"max_hp_loss":0.0,"gold_gain":0.0,"event_name":"Winding Halls","player_choice":"Writhe","floor":38.0,"gold_loss":0.0,"damage_taken":0.0,"cards_obtained":["Writhe"]}],"is_beta":false,"boss_relics":[{"not_picked":["Snecko Eye","Velvet Choker"],"picked":"Ectoplasm"},{"not_picked":["Orrery","Lizard Tail"],"picked":"Empty Cage"}],"items_purged_floors":[7],"is_endless":false,"potions_floor_spawned":[3,5,11,12,13,18,23,24,31,35,37],"killed_by":"4 Shapes","ascension_level":14}