{"gold_per_floor":[118,293,293,26,44,44,57,72,126,144,158,158,191,203,203,301,351,365,365,365,384,402,402,431,431,500,500,514,97,97,116,116,116],"floor_reached":33,"playtime":1849,"items_purged":["Doubt","Purity+1"],"score":442,"play_id":"37c359cb-a86f-4dd3-b557-6e89d354fbe3","local_time":"20181118001326","is_ascension_mode":true,"campfire_choices":[{"data":"Dagger Throw","floor":6,"key":"SMITH"},{"data":"Distraction","floor":12,"key":"SMITH"},{"floor":15,"key":"REST"},{"data":"Backflip","floor":23,"key":"SMITH"},{"floor":27,"key":"REST"},{"data":"Cloak And Dagger","floor":30,"key":"SMITH"},{"floor":32,"key":"REST"}],"neow_cost":"NONE","seed_source_timestamp":367493815884620,"circlet_count":0,"master_deck":["AscendersBane","Defend_G","Defend_G","Defend_G+1","Defend_G","Defend_G","Strike_G","Strike_G","Strike_G","Strike_G","Strike_G","Survivor","Neutralize","Finisher+1","Dagger Throw+1","Slice","Prepared","Underhanded Strike","Distraction+1","Cloak And Dagger+1","Glass Knife","PiercingWail","Endless Agony+1","Backflip+1","Leg Sweep+1","PiercingWail","Heel Hook"],"relics":["Ring of the Snake","Lee\u0027s Waffle","Orichalcum","Art of War","Tiny House","Vajra","Bag of Preparation","Pear","Paper Crane"],"potions_floor_usage":[8,16,18,22,33],"damage_taken":[{"damage":0,"enemies":"Small Slimes","floor":1,"turns":3},{"damage":0,"enemies":"Jaw Worm","floor":5,"turns":3},{"damage":0,"enemies":"Cultist","floor":7,"turns":3},{"damage":6,"enemies":"Large Slime","floor":8,"turns":6},{"damage":8,"enemies":"Lots of Slimes","floor":10,"turns":6},{"damage":5,"enemies":"Blue Slaver","floor":11,"turns":3},{"damage":23,"enemies":"Gremlin Nob","floor":13,"turns":4},{"damage":9,"enemies":"Large Slime","floor":14,"turns":4},{"damage":40,"enemies":"The Guardian","floor":16,"turns":11},{"damage":6,"enemies":"Chosen","floor":18,"turns":5},{"damage":3,"enemies":"3 Byrds","floor":21,"turns":5},{"damage":34,"enemies":"Shelled Parasite and Fungi","floor":22,"turns":6},{"damage":32,"enemies":"Slavers","floor":24,"turns":11},{"damage":0,"enemies":"Snake Plant","floor":28,"turns":5},{"damage":22,"enemies":"Sentry and Sphere","floor":31,"turns":6},{"damage":61,"enemies":"Automaton","floor":33,"turns":8}],"seed_played":"5401114372400172960","potions_obtained":[{"floor":5,"key":"Swift Potion"},{"floor":11,"key":"Energy Potion"},{"floor":13,"key":"Explosive Potion"},{"floor":17,"key":"Weak Potion"},{"floor":22,"key":"SteroidPotion"},{"floor":24,"key":"Weak Potion"}],"is_trial":false,"path_per_floor":["M","?","?","$","M","R","M","M","T","M","M","R","E","M","R","B",null,"M","?","?","M","M","R","E","?","T","R","M","$","R","M","R","B"],"character_chosen":"THE_SILENT","items_purchased":["Lee\u0027s Waffle","Heel Hook","Paper Crane"],"campfire_rested":3,"item_purchase_floors":[4,29,29],"current_hp_per_floor":[63,63,49,77,77,77,77,71,71,63,58,58,35,26,49,9,65,59,82,82,79,45,45,13,13,23,50,50,50,50,28,55,0],"gold":116,"neow_bonus":"RANDOM_COLORLESS","is_prod":false,"is_daily":false,"chose_seed":false,"campfire_upgraded":4,"win_rate":0,"timestamp":1542518006,"path_taken":["M","?","?","?","M","R","M","M","T","M","M","R","E","M","R","BOSS","M","?","?","M","?","R","E","?","T","R","M","$","R","M","R","BOSS"],"build_version":"2018-11-15","purchased_purges":2,"victory":false,"max_hp_per_floor":[70,70,70,77,77,77,77,77,77,77,77,77,77,77,77,77,82,82,82,82,82,82,82,82,82,92,92,92,92,92,92,92,92],"card_choices":[{"not_picked":["Accuracy","Expertise"],"picked":"Finisher","floor":1},{"not_picked":["Deflect","Poisoned Stab"],"picked":"Dagger Throw","floor":5},{"not_picked":["Expertise","Bouncing Flask"],"picked":"Slice","floor":7},{"not_picked":["PiercingWail","Eviscerate"],"picked":"Prepared","floor":8},{"not_picked":["Dagger Throw","Acrobatics"],"picked":"Underhanded Strike","floor":10},{"not_picked":["Dagger Throw","Finisher"],"picked":"Distraction","floor":11},{"not_picked":["Well Laid Plans","Flying Knee","Phantasmal Killer"],"picked":"SKIP","floor":13},{"not_picked":["Sucker Punch","Dagger Throw"],"picked":"Cloak And Dagger","floor":14},{"not_picked":["Corpse Explosion","Die Die Die"],"picked":"Glass Knife","floor":16},{"not_picked":["Escape Plan","Acrobatics"],"picked":"PiercingWail","floor":17},{"not_picked":["Deadly Poison+1","Slice"],"picked":"Endless Agony+1","floor":18},{"not_picked":["Outmaneuver+1","Noxious Fumes+1"],"picked":"Backflip","floor":21},{"not_picked":["Sucker Punch","Cloak And Dagger"],"picked":"Leg Sweep+1","floor":22},{"not_picked":["Sucker Punch","Envenom"],"picked":"PiercingWail","floor":24},{"not_picked":["Deadly Poison","Outmaneuver","Tactician"],"picked":"SKIP","floor":28},{"not_picked":["Blade Dance","Dagger Throw","Dash"],"picked":"SKIP","floor":31}],"player_experience":689354,"relics_obtained":[{"floor":9,"key":"Orichalcum"},{"floor":13,"key":"Art of War"},{"floor":24,"key":"Bag of Preparation"},{"floor":26,"key":"Pear"}],"event_choices":[{"damage_healed":0,"gold_gain":175,"player_choice":"AGREE","damage_taken":0,"max_hp_gain":0,"max_hp_loss":0,"event_name":"Liars Game","floor":2,"gold_loss":0,"cards_obtained":["Doubt"]},{"damage_healed":0,"gold_gain":0,"player_choice":"Entered Light","damage_taken":14,"max_hp_gain":0,"max_hp_loss":0,"event_name":"Shining Light","floor":3,"gold_loss":0,"cards_upgraded":["Defend_G","Finisher"]},{"damage_healed":27,"gold_gain":0,"player_choice":"Heal","damage_taken":0,"max_hp_gain":0,"max_hp_loss":0,"event_name":"The Library","floor":19,"gold_loss":0},{"damage_healed":0,"gold_gain":0,"player_choice":"Opened","damage_taken":0,"relics_obtained":["Vajra"],"max_hp_gain":0,"max_hp_loss":0,"event_name":"The Mausoleum","floor":20,"gold_loss":0},{"damage_healed":0,"gold_gain":0,"player_choice":"Ignored","damage_taken":0,"max_hp_gain":0,"max_hp_loss":0,"event_name":"Cursed Tome","floor":25,"gold_loss":0}],"is_beta":false,"boss_relics":[{"not_picked":["Snecko Eye","Runic Dome"],"picked":"Tiny House"}],"items_purged_floors":[4,29],"is_endless":false,"potions_floor_spawned":[5,11,13,22,24,31],"killed_by":"Automaton","ascension_level":11}