{"path_per_floor":["M","?","?","$","M","E","M","R","T","M","M","$","M","M","R","B",null,"M","M","$"],"character_chosen":"IRONCLAD","items_purchased":["True Grit","Pen Nib"],"gold_per_floor":[112,112,112,37,50,81,97,97,121,137,148,96,108,127,127,222,222,234,223,75,75],"floor_reached":21,"campfire_rested":1,"playtime":1295,"current_hp_per_floor":[80,80,73,73,76,58,60,80,80,76,75,75,73,73,73,35,80,49,28,28,0],"items_purged":["Defend_R"],"gold":75,"score":220,"play_id":"88ed4702-5750-4e69-9778-cbf09132a9dc","local_time":"20180410171838","is_prod":false,"is_daily":false,"is_ascension_mode":true,"campfire_upgraded":1,"timestamp":1523395118,"path_taken":["M","?","?","?","M","E","M","R","T","M","M","$","M","M","R","BOSS","M","M","$","M"],"build_version":"2018-04-05v2","purchased_purges":1,"victory":false,"master_deck":["Bash","Uppercut","Metallicize","Thunderclap","Iron Wave","Armaments+1","True Grit","Pommel Strike","Bludgeon","Bloodletting","Armaments","Spot Weakness","Heavy Blade","Intimidate","Cleave"],"max_hp_per_floor":[80,80,80,80,80,80,80,80,80,80,80,80,80,80,80,80,80,80,80,80,80],"relics":["Burning Blood","Art of War","Ancient Tea Set","Pandora\u0027s Box","Pen Nib"],"card_choices":[{"not_picked":["Blood for Blood","Sword Boomerang"],"picked":"Metallicize","floor":1},{"not_picked":["Wild Strike","Combust"],"picked":"Thunderclap","floor":5},{"not_picked":["Reckless Charge","Clash"],"picked":"Iron Wave","floor":7},{"not_picked":["Iron Wave","Cleave"],"picked":"Armaments","floor":11},{"not_picked":["Burning Pact","Thunderclap"],"picked":"Pommel Strike","floor":13},{"not_picked":["Berserk","Fiend Fire"],"picked":"Bludgeon","floor":16},{"not_picked":["Flex","Evolve"],"picked":"Cleave","floor":18}],"player_experience":216401,"potions_floor_usage":[6,16],"damage_taken":[{"damage":0,"enemies":"Small Slimes","floor":1,"turns":3},{"damage":3,"enemies":"Cultist","floor":5,"turns":4},{"damage":24,"enemies":"Lagavulin","floor":6,"turns":6},{"damage":4,"enemies":"Jaw Worm","floor":7,"turns":3},{"damage":10,"enemies":"Large Slime","floor":10,"turns":9},{"damage":7,"enemies":"Exordium Wildlife","floor":11,"turns":4},{"damage":8,"enemies":"Blue Slaver","floor":13,"turns":5},{"damage":6,"enemies":"3 Louse","floor":14,"turns":4},{"damage":44,"enemies":"Slime Boss","floor":16,"turns":13},{"damage":37,"enemies":"Chosen","floor":18,"turns":5},{"damage":27,"enemies":"2 Thieves","floor":19,"turns":4},{"damage":30,"enemies":"Snake Plant","floor":21,"turns":3}],"event_choices":[{"event_name":"Bonfire Elementals","player_choice":"BASIC","floor":2,"damage_taken":0},{"event_name":"Golden Wing","player_choice":"Card Removal","floor":3,"damage_taken":0}],"boss_relics":[{"not_picked":["Runic Pyramid","Philosopher\u0027s Stone"],"picked":"Pandora\u0027s Box"}],"potions_floor_spawned":[1,5,7,16],"seed_played":"487857676485556907","killed_by":"Snake Plant","ascension_level":4,"is_trial":false}