{"gold_per_floor":[110,128,128,128,128,128,155,155,155,180,180,209,223,251,251,324,324,334,345,360,19,33,33,45,45],"floor_reached":25,"playtime":2082,"items_purged":[],"score":612,"play_id":"a04c23df-9dd3-420e-981e-ef755633d121","local_time":"20190828235518","is_ascension_mode":true,"campfire_choices":[{"floor":6,"key":"REST"},{"data":"1","floor":11,"key":"LIFT"},{"floor":15,"key":"REST"},{"floor":23,"key":"REST"}],"neow_cost":"NONE","seed_source_timestamp":2793890748756930,"circlet_count":0,"master_deck":["AscendersBane","Strike_B","Strike_B","Strike_B","Strike_B","Defend_B","Defend_B+1","Defend_B","Defend_B","Zap+1","Dualcast","Streamline","Ball Lightning","Sweeping Beam+1","BootSequence","Cold Snap","Glacier","Auto Shields","Reboot","Turbo","Glacier","Rip and Tear","Undo","Defragment","Aggregate+1","Tempest+1"],"relics":["Cracked Core","Peace Pipe","Girya","Gambling Chip","Bag of Marbles","Symbiotic Virus","Orrery","Incense Burner"],"potions_floor_usage":[7,14,22,25],"damage_taken":[{"damage":4,"enemies":"Jaw Worm","floor":1,"turns":3},{"damage":2,"enemies":"2 Louse","floor":2,"turns":2},{"damage":8,"enemies":"Gremlin Nob","floor":7,"turns":3},{"damage":24,"enemies":"3 Sentries","floor":10,"turns":6},{"damage":9,"enemies":"Gremlin Nob","floor":12,"turns":3},{"damage":0,"enemies":"Cultist","floor":13,"turns":2},{"damage":0,"enemies":"Lagavulin","floor":14,"turns":3},{"damage":0,"enemies":"The Guardian","floor":16,"turns":13},{"damage":21,"enemies":"Shell Parasite","floor":18,"turns":8},{"damage":0,"enemies":"Spheric Guardian","floor":19,"turns":3},{"damage":6,"enemies":"Centurion and Healer","floor":20,"turns":9},{"damage":4,"enemies":"Snake Plant","floor":22,"turns":6},{"damage":5,"enemies":"3 Cultists","floor":24,"turns":4},{"damage":57,"enemies":"Gremlin Leader","floor":25,"turns":9}],"seed_played":"1482244374726955428","potions_obtained":[{"floor":2,"key":"FearPotion"},{"floor":8,"key":"Ancient Potion"},{"floor":8,"key":"FocusPotion"},{"floor":13,"key":"PowerPotion"},{"floor":16,"key":"LiquidBronze"},{"floor":22,"key":"Weak Potion"}],"is_trial":false,"path_per_floor":["M","M","?","?","?","R","E","?","T","E","R","E","M","E","R","B",null,"M","M","M","$","M","R","M","E"],"character_chosen":"DEFECT","items_purchased":["Incense Burner"],"campfire_rested":3,"item_purchase_floors":[21],"current_hp_per_floor":[60,58,37,37,37,58,50,50,50,26,26,17,17,17,38,38,63,42,42,36,36,32,53,48,0],"gold":45,"neow_bonus":"THREE_CARDS","is_prod":false,"is_daily":false,"chose_seed":false,"campfire_upgraded":0,"win_rate":0,"timestamp":1567050918,"path_taken":["M","M","?","?","?","R","E","?","T","E","R","E","M","E","R","BOSS","M","M","?","$","M","R","M","E"],"build_version":"2019-07-17","purchased_purges":0,"victory":false,"max_hp_per_floor":[71,71,71,71,71,71,71,71,71,71,71,71,71,71,71,71,71,71,71,71,71,71,71,71,71],"card_choices":[{"not_picked":["Rebound","Coolheaded"],"picked":"Streamline","floor":0},{"not_picked":["FTL","Coolheaded"],"picked":"Ball Lightning","floor":1},{"not_picked":["Blizzard","Force Field"],"picked":"Sweeping Beam","floor":2},{"not_picked":["Genetic Algorithm","Storm"],"picked":"BootSequence","floor":7},{"not_picked":["Reprogram","Compile Driver"],"picked":"Cold Snap","floor":10},{"not_picked":["Ball Lightning","Barrage"],"picked":"Glacier","floor":12},{"not_picked":["Melter","Sweeping Beam","Barrage"],"picked":"SKIP","floor":13},{"not_picked":["Ball Lightning","Core Surge"],"picked":"Auto Shields","floor":14},{"not_picked":["Amplify","Machine Learning"],"picked":"Reboot","floor":16},{"not_picked":["Gash","Cold Snap"],"picked":"Turbo","floor":17},{"not_picked":["Auto Shields","Melter"],"picked":"Glacier","floor":17},{"not_picked":["Aggregate","Hello World"],"picked":"Rip and Tear","floor":17},{"not_picked":["Stack","Sweeping Beam"],"picked":"Undo","floor":17},{"not_picked":["Streamline+1","Go for the Eyes"],"picked":"Defragment","floor":18},{"not_picked":["Stack","Compile Driver"],"picked":"Aggregate+1","floor":19},{"not_picked":["Hello World","Darkness"],"picked":"Tempest+1","floor":20},{"not_picked":["Skim","Stack","Scrape"],"picked":"SKIP","floor":22},{"not_picked":["Heatsinks","Gash","Chill"],"picked":"SKIP","floor":24}],"player_experience":1890654,"relics_obtained":[{"floor":7,"key":"Peace Pipe"},{"floor":9,"key":"Girya"},{"floor":10,"key":"Gambling Chip"},{"floor":12,"key":"Bag of Marbles"},{"floor":14,"key":"Symbiotic Virus"}],"event_choices":[{"damage_healed":0,"gold_gain":0,"player_choice":"Entered Light","damage_taken":21,"max_hp_gain":0,"max_hp_loss":0,"event_name":"Shining Light","floor":3,"gold_loss":0,"cards_upgraded":["Zap","Defend_B"]},{"damage_healed":0,"gold_gain":0,"player_choice":"Ignored","damage_taken":0,"max_hp_gain":0,"max_hp_loss":0,"event_name":"Liars Game","floor":4,"gold_loss":0},{"damage_healed":0,"gold_gain":0,"player_choice":"Grow","damage_taken":0,"max_hp_gain":0,"max_hp_loss":0,"event_name":"Living Wall","floor":5,"gold_loss":0,"cards_upgraded":["Sweeping Beam"]},{"damage_healed":0,"gold_gain":0,"player_choice":"Got Potions","damage_taken":0,"max_hp_gain":0,"max_hp_loss":0,"event_name":"Lab","floor":8,"gold_loss":0}],"is_beta":false,"boss_relics":[{"not_picked":["Tiny House","Empty Cage"],"picked":"Orrery"}],"items_purged_floors":[],"is_endless":false,"potions_floor_spawned":[2,12,13,16,20,22],"killed_by":"Gremlin Leader","ascension_level":20}