{"gold_per_floor":[218,232,232,249,249,249,277,277,277,277,309,63,75,91,91,91],"floor_reached":16,"playtime":1356,"items_purged":[],"score":110,"play_id":"0966ba79-23cb-43b3-b395-6243499eca58","local_time":"20190322091526","is_ascension_mode":false,"campfire_choices":[{"data":"Neutralize","floor":6,"key":"SMITH"},{"floor":8,"key":"REST"},{"data":"Survivor","floor":15,"key":"SMITH"}],"neow_cost":"NONE","seed_source_timestamp":63222841162859,"circlet_count":0,"master_deck":["Defend_G","Defend_G","Defend_G","Defend_G","Defend_G","Strike_G","Strike_G+1","Strike_G+1","Strike_G+1","Strike_G+1","Survivor+1","Neutralize+1","Backflip","Dagger Spray","Slice","Dagger Throw","Well Laid Plans","Backflip+1","Finisher"],"relics":["Ring of the Snake","The Specimen","Whetstone","Ice Cream","CultistMask","Orichalcum","Toxic Egg 2"],"potions_floor_usage":[16,16,16],"damage_taken":[{"damage":0,"enemies":"Jaw Worm","floor":1,"turns":4},{"damage":0,"enemies":"2 Louse","floor":2,"turns":4},{"damage":1,"enemies":"Cultist","floor":4,"turns":3},{"damage":15,"enemies":"Lagavulin","floor":7,"turns":8},{"damage":13,"enemies":"3 Sentries","floor":11,"turns":7},{"damage":1,"enemies":"Looter","floor":13,"turns":2},{"damage":0,"enemies":"3 Louse","floor":14,"turns":2},{"damage":49,"enemies":"Slime Boss","floor":16,"turns":11}],"seed_played":"-5870665772650026408","potions_obtained":[{"floor":2,"key":"SpeedPotion"},{"floor":11,"key":"Weak Potion"},{"floor":14,"key":"Block Potion"}],"is_trial":false,"path_per_floor":["M","M","?","M","?","R","E","R","T","?","E","$","M","M","R","B"],"character_chosen":"THE_SILENT","items_purchased":["Toxic Egg 2"],"campfire_rested":1,"item_purchase_floors":[12],"current_hp_per_floor":[70,70,56,55,48,48,33,54,54,54,41,41,40,40,40,0],"gold":91,"neow_bonus":"HUNDRED_GOLD","is_prod":false,"is_daily":false,"chose_seed":false,"campfire_upgraded":2,"win_rate":0.0,"timestamp":1553210126,"path_taken":["M","M","?","M","?","R","E","R","T","?","E","$","M","?","R","BOSS"],"build_version":"2019-01-23","purchased_purges":0,"victory":false,"max_hp_per_floor":[70,70,70,70,70,70,70,70,70,70,70,70,70,70,70,70],"card_choices":[{"not_picked":["Outmaneuver","Bane"],"picked":"Backflip","floor":1},{"not_picked":["Sucker Punch","Dagger Throw"],"picked":"Dagger Spray","floor":2},{"not_picked":["Dagger Throw","Venomology"],"picked":"Slice","floor":4},{"not_picked":["Deadly Poison","Masterful Stab"],"picked":"Dagger Throw","floor":7},{"not_picked":["Distraction","Skewer"],"picked":"Well Laid Plans","floor":11},{"not_picked":["Escape Plan+1","Dagger Spray"],"picked":"Backflip+1","floor":13},{"not_picked":["Catalyst+1","Dagger Spray"],"picked":"Finisher","floor":14}],"player_experience":22656,"relics_obtained":[{"floor":7,"key":"Whetstone"},{"floor":9,"key":"Ice Cream"},{"floor":11,"key":"Orichalcum"}],"event_choices":[{"damage_healed":0,"gold_gain":0,"player_choice":"Entered Light","damage_taken":14,"max_hp_gain":0,"max_hp_loss":0,"event_name":"Shining Light","floor":3,"gold_loss":0,"cards_upgraded":["Strike_G","Strike_G"]},{"damage_healed":0,"gold_gain":0,"player_choice":"Success","damage_taken":7,"relics_obtained":["The Specimen"],"max_hp_gain":0,"max_hp_loss":0,"event_name":"Scrap Ooze","floor":5,"gold_loss":0},{"damage_healed":0,"gold_gain":0,"player_choice":"Trade","damage_taken":0,"relics_obtained":["CultistMask"],"max_hp_gain":0,"max_hp_loss":0,"event_name":"FaceTrader","floor":10,"gold_loss":0}],"is_beta":false,"boss_relics":[],"items_purged_floors":[],"is_endless":false,"potions_floor_spawned":[2,11,14],"killed_by":"Slime Boss","ascension_level":0}