{"gold_per_floor":[109,121,135,153,170,170,198,209,209,209,229,229,72,103,103,203,203,215,234,234,131,131,131,131,165,165,165,177,177],"floor_reached":29,"playtime":1595,"items_purged":[],"score":309,"play_id":"a7b90e88-14dd-41a8-b908-2f054bf0e278","local_time":"20190910202949","is_ascension_mode":true,"campfire_choices":[{"floor":6,"key":"REST"},{"floor":10,"key":"REST"},{"floor":12,"key":"REST"},{"floor":15,"key":"REST"},{"data":"Establishment","floor":23,"key":"SMITH"},{"floor":27,"key":"REST"}],"neow_cost":"NONE","seed_source_timestamp":7582574504044,"circlet_count":0,"master_deck":["Defend_P+1","Defend_P+1","Defend_P+1","Defend_P+1","Eruption","Vigilance","DevaForm","TalkToTheHand","CrushJoints","BowlingBash","SandsOfTime","CutThroughFate","Halt","EmptyMind","Conclude","Establishment+1","ClearTheMind","MasterReality","WindmillStrike+1","Tantrum+1","Bite","Bite","Bite","Bite","Bite","FlyingSleeves+1","DevaForm","Sanctity+1","Alpha"],"relics":["PureWater","Odd Mushroom","Gremlin Horn","Sundial","VioletLotus","Potion Belt","Dead Branch"],"potions_floor_usage":[5,14,25,25,25],"damage_taken":[{"damage":9,"enemies":"Cultist","floor":1,"turns":4},{"damage":0,"enemies":"Small Slimes","floor":2,"turns":3},{"damage":0,"enemies":"2 Louse","floor":3,"turns":3},{"damage":24,"enemies":"2 Fungi Beasts","floor":4,"turns":2},{"damage":6,"enemies":"3 Louse","floor":5,"turns":3},{"damage":36,"enemies":"The Mushroom Lair","floor":7,"turns":4},{"damage":7,"enemies":"Red Slaver","floor":8,"turns":4},{"damage":2,"enemies":"2 Fungi Beasts","floor":11,"turns":3},{"damage":0,"enemies":"Lagavulin","floor":14,"turns":4},{"damage":21,"enemies":"Slime Boss","floor":16,"turns":5},{"damage":17,"enemies":"Chosen","floor":18,"turns":7},{"damage":8,"enemies":"Spheric Guardian","floor":19,"turns":4},{"damage":41,"enemies":"Gremlin Leader","floor":25,"turns":9},{"damage":30,"enemies":"Cultist and Chosen","floor":28,"turns":7},{"damage":22,"enemies":"Centurion and Healer","floor":29,"turns":3}],"seed_played":"8944359184838303833","potions_obtained":[{"floor":1,"key":"EssenceOfSteel"},{"floor":3,"key":"Dexterity Potion"},{"floor":4,"key":"DuplicationPotion"},{"floor":7,"key":"AttackPotion"},{"floor":18,"key":"SteroidPotion"}],"is_trial":false,"path_per_floor":["M","M","M","M","M","R","?","M","T","R","M","R","$","E","R","B",null,"M","M","?","$","?","R","?","E","T","R","M","M"],"character_chosen":"WATCHER","items_purchased":["Conclude","Establishment","FlyingSleeves","AttackPotion"],"campfire_rested":5,"item_purchase_floors":[13,13,21,21],"current_hp_per_floor":[56,56,56,32,26,45,9,2,2,21,19,38,38,38,57,36,65,48,40,40,40,40,40,40,23,23,36,16,0],"gold":177,"neow_bonus":"ONE_RANDOM_RARE_CARD","is_prod":false,"is_daily":false,"chose_seed":false,"campfire_upgraded":1,"win_rate":0,"timestamp":1568111389,"path_taken":["M","M","?","M","M","R","?","M","T","R","M","R","$","E","R","BOSS","M","M","?","$","?","R","?","E","T","R","M","M"],"build_version":"2019-09-09v2","purchased_purges":0,"victory":false,"max_hp_per_floor":[65,65,65,65,65,65,65,65,65,65,65,65,65,65,65,65,65,65,65,45,45,45,45,45,45,45,45,45,45],"card_choices":[{"not_picked":["Crescendo","PathToVictory"],"picked":"TalkToTheHand","floor":1},{"not_picked":["CleanseEvil","StepAndStrike"],"picked":"CrushJoints","floor":2},{"not_picked":["Worship","Evaluate"],"picked":"BowlingBash","floor":3},{"not_picked":["Prostrate","CrushJoints"],"picked":"SandsOfTime","floor":4},{"not_picked":["CrushJoints","Vengeance","BowlingBash"],"picked":"SKIP","floor":5},{"not_picked":["Swivel","JustLucky"],"picked":"CutThroughFate","floor":7},{"not_picked":["StepAndStrike","Swivel"],"picked":"Halt","floor":8},{"not_picked":["CutThroughFate","Weave"],"picked":"EmptyMind","floor":11},{"not_picked":["Scrawl","Evaluate"],"picked":"ClearTheMind","floor":14},{"not_picked":["Judgement","Ragnarok"],"picked":"MasterReality","floor":16},{"not_picked":["EmptyMind","CutThroughFate"],"picked":"WindmillStrike+1","floor":18},{"not_picked":["Protect","Halt"],"picked":"Tantrum+1","floor":19},{"not_picked":["ClearTheMind","ThirdEye"],"picked":"Sanctity+1","floor":25},{"not_picked":["Prostrate","Protect"],"picked":"Alpha","floor":28}],"player_experience":1276867,"relics_obtained":[{"floor":7,"key":"Odd Mushroom"},{"floor":9,"key":"Gremlin Horn"},{"floor":14,"key":"Sundial"},{"floor":25,"key":"Potion Belt"},{"floor":26,"key":"Dead Branch"}],"event_choices":[{"damage_healed":0,"gold_gain":0,"player_choice":"Fought Mushrooms","damage_taken":0,"max_hp_gain":0,"max_hp_loss":0,"event_name":"Mushrooms","floor":7,"gold_loss":0},{"damage_healed":0,"gold_gain":0,"player_choice":"Became a vampire","damage_taken":0,"max_hp_gain":0,"max_hp_loss":20,"event_name":"Vampires","floor":20,"gold_loss":0,"cards_obtained":["Bite","Bite","Bite","Bite","Bite"]},{"damage_healed":0,"gold_gain":0,"player_choice":"Simplicity","damage_taken":0,"max_hp_gain":0,"max_hp_loss":0,"event_name":"Back to Basics","floor":22,"gold_loss":0,"cards_upgraded":["Defend_P","Defend_P","Defend_P","Defend_P"]},{"damage_healed":0,"gold_gain":0,"player_choice":"Copied","damage_taken":0,"max_hp_gain":0,"max_hp_loss":0,"event_name":"Duplicator","floor":24,"gold_loss":0,"cards_obtained":["DevaForm"]}],"is_beta":true,"boss_relics":[{"not_picked":["Tiny House","Runic Dome"],"picked":"VioletLotus"}],"items_purged_floors":[],"is_endless":false,"potions_floor_spawned":[1,3,4,7,11,18,19],"killed_by":"Centurion and Healer","ascension_level":1}