{"gold_per_floor":[117,131,151,164,175,175,209,209,289,289,316,333,333,346,346,420,420,439,455,455,28,41,68,68,85,85,97,116,443,443,443,443,443],"floor_reached":33,"playtime":2314,"items_purged":["Strike_G"],"score":602,"play_id":"35e26c34-436f-4cf7-99a8-38e4a71dcaba","local_time":"20190503234355","is_ascension_mode":true,"campfire_choices":[{"data":"Neutralize","floor":6.0,"key":"SMITH"},{"data":"Doppelganger","floor":8.0,"key":"SMITH"},{"data":"Adrenaline","floor":10.0,"key":"SMITH"},{"floor":15.0,"key":"REST"},{"floor":24.0,"key":"REST"},{"floor":32.0,"key":"REST"}],"neow_cost":"NONE","seed_source_timestamp":823243884573014,"circlet_count":0,"master_deck":["AscendersBane","Defend_G","Defend_G","Defend_G","Defend_G","Defend_G","Strike_G","Strike_G","Strike_G","Strike_G","Survivor","Neutralize+1","Doppelganger+1","Endless Agony","Dagger Throw","Adrenaline+1","Underhanded Strike","Corpse Explosion","Well Laid Plans","Backstab","Storm of Steel","Blur","Infinite Blades","Dodge and Roll","Escape Plan","Terror","Cloak And Dagger","Calculated Gamble+1","Masterful Stab+1"],"special_seed":0,"relics":["Ring of the Snake","Happy Flower","Kunai","Girya","WristBlade","Mercury Hourglass","Omamori","Old Coin","Letter Opener"],"potions_floor_usage":[33],"damage_taken":[{"damage":1.0,"enemies":"Cultist","floor":1.0,"turns":5.0},{"damage":0.0,"enemies":"Jaw Worm","floor":2.0,"turns":3.0},{"damage":0.0,"enemies":"Small Slimes","floor":3.0,"turns":2.0},{"damage":0.0,"enemies":"Blue Slaver","floor":4.0,"turns":5.0},{"damage":0.0,"enemies":"Looter","floor":5.0,"turns":3.0},{"damage":22.0,"enemies":"Lagavulin","floor":7.0,"turns":7.0},{"damage":14.0,"enemies":"3 Sentries","floor":11.0,"turns":8.0},{"damage":6.0,"enemies":"Exordium Wildlife","floor":12.0,"turns":3.0},{"damage":0.0,"enemies":"3 Louse","floor":14.0,"turns":1.0},{"damage":24.0,"enemies":"Slime Boss","floor":16.0,"turns":9.0},{"damage":18.0,"enemies":"2 Thieves","floor":18.0,"turns":3.0},{"damage":0.0,"enemies":"3 Byrds","floor":19.0,"turns":3.0},{"damage":12.0,"enemies":"Sentry and Sphere","floor":22.0,"turns":4.0},{"damage":18.0,"enemies":"Slavers","floor":23.0,"turns":4.0},{"damage":0.0,"enemies":"3 Cultists","floor":25.0,"turns":2.0},{"damage":5.0,"enemies":"Snecko","floor":27.0,"turns":5.0},{"damage":11.0,"enemies":"Centurion and Healer","floor":28.0,"turns":5.0},{"damage":18.0,"enemies":"Book of Stabbing","floor":29.0,"turns":4.0},{"damage":26,"enemies":"Collector","floor":33,"turns":3}],"seed_played":"-215408251818852534","potions_obtained":[{"floor":3.0,"key":"FearPotion"},{"floor":4.0,"key":"EntropicBrew"},{"floor":11.0,"key":"GhostInAJar"},{"floor":19.0,"key":"Energy Potion"},{"floor":22.0,"key":"FearPotion"},{"floor":23.0,"key":"Dexterity Potion"},{"floor":29.0,"key":"EssenceOfSteel"}],"is_trial":false,"path_per_floor":["M","M","M","M","M","R","E","R","T","R","E","M","?","M","R","B",null,"M","M","?","$","M","E","R","M","T","M","M","E","?","?","R","B"],"character_chosen":"THE_SILENT","items_purchased":["Mercury Hourglass","Infinite Blades"],"campfire_rested":3,"item_purchase_floors":[21,21],"current_hp_per_floor":[58,58,58,58,58,58,36,36,36,36,22,16,12,12,31,7,51,33,33,46,46,34,16,35,35,35,30,19,1,1,1,20,0],"gold":443,"neow_bonus":"ONE_RANDOM_RARE_CARD","is_prod":false,"is_daily":false,"chose_seed":false,"campfire_upgraded":3,"win_rate":0,"timestamp":1556941435,"path_taken":["M","M","M","M","M","R","E","R","T","R","E","M","?","M","R","BOSS","M","M","?","$","M","E","R","M","T","M","M","E","?","?","R","BOSS"],"build_version":"2019-01-23","purchased_purges":1,"victory":false,"max_hp_per_floor":[66,66,66,66,66,66,66,66,66,66,66,66,66,66,66,66,66,66,66,66,66,66,66,66,66,66,66,66,66,66,66,66,66],"card_choices":[{"not_picked":["Deflect","Bane"],"picked":"Endless Agony","floor":1.0},{"not_picked":["Acrobatics","Slice"],"picked":"Dagger Throw","floor":2.0},{"not_picked":["Dagger Throw","Escape Plan"],"picked":"Adrenaline","floor":3.0},{"not_picked":["Blade Dance","Outmaneuver"],"picked":"Underhanded Strike","floor":4.0},{"not_picked":["Dagger Throw","Dagger Spray"],"picked":"Corpse Explosion","floor":5.0},{"not_picked":["Bane","Blade Dance","Envenom"],"picked":"SKIP","floor":7.0},{"not_picked":["Blade Dance","Poisoned Stab"],"picked":"Well Laid Plans","floor":11.0},{"not_picked":["Acrobatics","Deadly Poison","Sucker Punch"],"picked":"SKIP","floor":12.0},{"not_picked":["Skewer","Cloak And Dagger"],"picked":"Backstab","floor":14.0},{"not_picked":["Venomology","Corpse Explosion"],"picked":"Storm of Steel","floor":16.0},{"not_picked":["Dagger Spray","Dodge and Roll"],"picked":"Blur","floor":18.0},{"not_picked":["Flying Knee","Dagger Spray","Outmaneuver+1"],"picked":"SKIP","floor":19.0},{"not_picked":["All Out Attack","Prepared+1"],"picked":"Dodge and Roll","floor":22.0},{"not_picked":["A Thousand Cuts","Prepared"],"picked":"Escape Plan","floor":23.0},{"not_picked":["Skewer","Deadly Poison"],"picked":"Terror","floor":25.0},{"not_picked":["Prepared","Outmaneuver"],"picked":"Cloak And Dagger","floor":27.0},{"not_picked":["Underhanded Strike","Cloak And Dagger"],"picked":"Calculated Gamble+1","floor":28.0},{"not_picked":["Dagger Throw","Bane"],"picked":"Masterful Stab+1","floor":29.0}],"player_experience":1382727,"relics_obtained":[{"floor":7.0,"key":"Happy Flower"},{"floor":9.0,"key":"Kunai"},{"floor":11.0,"key":"Girya"},{"floor":23.0,"key":"Omamori"},{"floor":29.0,"key":"Old Coin"}],"event_choices":[{"damage_healed":0.0,"max_hp_gain":0.0,"max_hp_loss":0.0,"gold_gain":0.0,"event_name":"The Woman in Blue","player_choice":"Bought 0 Potions","floor":13.0,"gold_loss":0.0,"damage_taken":0.0},{"damage_healed":13.0,"max_hp_gain":0.0,"max_hp_loss":0.0,"gold_gain":0.0,"event_name":"The Library","player_choice":"Heal","floor":20.0,"gold_loss":0.0,"damage_taken":0.0},{"damage_healed":0.0,"max_hp_gain":0.0,"max_hp_loss":0.0,"gold_gain":0.0,"event_name":"Forgotten Altar","player_choice":"Smashed Altar","floor":30.0,"gold_loss":0.0,"damage_taken":0.0,"cards_obtained":["Decay"]},{"damage_healed":0.0,"max_hp_gain":0.0,"max_hp_loss":0.0,"gold_gain":0.0,"event_name":"The Mausoleum","player_choice":"Opened","floor":31.0,"gold_loss":0.0,"damage_taken":0.0,"relics_obtained":["Letter Opener"],"cards_obtained":["Writhe"]}],"is_beta":false,"boss_relics":[{"not_picked":["HoveringKite","Black Star"],"picked":"WristBlade"}],"items_purged_floors":[21],"is_endless":false,"potions_floor_spawned":[3,4,11,14,19,22,23,29],"killed_by":"Collector","ascension_level":20}