{"gold_per_floor":[15,90,90,103,103,137,157,188,242,15,29,29,47,61,61,156,156,176,196,196,196],"floor_reached":21,"playtime":1689,"items_purged":[],"score":191,"play_id":"3d69d7d5-be45-4015-ad3f-dffb883e1594","local_time":"20190324163933","is_ascension_mode":false,"campfire_choices":[{"floor":12,"key":"REST"},{"floor":15,"key":"REST"}],"neow_cost":"NO_GOLD","seed_source_timestamp":8825848697860,"circlet_count":0,"master_deck":["Strike_R","Strike_R","Strike_R","Strike_R","Strike_R","Defend_R","Defend_R","Defend_R","Defend_R","Bash","Juggernaut","Shrug It Off","Cleave","Anger","Infernal Blade","Dropkick","Iron Wave","Clothesline","Perfected Strike","Anger","Flex","Demon Form","Cleave","Blood for Blood+1","Infernal Blade"],"relics":["Burning Blood","Paper Frog","Anchor","FossilizedHelix","Smiling Mask","Dream Catcher","Black Star"],"potions_floor_usage":[6,16,19,21],"damage_taken":[{"damage":6,"enemies":"2 Louse","floor":1,"turns":4},{"damage":8,"enemies":"Cultist","floor":4,"turns":5},{"damage":14,"enemies":"Lagavulin","floor":6,"turns":8},{"damage":0,"enemies":"Small Slimes","floor":7,"turns":4},{"damage":40,"enemies":"3 Sentries","floor":8,"turns":7},{"damage":3,"enemies":"2 Fungi Beasts","floor":11,"turns":4},{"damage":10,"enemies":"Large Slime","floor":13,"turns":7},{"damage":0,"enemies":"Looter","floor":14,"turns":4},{"damage":45,"enemies":"The Guardian","floor":16,"turns":12},{"damage":49,"enemies":"3 Byrds","floor":18,"turns":6},{"damage":20,"enemies":"Spheric Guardian","floor":19,"turns":4},{"damage":27,"enemies":"3 Cultists","floor":21,"turns":3}],"seed_played":"4269707050457423511","potions_obtained":[{"floor":1,"key":"SkillPotion"},{"floor":6,"key":"Strength Potion"},{"floor":11,"key":"SneckoOil"},{"floor":13,"key":"Explosive Potion"}],"is_trial":false,"path_per_floor":["M","?","?","M","?","E","M","E","T","$","M","R","M","M","R","B",null,"M","M","?","M"],"character_chosen":"IRONCLAD","items_purchased":["Dream Catcher","Dropkick"],"campfire_rested":2,"item_purchase_floors":[10,10],"current_hp_per_floor":[80,69,69,67,67,59,65,31,31,31,34,58,54,60,80,41,80,37,23,23,0],"gold":196,"neow_bonus":"THREE_RARE_CARDS","is_prod":false,"is_daily":false,"chose_seed":false,"campfire_upgraded":0,"win_rate":0.0,"timestamp":1553409573,"path_taken":["M","?","?","M","?","E","?","E","T","?","M","R","M","M","R","BOSS","M","M","?","M"],"build_version":"2019-01-23","purchased_purges":0,"victory":false,"max_hp_per_floor":[80,80,80,80,80,80,80,80,80,80,80,80,80,80,80,80,80,80,80,80,80],"card_choices":[{"not_picked":["Demon Form","Feed"],"picked":"Juggernaut","floor":0},{"not_picked":["Rampage","Fire Breathing"],"picked":"Shrug It Off","floor":1},{"not_picked":["Feel No Pain","Wild Strike"],"picked":"Cleave","floor":4},{"not_picked":["Sword Boomerang","Hemokinesis","Feed"],"picked":"SKIP","floor":6},{"not_picked":["Body Slam","Shrug It Off"],"picked":"Anger","floor":7},{"not_picked":["Flame Barrier","Pommel Strike"],"picked":"Infernal Blade","floor":8},{"not_picked":["True Grit","Immolate"],"picked":"Iron Wave","floor":11},{"not_picked":["Pummel","Clash"],"picked":"Clothesline","floor":12},{"not_picked":["Evolve","Headbutt"],"picked":"Perfected Strike","floor":13},{"not_picked":["Havoc","Feed"],"picked":"Anger","floor":14},{"not_picked":["Body Slam","Thunderclap"],"picked":"Flex","floor":15},{"not_picked":["Offering","Limit Break"],"picked":"Demon Form","floor":16},{"not_picked":["Carnage","Sword Boomerang"],"picked":"Cleave","floor":18},{"not_picked":["Battle Trance+1","Carnage"],"picked":"Blood for Blood+1","floor":19}],"player_experience":84113,"relics_obtained":[{"floor":6,"key":"Anchor"},{"floor":8,"key":"FossilizedHelix"},{"floor":9,"key":"Smiling Mask"}],"event_choices":[{"damage_healed":0,"gold_gain":75,"player_choice":"Gather Gold","damage_taken":11,"max_hp_gain":0,"max_hp_loss":0,"event_name":"World of Goop","floor":2,"gold_loss":0},{"damage_healed":0,"gold_gain":0,"player_choice":"Box","damage_taken":0,"relics_obtained":["Paper Frog"],"max_hp_gain":0,"max_hp_loss":0,"event_name":"Big Fish","floor":3,"gold_loss":0,"cards_obtained":["Regret"]},{"cards_removed":["Regret"],"damage_healed":0,"gold_gain":0,"player_choice":"Removed Curses","damage_taken":0,"max_hp_gain":0,"max_hp_loss":0,"event_name":"Fountain of Cleansing","floor":5,"gold_loss":0},{"damage_healed":0,"gold_gain":0,"player_choice":"Copied","damage_taken":0,"max_hp_gain":0,"max_hp_loss":0,"event_name":"Duplicator","floor":20,"gold_loss":0,"cards_obtained":["Infernal Blade"]}],"is_beta":false,"boss_relics":[{"not_picked":["Runic Dome","Snecko Eye"],"picked":"Black Star"}],"items_purged_floors":[],"is_endless":false,"potions_floor_spawned":[1,6,11,13],"killed_by":"3 Cultists","ascension_level":0}