{"gold_per_floor":[116,136,67,67,78,78,100,100,100,110,173,203,75,89,89,190,190,205,31,31,43,57,70,98,98,98,98,118,136,136,161,161,258,258,272,272,291,291,303,303,319,332,378,253,253,4,4,30,30,30],"floor_reached":51,"playtime":3858,"items_purged":["Strike_G","Strike_G","Defend_G"],"score":687,"play_id":"0c3c9718-a462-4d94-a124-77435a80f116","local_time":"20190607204829","is_ascension_mode":false,"campfire_choices":[{"floor":6.0,"key":"REST"},{"data":"Footwork","floor":8.0,"key":"SMITH"},{"floor":15.0,"key":"REST"},{"data":"Noxious Fumes","floor":25.0,"key":"SMITH"},{"data":"Calculated Gamble","floor":27.0,"key":"SMITH"},{"data":"Malaise","floor":30.0,"key":"SMITH"},{"data":"Deadly Poison","floor":32.0,"key":"SMITH"},{"data":"Envenom","floor":40.0,"key":"SMITH"},{"data":"Deadly Poison","floor":45.0,"key":"SMITH"},{"floor":49,"key":"REST"}],"neow_cost":"NONE","seed_source_timestamp":633308540409305,"circlet_count":0,"master_deck":["Defend_G","Defend_G","Defend_G","Survivor","Neutralize","Well Laid Plans","Footwork+1","Flying Knee","Deadly Poison+1","Deadly Poison","Calculated Gamble+1","Sucker Punch","Poisoned Stab","Deadly Poison+1","Acrobatics","Malaise+1","Backstab+1","Dodge and Roll+1","Dodge and Roll+1","Backflip+1","Noxious Fumes+1","Reflex","Dagger Throw+1","Outmaneuver+1","Deadly Poison","Envenom+1","Deadly Poison+1","Deadly Poison+1"],"special_seed":0,"relics":["Ring of the Snake","Question Card","Odd Mushroom","FossilizedHelix","Tough Bandages","Dream Catcher","Astrolabe","Kunai","Bird Faced Urn","Snake Skull","Calling Bell","Omamori","Letter Opener","Girya","Anchor","Paper Crane","Vajra"],"potions_floor_usage":[50,50,50],"damage_taken":[{"damage":0.0,"enemies":"2 Louse","floor":1.0,"turns":2.0},{"damage":4.0,"enemies":"Small Slimes","floor":2.0,"turns":6.0},{"damage":2.0,"enemies":"Cultist","floor":5.0,"turns":5.0},{"damage":11.0,"enemies":"The Mushroom Lair","floor":7.0,"turns":8.0},{"damage":0.0,"enemies":"Looter","floor":10.0,"turns":3.0},{"damage":6.0,"enemies":"Gremlin Nob","floor":11.0,"turns":5.0},{"damage":13.0,"enemies":"Lagavulin","floor":12.0,"turns":6.0},{"damage":22.0,"enemies":"Lots of Slimes","floor":14.0,"turns":5.0},{"damage":6.0,"enemies":"The Guardian","floor":16.0,"turns":9.0},{"damage":7.0,"enemies":"Shell Parasite","floor":18.0,"turns":6.0},{"damage":0.0,"enemies":"Spheric Guardian","floor":21.0,"turns":5.0},{"damage":0.0,"enemies":"Snecko","floor":22.0,"turns":6.0},{"damage":0.0,"enemies":"Cultist and Chosen","floor":23.0,"turns":7.0},{"damage":13.0,"enemies":"Gremlin Leader","floor":24.0,"turns":8.0},{"damage":0.0,"enemies":"Centurion and Healer","floor":28.0,"turns":7.0},{"damage":0.0,"enemies":"Snecko","floor":29.0,"turns":6.0},{"damage":0.0,"enemies":"Book of Stabbing","floor":31.0,"turns":7.0},{"damage":30.0,"enemies":"Champ","floor":33.0,"turns":13.0},{"damage":3.0,"enemies":"Orb Walker","floor":35.0,"turns":4.0},{"damage":9.0,"enemies":"3 Darklings","floor":37.0,"turns":5.0},{"damage":0.0,"enemies":"Transient","floor":39.0,"turns":5.0},{"damage":0.0,"enemies":"Maw","floor":41.0,"turns":7.0},{"damage":19.0,"enemies":"Spire Growth","floor":42.0,"turns":6.0},{"damage":58,"enemies":"Awakened One","floor":50,"turns":15}],"seed_played":"4473721170603366960","potions_obtained":[{"floor":1.0,"key":"Energy Potion"},{"floor":10.0,"key":"FearPotion"},{"floor":14.0,"key":"GhostInAJar"},{"floor":16.0,"key":"Weak Potion"},{"floor":28.0,"key":"Fire Potion"},{"floor":33.0,"key":"Strength Potion"},{"floor":35.0,"key":"Fire Potion"},{"floor":37.0,"key":"Poison Potion"},{"floor":39.0,"key":"Dexterity Potion"}],"is_trial":false,"path_per_floor":["M","M","$","?","M","R","?","R","T","M","?","E","$","M","R","B",null,"M","$","?","M","M","M","E","R","T","R","M","M","R","E","R","B",null,"M","?","M","?","M","R","M","M","T","$","R","$","?","T","R","B",null],"character_chosen":"THE_SILENT","items_purchased":["Footwork","Poisoned Stab","Noxious Fumes","Paper Crane"],"campfire_rested":3,"item_purchase_floors":[3,13,19,46],"current_hp_per_floor":[77,73,73,55,53,76,65,65,65,65,59,46,46,24,47,41,77,70,70,70,70,70,70,57,57,57,57,63,67,67,73,73,47,77,74,74,68,77,77,77,77,60,60,60,60,60,60,60,77,25],"gold":30,"neow_bonus":"TEN_PERCENT_HP_BONUS","is_prod":false,"is_daily":false,"chose_seed":false,"campfire_upgraded":7,"win_rate":0.0,"timestamp":1559933309,"path_taken":["M","M","$","?","M","R","?","R","T","M","?","E","$","M","R","BOSS","M","$","?","M","?","M","E","R","T","R","M","M","R","E","R","BOSS","M","?","?","?","M","R","M","M","T","?","R","$","?","?","R","BOSS"],"build_version":"2019-01-23","purchased_purges":3,"victory":true,"max_hp_per_floor":[77,77,77,77,77,77,77,77,77,77,77,77,77,77,77,77,77,77,77,77,77,77,77,77,77,77,77,77,77,77,77,77,77,77,77,77,77,77,77,77,77,77,77,77,77,77,77,77,77,77],"card_choices":[{"not_picked":["Reflex","Expertise","Dodge and Roll"],"picked":"SKIP","floor":1.0},{"not_picked":["Outmaneuver","Prepared"],"picked":"Well Laid Plans","floor":2.0},{"not_picked":["Dodge and Roll","Endless Agony","Outmaneuver"],"picked":"Flying Knee","floor":5.0},{"not_picked":["Leg Sweep","Slice","Dagger Spray"],"picked":"Deadly Poison","floor":7.0},{"not_picked":["Endless Agony","Caltrops","Quick Slash"],"picked":"Deadly Poison","floor":10.0},{"not_picked":["Venomology","Flying Knee","Footwork"],"picked":"Calculated Gamble","floor":11.0},{"not_picked":["Blade Dance","Tactician","PiercingWail"],"picked":"Sucker Punch","floor":12.0},{"not_picked":["Terror","Quick Slash","Blade Dance"],"picked":"Deadly Poison","floor":14.0},{"not_picked":["Prepared","Slice","PiercingWail"],"picked":"Acrobatics","floor":15.0},{"not_picked":["Doppelganger","Wraith Form v2","Venomology"],"picked":"Malaise","floor":16.0},{"not_picked":["Deflect","Underhanded Strike","Poisoned Stab"],"picked":"Backflip+1","floor":18.0},{"not_picked":["Blade Dance","Heel Hook+1","Underhanded Strike"],"picked":"Dagger Throw+1","floor":21.0},{"not_picked":["Dagger Throw","Dodge and Roll","Choke","Deflect"],"picked":"SKIP","floor":22.0},{"not_picked":["Dash","Blade Dance+1","Flying Knee","Sucker Punch+1"],"picked":"SKIP","floor":23.0},{"not_picked":["Well Laid Plans","Riddle With Holes","Wraith Form v2"],"picked":"Outmaneuver+1","floor":24.0},{"not_picked":["Masterful Stab","Flying Knee+1","Prepared","Slice+1"],"picked":"SKIP","floor":28.0},{"not_picked":["Expertise","Choke","Sucker Punch","Underhanded Strike"],"picked":"SKIP","floor":29.0},{"not_picked":["Expertise","Flechettes","Dodge and Roll"],"picked":"Deadly Poison","floor":31.0},{"not_picked":["Malaise","Glass Knife","Doppelganger"],"picked":"Envenom","floor":33.0},{"not_picked":["Slice","Flechettes","Backstab+1","Dodge and Roll+1"],"picked":"SKIP","floor":35.0},{"not_picked":["Tactician","Underhanded Strike+1","Masterful Stab"],"picked":"Deadly Poison+1","floor":37.0},{"not_picked":["Acrobatics+1","Deflect","Quick Slash+1","Dagger Spray+1"],"picked":"SKIP","floor":39.0},{"not_picked":["Predator+1","Calculated Gamble","Dodge and Roll+1","Leg Sweep+1"],"picked":"SKIP","floor":41.0},{"not_picked":["Dash+1","Unload","Deadly Poison","Eviscerate+1"],"picked":"SKIP","floor":42.0},{"not_picked":["Backstab+1","PiercingWail","Outmaneuver+1"],"picked":"Deadly Poison+1","floor":49}],"player_experience":13098,"relics_obtained":[{"floor":7.0,"key":"Odd Mushroom"},{"floor":9.0,"key":"FossilizedHelix"},{"floor":11.0,"key":"Tough Bandages"},{"floor":12.0,"key":"Dream Catcher"},{"floor":24.0,"key":"Kunai"},{"floor":26.0,"key":"Bird Faced Urn"},{"floor":31.0,"key":"Snake Skull"},{"floor":34.0,"key":"Omamori"},{"floor":34.0,"key":"Letter Opener"},{"floor":34.0,"key":"Girya"},{"floor":43.0,"key":"Anchor"},{"floor":48,"key":"Vajra"}],"event_choices":[{"damage_healed":0.0,"max_hp_gain":0.0,"max_hp_loss":0.0,"gold_gain":0.0,"event_name":"Scrap Ooze","player_choice":"Success","floor":4.0,"gold_loss":0.0,"damage_taken":18.0,"relics_obtained":["Question Card"]},{"damage_healed":0.0,"max_hp_gain":0.0,"max_hp_loss":0.0,"gold_gain":0.0,"event_name":"Mushrooms","player_choice":"Fought Mushrooms","floor":7.0,"gold_loss":0.0,"damage_taken":0.0},{"damage_healed":0.0,"max_hp_gain":0.0,"max_hp_loss":0.0,"gold_gain":0.0,"event_name":"Dead Adventurer","player_choice":"Searched \u00271\u0027 times","floor":11.0,"gold_loss":0.0,"damage_taken":0.0},{"damage_healed":0.0,"max_hp_gain":0.0,"max_hp_loss":0.0,"gold_gain":0.0,"cards_transformed":["Strike_G"],"event_name":"Transmorgrifier","player_choice":"Transformed","floor":20.0,"gold_loss":0.0,"damage_taken":0.0,"cards_obtained":["Reflex"]},{"cards_removed":["Writhe","Regret","Regret"],"damage_healed":0.0,"max_hp_gain":0.0,"max_hp_loss":0.0,"gold_gain":0.0,"event_name":"Fountain of Cleansing","player_choice":"Removed Curses","floor":36.0,"gold_loss":0.0,"damage_taken":0.0},{"damage_healed":9.0,"max_hp_gain":0.0,"max_hp_loss":0.0,"gold_gain":0.0,"event_name":"Wheel of Change","player_choice":"Full Heal","floor":38.0,"gold_loss":0.0,"damage_taken":0.0},{"damage_healed":0,"gold_gain":0,"player_choice":"Ignored","damage_taken":0,"max_hp_gain":0,"max_hp_loss":0,"event_name":"Mysterious Sphere","floor":47,"gold_loss":0}],"is_beta":false,"boss_relics":[{"not_picked":["Orrery","Empty Cage"],"picked":"Astrolabe"},{"not_picked":["Velvet Choker","White Beast Statue"],"picked":"Calling Bell"}],"items_purged_floors":[13,19,44],"is_endless":false,"potions_floor_spawned":[1,10,14,16,18,28,33,35,37,39],"ascension_level":0}