{"gold_per_floor":[118,131,145,163,180,210,210,210,210,0,20,20,20,270,270,270],"floor_reached":16,"playtime":769,"items_purged":[],"score":133,"play_id":"d6d55cfd-51f8-4ed5-9a8b-b2605cf909aa","local_time":"20180726004747","is_ascension_mode":true,"campfire_choices":[{"data":"Flame Barrier","floor":7,"key":"SMITH"},{"data":"Headbutt","floor":12,"key":"SMITH"},{"floor":15,"key":"REST"}],"neow_cost":"NONE","seed_source_timestamp":1229734173346154,"circlet_count":0,"master_deck":["Strike_R","Strike_R","Strike_R","Defend_R","Defend_R","Defend_R","Defend_R","Bash","Iron Wave","Dropkick","Flame Barrier+1","Headbutt+1","Seeing Red","Havoc"],"relics":["Burning Blood","Omamori","Ornamental Fan","TheAbacus"],"potions_floor_usage":[6],"damage_taken":[{"damage":7,"enemies":"Small Slimes","floor":1,"turns":4},{"damage":3,"enemies":"Jaw Worm","floor":2,"turns":6},{"damage":2,"enemies":"2 Louse","floor":3,"turns":3},{"damage":15,"enemies":"Lots of Slimes","floor":4,"turns":6},{"damage":6,"enemies":"Looter","floor":5,"turns":3},{"damage":26,"enemies":"3 Sentries","floor":6,"turns":10},{"damage":10,"enemies":"3 Louse","floor":11,"turns":3},{"damage":71,"enemies":"Hexaghost","floor":16,"turns":14}],"seed_played":"-8072443582869566312","potions_obtained":[{"floor":2,"key":"GamblersBrew"},{"floor":6,"key":"Explosive Potion"}],"is_trial":false,"path_per_floor":["M","M","M","M","M","E","R","?","T","$","M","R","?","?","R"],"character_chosen":"IRONCLAD","items_purchased":["TheAbacus"],"campfire_rested":1,"item_purchase_floors":[10],"current_hp_per_floor":[71,74,78,69,69,49,49,42,42,42,38,38,43,43,68,0],"gold":270,"neow_bonus":"REMOVE_CARD","is_prod":false,"is_daily":false,"chose_seed":false,"campfire_upgraded":2,"win_rate":0,"timestamp":1532580467,"path_taken":["M","M","M","M","M","E","R","?","T","$","M","R","?","?","R","BOSS"],"build_version":"2018-07-19v2","purchased_purges":0,"victory":false,"max_hp_per_floor":[80,80,80,80,80,80,80,80,80,80,80,80,85,85,85,85],"card_choices":[{"not_picked":["Flex","Warcry"],"picked":"Iron Wave","floor":1},{"not_picked":["Clothesline","Armaments"],"picked":"Dropkick","floor":2},{"not_picked":["Sever Soul","Heavy Blade"],"picked":"Flame Barrier","floor":3},{"not_picked":["Twin Strike","Bloodletting"],"picked":"Headbutt","floor":4},{"not_picked":["Armaments","True Grit"],"picked":"Seeing Red","floor":5},{"not_picked":["Wild Strike","Twin Strike"],"picked":"Havoc","floor":6},{"not_picked":["Demon Form","Heavy Blade","Dropkick"],"picked":"SKIP","floor":11}],"player_experience":317786,"relics_obtained":[{"floor":6,"key":"Omamori"},{"floor":9,"key":"Ornamental Fan"}],"event_choices":[{"event_name":"Golden Wing","player_choice":"Card Removal","floor":8,"damage_taken":0},{"event_name":"Big Fish","player_choice":"Donut","floor":13,"damage_taken":0},{"event_name":"Golden Shrine","player_choice":"Desecrate","floor":14,"damage_taken":0}],"is_beta":false,"boss_relics":[],"items_purged_floors":[],"is_endless":false,"potions_floor_spawned":[2,6],"killed_by":"Hexaghost","ascension_level":6}