{"gold_per_floor":[115,135,135,105,119,119,144,144,144,144,161,34,66,66,66,169,169,169,169,15,15,15,15,15,15,15,15,15,15,15,15,15,15,15,15,15,15,0,0,0,0,0,0,0,0,0,0,0,0,0],"floor_reached":50,"playtime":2014,"items_purged":["Defend_R","Defend_R"],"score":674,"play_id":"1b3a972a-1139-4202-844a-e1fafbbd8ec0","local_time":"20190913202603","is_ascension_mode":true,"campfire_choices":[{"data":"Perfected Strike","floor":6,"key":"SMITH"},{"data":"Perfected Strike","floor":8,"key":"SMITH"},{"data":"Bash","floor":10,"key":"SMITH"},{"floor":15,"key":"REST"},{"data":"Perfected Strike","floor":24,"key":"SMITH"},{"data":"Armaments","floor":28,"key":"SMITH"},{"data":"Double Tap","floor":32,"key":"SMITH"},{"data":"Impervious","floor":40,"key":"SMITH"},{"data":"Whirlwind","floor":42,"key":"SMITH"},{"floor":45,"key":"REST"},{"floor":49,"key":"RECALL"}],"neow_cost":"NONE","seed_source_timestamp":151524759709800,"circlet_count":0,"master_deck":["Strike_R","Strike_R","Strike_R","Strike_R","Strike_R","Defend_R","Defend_R","Bash+1","Impervious+1","Perfected Strike+1","Wild Strike","Perfected Strike+1","Reaper","Pommel Strike+1","Thunderclap","Headbutt","Double Tap+1","Perfected Strike+1","Clothesline+1","Armaments+1","Twin Strike+1","Writhe","True Grit+1","Warcry+1","Twin Strike","Twin Strike+1","Disarm+1","Feed","Perfected Strike+1","Perfected Strike+1","Whirlwind+1","Pommel Strike+1","Sentinel+1"],"relics":["Burning Blood","Bottled Flame","Darkstone Periapt","Ectoplasm","Anchor","Vajra","Question Card","Thread and Needle","Happy Flower","Letter Opener","Runic Pyramid","Red Mask","Unceasing Top","Smiling Mask","Nunchaku","Ginger"],"potions_floor_usage":[16,33,33,44,46,50,50,50],"damage_taken":[{"damage":8,"enemies":"Jaw Worm","floor":1,"turns":4},{"damage":1,"enemies":"2 Louse","floor":2,"turns":2},{"damage":0,"enemies":"Cultist","floor":5,"turns":2},{"damage":31,"enemies":"Lagavulin","floor":7,"turns":6},{"damage":5,"enemies":"3 Louse","floor":11,"turns":3},{"damage":35,"enemies":"3 Sentries","floor":13,"turns":7},{"damage":0,"enemies":"Slime Boss","floor":16,"turns":5},{"damage":5,"enemies":"Chosen","floor":18,"turns":3},{"damage":17,"enemies":"3 Byrds","floor":19,"turns":3},{"damage":0,"enemies":"Sentry and Sphere","floor":21,"turns":3},{"damage":17,"enemies":"Slavers","floor":23,"turns":4},{"damage":6,"enemies":"3 Cultists","floor":25,"turns":3},{"damage":11,"enemies":"Book of Stabbing","floor":27,"turns":3},{"damage":15,"enemies":"Slavers","floor":29,"turns":4},{"damage":1,"enemies":"Chosen and Byrds","floor":30,"turns":3},{"damage":61,"enemies":"Automaton","floor":33,"turns":7},{"damage":0,"enemies":"Orb Walker","floor":35,"turns":1},{"damage":6,"enemies":"3 Darklings","floor":36,"turns":4},{"damage":8,"enemies":"4 Shapes","floor":37,"turns":3},{"damage":4,"enemies":"2 Orb Walkers","floor":39,"turns":3},{"damage":45,"enemies":"Reptomancer","floor":41,"turns":4},{"damage":27,"enemies":"Nemesis","floor":44,"turns":3},{"damage":15,"enemies":"Writhing Mass","floor":46,"turns":4},{"damage":0,"enemies":"Spire Growth","floor":48,"turns":2},{"damage":89,"enemies":"Awakened One","floor":50,"turns":8}],"seed_played":"-9000004744994724477","potions_obtained":[{"floor":2,"key":"Ancient Potion"},{"floor":4,"key":"Ancient Potion"},{"floor":4,"key":"EssenceOfSteel"},{"floor":7,"key":"Explosive Potion"},{"floor":11,"key":"Fire Potion"},{"floor":19,"key":"FearPotion"},{"floor":30,"key":"BloodPotion"},{"floor":33,"key":"Block Potion"},{"floor":35,"key":"Poison Potion"},{"floor":44,"key":"Weak Potion"},{"floor":46,"key":"Weak Potion"},{"floor":48,"key":"PowerPotion"}],"is_trial":false,"path_per_floor":["M","M","?","?","M","R","E","R","T","R","M","$","E","?","R","B",null,"M","M","$","M","?","E","R","M","T","E","R","E","M","T","R","B",null,"M","M","M","?","?","R","E","R","T","E","R","M","?","M","R","B"],"character_chosen":"IRONCLAD","items_purchased":["Thunderclap","Armaments"],"campfire_rested":2,"item_purchase_floors":[12,20],"current_hp_per_floor":[78,80,80,80,80,80,55,55,55,55,56,56,31,31,55,61,80,80,69,69,75,81,70,70,86,86,81,81,78,83,83,83,28,86,86,86,84,84,90,90,51,51,51,52,79,76,76,82,82,0],"gold":0,"neow_bonus":"ONE_RANDOM_RARE_CARD","is_prod":false,"is_daily":false,"chose_seed":false,"campfire_upgraded":8,"win_rate":0,"timestamp":1568373963,"path_taken":["M","M","?","?","?","R","E","R","T","R","M","$","E","?","R","BOSS","M","?","?","M","?","E","R","M","T","E","R","E","M","?","R","BOSS","M","M","M","?","?","R","E","R","T","E","R","M","?","?","R","BOSS"],"build_version":"2019-07-17","purchased_purges":2,"victory":false,"max_hp_per_floor":[80,80,80,80,80,80,80,80,80,80,80,80,80,80,80,80,80,80,80,80,80,86,86,86,86,86,86,86,86,86,86,86,86,86,86,86,86,86,90,90,90,90,90,90,90,90,90,90,90,90],"card_choices":[{"not_picked":["Twin Strike","Shrug It Off"],"picked":"Perfected Strike","floor":1},{"not_picked":["Dual Wield","Clothesline"],"picked":"Wild Strike","floor":2},{"not_picked":["Anger","Cleave"],"picked":"Perfected Strike","floor":5},{"not_picked":["Flex","Barricade"],"picked":"Reaper","floor":7},{"not_picked":["Cleave","Havoc"],"picked":"Pommel Strike","floor":11},{"not_picked":["True Grit","Uppercut"],"picked":"Headbutt","floor":13},{"not_picked":["Limit Break","Barricade"],"picked":"Double Tap","floor":16},{"not_picked":["Flex","Clothesline"],"picked":"Perfected Strike","floor":18},{"not_picked":["Inflame+1","Body Slam+1"],"picked":"Clothesline+1","floor":19},{"not_picked":["Iron Wave+1","Barricade"],"picked":"Twin Strike+1","floor":21},{"not_picked":["Clothesline+1","Body Slam+1"],"picked":"True Grit+1","floor":23},{"not_picked":["Thunderclap","Flex"],"picked":"Warcry+1","floor":25},{"not_picked":["Havoc","Flame Barrier","Uppercut"],"picked":"Twin Strike","floor":27},{"not_picked":["Burning Pact","Limit Break","Clothesline"],"picked":"Twin Strike+1","floor":29},{"not_picked":["True Grit+1","Shrug It Off+1","Clothesline"],"picked":"Disarm","floor":30},{"not_picked":["Limit Break","Reaper","Exhume"],"picked":"Feed","floor":33},{"not_picked":["Havoc","Disarm+1","Wild Strike+1"],"picked":"Perfected Strike+1","floor":35},{"not_picked":["Flex+1","Power Through+1","Sword Boomerang","Fire Breathing+1"],"picked":"SKIP","floor":36},{"not_picked":["Shrug It Off","True Grit+1","Corruption+1","Clothesline"],"picked":"SKIP","floor":37},{"not_picked":["Flame Barrier+1","Hemokinesis+1","Reckless Charge"],"picked":"Perfected Strike+1","floor":39},{"not_picked":["Headbutt","True Grit+1","Cleave+1"],"picked":"Whirlwind","floor":41},{"not_picked":["Heavy Blade","Pummel+1","Havoc+1"],"picked":"Pommel Strike+1","floor":44},{"not_picked":["Dual Wield","Clash","Cleave+1","Rupture+1"],"picked":"SKIP","floor":46},{"not_picked":["Burning Pact","Spot Weakness+1","Rupture"],"picked":"Sentinel+1","floor":48}],"player_experience":60120,"relics_obtained":[{"floor":7,"key":"Bottled Flame"},{"floor":13,"key":"Darkstone Periapt"},{"floor":23,"key":"Vajra"},{"floor":26,"key":"Question Card"},{"floor":27,"key":"Thread and Needle"},{"floor":29,"key":"Happy Flower"},{"floor":31,"key":"Letter Opener"},{"floor":39,"key":"Unceasing Top"},{"floor":41,"key":"Smiling Mask"},{"floor":43,"key":"Nunchaku"},{"floor":44,"key":"Ginger"}],"event_choices":[{"damage_healed":0,"gold_gain":0,"player_choice":"Leave","damage_taken":0,"max_hp_gain":0,"max_hp_loss":0,"event_name":"The Cleric","floor":3,"gold_loss":0},{"damage_healed":0,"gold_gain":0,"player_choice":"Bought 2 Potions","damage_taken":0,"max_hp_gain":0,"max_hp_loss":0,"event_name":"The Woman in Blue","floor":4,"gold_loss":0},{"damage_healed":0,"gold_gain":0,"player_choice":"Forge","damage_taken":0,"max_hp_gain":0,"max_hp_loss":0,"event_name":"Accursed Blacksmith","floor":14,"gold_loss":0,"cards_upgraded":["Pommel Strike"]},{"damage_healed":0,"gold_gain":0,"player_choice":"Opened","damage_taken":0,"relics_obtained":["Anchor"],"max_hp_gain":0,"max_hp_loss":0,"event_name":"The Mausoleum","floor":22,"gold_loss":0,"cards_obtained":["Writhe"]},{"damage_healed":0,"gold_gain":0,"player_choice":"Paid","damage_taken":0,"relics_obtained":["Red Mask"],"max_hp_gain":0,"max_hp_loss":0,"event_name":"Tomb of Lord Red Mask","floor":38,"gold_loss":15},{"damage_healed":0,"gold_gain":0,"player_choice":"Fight","damage_taken":0,"max_hp_gain":0,"max_hp_loss":0,"event_name":"Mysterious Sphere","floor":39,"gold_loss":0},{"damage_healed":0,"gold_gain":0,"player_choice":"Upgraded","damage_taken":0,"max_hp_gain":0,"max_hp_loss":0,"event_name":"Upgrade Shrine","floor":47,"gold_loss":0,"cards_upgraded":["Disarm"]}],"is_beta":false,"boss_relics":[{"not_picked":["White Beast Statue","Coffee Dripper"],"picked":"Ectoplasm"},{"not_picked":["Tiny House","Lizard Tail"],"picked":"Runic Pyramid"}],"items_purged_floors":[12,20],"is_endless":false,"potions_floor_spawned":[2,7,11,19,25,30,33,35,44,46,48],"killed_by":"Awakened One","ascension_level":1}