{"path_per_floor":["M","$","M","?","M","R","E","M","T","M","M","M","?","E","R","B",null,"M","$","M","M","M","R","E","R","T","?","R","M","M","E","R","B",null,"M","M","M","$","M","E","M","R","T","R","?","R","M","?","R","B"],"character_chosen":"IRONCLAD","items_purchased":["Paper Frog","True Grit","Jack Of All Trades","Dream Catcher","Havoc"],"gold_per_floor":[360,29,40,40,56,56,90,102,102,115,129,147,206,240,240,340,340,356,55,68,78,89,89,116,116,116,66,66,86,96,123,123,224,224,244,255,275,250,268,301,321,321,321,321,321,321,337,437,437,437],"floor_reached":51,"campfire_rested":5,"playtime":3136,"current_hp_per_floor":[78,78,80,68,68,68,66,72,72,69,63,69,69,45,69,29,80,79,79,79,61,67,67,33,57,57,57,80,79,71,70,70,59,80,75,69,75,75,52,33,32,56,56,56,56,82,72,72,72,7],"items_purged":["Regret"],"gold":437,"score":860,"play_id":"90ae5bc7-c1f3-4f31-a670-65af81cfb638","local_time":"20180407012703","is_prod":false,"is_daily":false,"is_ascension_mode":true,"campfire_upgraded":3,"timestamp":1523078823,"path_taken":["M","$","M","?","M","R","E","M","T","M","M","M","?","E","R","BOSS","M","$","M","M","M","R","E","R","T","?","R","M","M","E","R","BOSS","M","M","M","$","M","E","M","R","T","R","?","R","M","?","R","BOSS"],"build_version":"2018-04-05v2","purchased_purges":1,"victory":true,"master_deck":["Strike_R","Strike_R","Strike_R","Strike_R+1","Defend_R+1","Defend_R","Defend_R","Defend_R","Bash","Shrug It Off","Perfected Strike+1","Sentinel","Sentinel","Feel No Pain+1","Headbutt+1","Armaments","Carnage","Shockwave","Dark Embrace","Twin Strike+1","True Grit","Jack Of All Trades+1","Feel No Pain+1","Shrug It Off","Carnage+1","Whirlwind","Burning Pact+1","Second Wind+1","Sever Soul","Flame Barrier+1","Exhume","Corruption","Shockwave+1","Havoc","Burning Pact","Reaper","Pummel","Warcry+1","Parasite","True Grit+1"],"max_hp_per_floor":[80,80,80,80,80,80,80,80,80,80,80,80,80,80,80,80,80,80,80,80,80,80,80,80,80,80,80,80,80,80,80,80,80,80,80,80,80,80,80,80,80,80,80,80,80,82,82,82,82,82],"relics":["Burning Blood","Paper Frog","Charon\u0027s Ashes","Bag of Marbles","Peace Pipe","Whetstone","Sozu","Dream Catcher","Pen Nib","Kunai","Mummified Hand","Cursed Key","Singing Bowl","Shovel","War Paint","Art of War"],"card_choices":[{"not_picked":["Cleave","Thunderclap"],"picked":"Shrug It Off","floor":1},{"not_picked":["Pommel Strike","True Grit"],"picked":"Perfected Strike","floor":3},{"not_picked":["Anger","Whirlwind"],"picked":"Sentinel","floor":5},{"not_picked":["Hemokinesis","Bludgeon"],"picked":"Sentinel","floor":7},{"not_picked":["Armaments","Clothesline"],"picked":"Feel No Pain","floor":8},{"not_picked":["Uppercut","Perfected Strike"],"picked":"Headbutt","floor":10},{"not_picked":["Bloodletting","Clothesline"],"picked":"Armaments","floor":11},{"not_picked":["Inflame","Power Through"],"picked":"Carnage","floor":12},{"not_picked":["Feed","Warcry"],"picked":"Shockwave","floor":14},{"not_picked":["Limit Break","Bludgeon"],"picked":"Dark Embrace","floor":16},{"not_picked":["Pommel Strike","Cleave"],"picked":"Twin Strike","floor":18},{"not_picked":["Metallicize","Spot Weakness"],"picked":"Feel No Pain","floor":20},{"not_picked":["Combust","Sentinel"],"picked":"Shrug It Off","floor":21},{"not_picked":["Iron Wave","Rampage"],"picked":"Carnage","floor":22},{"not_picked":["Clothesline","Bludgeon"],"picked":"Whirlwind","floor":24},{"not_picked":["Pummel","Fire Breathing"],"picked":"Burning Pact","floor":28},{"not_picked":["True Grit","Spot Weakness"],"picked":"Second Wind","floor":29},{"not_picked":["Flex","Pommel Strike"],"picked":"Sever Soul","floor":30},{"not_picked":["Flex","Double Tap"],"picked":"Flame Barrier","floor":31},{"not_picked":["Immolate","Demon Form"],"picked":"Exhume","floor":33},{"not_picked":["Headbutt","Perfected Strike"],"picked":"Corruption","floor":36},{"not_picked":["Battle Trance","Warcry"],"picked":"Shockwave","floor":37},{"not_picked":["Wild Strike","Corruption"],"picked":"Burning Pact","floor":39},{"not_picked":["Headbutt","Warcry"],"picked":"Reaper","floor":40},{"not_picked":["Anger","Whirlwind"],"picked":"Pummel","floor":41},{"not_picked":["Hemokinesis","Perfected Strike"],"picked":"Warcry","floor":42},{"not_picked":["Power Through","Headbutt"],"picked":"True Grit","floor":47}],"player_experience":184782,"potions_floor_usage":[14,16,18],"damage_taken":[{"damage":8,"enemies":"2 Louse","floor":1,"turns":3},{"damage":3,"enemies":"Jaw Worm","floor":3,"turns":5},{"damage":6,"enemies":"Cultist","floor":5,"turns":3},{"damage":8,"enemies":"Gremlin Nob","floor":7,"turns":3},{"damage":0,"enemies":"2 Fungi Beasts","floor":8,"turns":2},{"damage":9,"enemies":"3 Louse","floor":10,"turns":5},{"damage":12,"enemies":"Exordium Thugs","floor":11,"turns":3},{"damage":0,"enemies":"2 Fungi Beasts","floor":12,"turns":2},{"damage":42,"enemies":"Lagavulin","floor":14,"turns":6},{"damage":46,"enemies":"Slime Boss","floor":16,"turns":13},{"damage":7,"enemies":"Chosen","floor":18,"turns":3},{"damage":6,"enemies":"3 Byrds","floor":20,"turns":3},{"damage":24,"enemies":"Snake Plant","floor":21,"turns":3},{"damage":0,"enemies":"Cultist and Chosen","floor":22,"turns":6},{"damage":40,"enemies":"Slavers","floor":24,"turns":7},{"damage":7,"enemies":"3 Cultists","floor":29,"turns":4},{"damage":14,"enemies":"Centurion and Healer","floor":30,"turns":5},{"damage":7,"enemies":"Gremlin Leader","floor":31,"turns":5},{"damage":17,"enemies":"Champ","floor":33,"turns":9},{"damage":11,"enemies":"Orb Walker","floor":35,"turns":2},{"damage":12,"enemies":"3 Darklings","floor":36,"turns":5},{"damage":0,"enemies":"Maw","floor":37,"turns":5},{"damage":29,"enemies":"4 Shapes","floor":39,"turns":4},{"damage":25,"enemies":"Nemesis","floor":40,"turns":5},{"damage":7,"enemies":"3 Darklings","floor":41,"turns":4},{"damage":16,"enemies":"Sphere and 2 Shapes","floor":47,"turns":5},{"damage":85,"enemies":"Awakened One","floor":50,"turns":11}],"event_choices":[{"event_name":"Scrap Ooze","player_choice":"success","floor":4,"damage_taken":12},{"event_name":"Golden Wing","player_choice":"Gained Gold","floor":13,"damage_taken":0},{"event_name":"The Joust","player_choice":"Bet on Murderer","floor":27,"damage_taken":0},{"event_name":"Golden Shrine","player_choice":"Pray","floor":48,"damage_taken":0}],"boss_relics":[{"not_picked":["Runic Pyramid","Ectoplasm"],"picked":"Sozu"},{"not_picked":["Velvet Choker","Mark of Pain"],"picked":"Cursed Key"}],"potions_floor_spawned":[7,8,10,11,12,18,30,31,33,36,37,39,41,47],"seed_played":"-955015395875727034","ascension_level":3,"is_trial":false}