{"gold_per_floor":[219,230,249,267,16,16,16,16,70,70,101,101,157,167,167,167],"floor_reached":16,"playtime":753,"items_purged":[],"score":220,"play_id":"350ed3c3-5c79-495c-9b12-dc8c48dee5f0","local_time":"20190808143241","is_ascension_mode":true,"campfire_choices":[{"data":"HandOfGreed","floor":6.0,"key":"SMITH"},{"data":"Loop","floor":8.0,"key":"SMITH"},{"data":"Rip and Tear","floor":10.0,"key":"SMITH"},{"floor":12.0,"key":"REST"},{"floor":15.0,"key":"REST"}],"neow_cost":"NONE","seed_source_timestamp":1033375728696068,"circlet_count":0,"master_deck":["AscendersBane","Strike_B","Strike_B","Strike_B","Strike_B","Defend_B","Defend_B","Defend_B","Defend_B","Zap","Dualcast","Rebound","BootSequence","Loop+1","Chaos","HandOfGreed+1","Rip and Tear+1","Stack","Coolheaded","Beam Cell"],"special_seed":0,"relics":["Cracked Core","Vajra","Dream Catcher","Happy Flower"],"potions_floor_usage":[16],"damage_taken":[{"damage":1.0,"enemies":"Cultist","floor":1.0,"turns":3.0},{"damage":4.0,"enemies":"Jaw Worm","floor":2.0,"turns":3.0},{"damage":0.0,"enemies":"2 Louse","floor":3.0,"turns":2.0},{"damage":25.0,"enemies":"Large Slime","floor":4.0,"turns":6.0},{"damage":23.0,"enemies":"Lagavulin","floor":11.0,"turns":5.0},{"damage":8.0,"enemies":"Gremlin Nob","floor":13.0,"turns":3.0},{"damage":12.0,"enemies":"2 Fungi Beasts","floor":14.0,"turns":4.0},{"damage":33,"enemies":"Slime Boss","floor":16,"turns":9}],"seed_played":"-7024785839879468215","potions_obtained":[{"floor":4.0,"key":"Block Potion"},{"floor":14.0,"key":"Ancient Potion"}],"is_trial":false,"path_per_floor":["M","M","M","M","$","R","?","R","T","R","E","R","E","M","R","B"],"character_chosen":"DEFECT","items_purchased":["HandOfGreed","Rip and Tear"],"campfire_rested":2,"item_purchase_floors":[5,5],"current_hp_per_floor":[63,59,59,34,34,34,34,34,34,34,11,32,24,12,33,0],"gold":167,"neow_bonus":"HUNDRED_GOLD","is_prod":false,"is_daily":false,"chose_seed":false,"campfire_upgraded":3,"win_rate":0,"timestamp":1565289161,"path_taken":["M","?","M","M","$","R","?","R","T","R","E","R","E","M","R","BOSS"],"build_version":"2019-07-17","purchased_purges":0,"victory":false,"max_hp_per_floor":[71,71,71,71,71,71,71,71,71,71,71,71,71,71,71,71],"card_choices":[{"not_picked":["Barrage","Leap"],"picked":"Rebound","floor":1.0},{"not_picked":["Hologram","Compile Driver"],"picked":"BootSequence","floor":2.0},{"not_picked":["Glacier","Rebound"],"picked":"Loop","floor":3.0},{"not_picked":["Reinforced Body","Consume"],"picked":"Chaos","floor":4.0},{"not_picked":["Streamline","Creative AI"],"picked":"Stack","floor":11.0},{"not_picked":["Redo","Conserve Battery"],"picked":"Coolheaded","floor":13.0},{"not_picked":["Machine Learning","Fusion"],"picked":"Beam Cell","floor":14.0}],"player_experience":1734636,"relics_obtained":[{"floor":9.0,"key":"Vajra"},{"floor":11.0,"key":"Dream Catcher"},{"floor":13.0,"key":"Happy Flower"}],"event_choices":[{"damage_healed":0.0,"max_hp_gain":0.0,"max_hp_loss":0.0,"gold_gain":0.0,"event_name":"Liars Game","player_choice":"Ignored","floor":7.0,"gold_loss":0.0,"damage_taken":0.0}],"is_beta":false,"boss_relics":[],"items_purged_floors":[],"is_endless":false,"potions_floor_spawned":[4,14],"killed_by":"Slime Boss","ascension_level":20}