{"gold_per_floor":[109,109,119,19,35,35,35,62,62,79,79,111,128,128],"floor_reached":14,"playtime":594,"items_purged":["Strike_G"],"score":155,"play_id":"1bf10a75-351b-4349-bb39-0f37869267c8","local_time":"20181201163540","is_ascension_mode":true,"campfire_choices":[{"data":"Poisoned Stab","floor":6,"key":"SMITH"},{"floor":11,"key":"REST"}],"neow_cost":"PERCENT_DAMAGE","seed_source_timestamp":64132344184970,"circlet_count":0,"master_deck":["AscendersBane","Defend_G","Defend_G","Defend_G","Defend_G","Defend_G","Survivor","Neutralize","Poisoned Stab+1","Dagger Spray","Deadly Poison","Bouncing Flask","Adrenaline","Cloak And Dagger","Envenom"],"relics":["Ring of the Snake","Kunai","Pocketwatch","Sundial"],"potions_floor_usage":[8,14,14],"damage_taken":[{"damage":0,"enemies":"2 Louse","floor":1,"turns":5},{"damage":0,"enemies":"Cultist","floor":3,"turns":4},{"damage":0,"enemies":"Small Slimes","floor":5,"turns":4},{"damage":5,"enemies":"Gremlin Nob","floor":8,"turns":4},{"damage":3,"enemies":"Blue Slaver","floor":10,"turns":3},{"damage":35,"enemies":"3 Sentries","floor":12,"turns":6},{"damage":7,"enemies":"Lots of Slimes","floor":13,"turns":3},{"damage":28,"enemies":"Gremlin Nob","floor":14,"turns":3}],"seed_played":"5953434592147881363","potions_obtained":[{"floor":3,"key":"PowerPotion"},{"floor":8,"key":"SteroidPotion"},{"floor":13,"key":"SkillPotion"}],"is_trial":false,"path_per_floor":["M","?","M","$","M","R","?","E","T","M","R","E","M","E"],"character_chosen":"THE_SILENT","items_purchased":["Deadly Poison"],"campfire_rested":1,"item_purchase_floors":[4],"current_hp_per_floor":[45,45,45,45,45,45,38,33,33,30,51,16,9,0],"gold":128,"neow_bonus":"REMOVE_TWO","is_prod":false,"is_daily":false,"chose_seed":false,"campfire_upgraded":1,"win_rate":0,"timestamp":1543700140,"path_taken":["M","?","M","$","?","R","?","E","T","M","R","E","M","E"],"build_version":"2018-11-15","purchased_purges":1,"victory":false,"max_hp_per_floor":[70,70,70,70,70,70,70,70,70,70,70,70,70,70],"card_choices":[{"not_picked":["Sucker Punch","Backflip"],"picked":"Poisoned Stab","floor":1},{"not_picked":["Prepared","Caltrops"],"picked":"Dagger Spray","floor":3},{"not_picked":["Deadly Poison","Underhanded Strike"],"picked":"Bouncing Flask","floor":5},{"not_picked":["Finisher","Terror"],"picked":"Adrenaline","floor":8},{"not_picked":["Outmaneuver","Deflect"],"picked":"Cloak And Dagger","floor":10},{"not_picked":["Infinite Blades","Concentrate"],"picked":"Envenom","floor":12},{"not_picked":["Tactician","Underhanded Strike","Eviscerate"],"picked":"SKIP","floor":13}],"player_experience":738439,"relics_obtained":[{"floor":8,"key":"Kunai"},{"floor":9,"key":"Pocketwatch"},{"floor":12,"key":"Sundial"}],"event_choices":[{"cards_removed":["Strike_G"],"damage_healed":0,"gold_gain":0,"player_choice":"Offered Basic","damage_taken":0,"max_hp_gain":0,"max_hp_loss":0,"event_name":"Bonfire Elementals","floor":2,"gold_loss":0},{"cards_removed":["Strike_G"],"damage_healed":0,"gold_gain":0,"player_choice":"Card Removal","damage_taken":7,"max_hp_gain":0,"max_hp_loss":0,"event_name":"Golden Wing","floor":7,"gold_loss":0}],"is_beta":false,"boss_relics":[],"items_purged_floors":[4],"is_endless":false,"potions_floor_spawned":[3,8,13],"killed_by":"Gremlin Nob","ascension_level":11}