{"path_per_floor":["M","?","M","M","$","E","R","M","T","?","M","M","?","M","R","B",null,"M","?","$","M","M","$","R","M","T","?","$","?","E","M","R"],"character_chosen":"IRONCLAD","items_purchased":["Regal Pillow","Lee\u0027s Waffle"],"gold_per_floor":[143,143,163,174,31,57,57,73,73,73,83,99,64,80,80,179,179,198,198,6,17,29,29,29,42,110,25,25,25,59,75,75,75],"floor_reached":33,"campfire_rested":4,"playtime":1365,"current_hp_per_floor":[84,84,81,75,75,44,84,68,68,68,54,48,69,48,85,38,85,59,59,92,76,44,44,86,55,55,55,55,37,34,20,64,0],"items_purged":[],"gold":75,"score":334,"play_id":"f23a3c5e-5e72-4a86-b2b3-18b284241e9a","local_time":"20180331020736","is_prod":false,"is_daily":false,"is_ascension_mode":true,"campfire_upgraded":0,"timestamp":1522476456,"path_taken":["M","?","M","M","$","E","R","M","T","?","M","M","?","M","R","BOSS","M","?","$","M","M","?","R","M","T","?","?","?","E","M","R","BOSS"],"build_version":"2018-03-29v2","purchased_purges":0,"victory":false,"master_deck":["Strike_R","Strike_R","Strike_R","Strike_R","Strike_R","Defend_R+1","Defend_R","Defend_R","Defend_R","Bash","Pommel Strike","Clash+1","Regret","True Grit","Clash","Pummel","Hemokinesis","Shrug It Off","Perfected Strike","Flex","Limit Break","Uppercut","True Grit+1","Warcry+1","Shockwave","Reckless Charge+1"],"max_hp_per_floor":[85,85,85,85,85,85,85,85,85,85,85,85,85,85,85,85,85,85,85,92,92,92,92,92,92,92,92,92,97,97,97,97,97],"relics":["Tiny House","Pen Nib","Regal Pillow","Gambling Chip","Champion Belt","Runic Dome","Lee\u0027s Waffle","Letter Opener","Art of War","Juzu Bracelet"],"card_choices":[{"not_picked":["Twin Strike","Sword Boomerang"],"picked":"Pommel Strike","floor":0},{"not_picked":["Heavy Blade","Carnage"],"picked":"Clash","floor":1},{"not_picked":["Flex","Ghostly Armor"],"picked":"True Grit","floor":3},{"not_picked":["Ghostly Armor","Twin Strike"],"picked":"Clash","floor":4},{"not_picked":["Blood for Blood","Armaments"],"picked":"Pummel","floor":6},{"not_picked":["Cleave","Searing Blow"],"picked":"Hemokinesis","floor":8},{"not_picked":["Immolate","True Grit"],"picked":"Shrug It Off","floor":11},{"not_picked":["Havoc","Shrug It Off"],"picked":"Perfected Strike","floor":12},{"not_picked":["Evolve","Cleave"],"picked":"Flex","floor":14},{"not_picked":["Feed","Bludgeon"],"picked":"Limit Break","floor":16},{"not_picked":["Perfected Strike","Armaments"],"picked":"Uppercut","floor":18},{"not_picked":["Whirlwind","Rupture"],"picked":"True Grit","floor":21},{"not_picked":["Headbutt","Rage"],"picked":"Warcry","floor":22},{"not_picked":["Cleave","Shrug It Off"],"picked":"Shockwave","floor":25},{"not_picked":["Anger","Iron Wave"],"picked":"Reckless Charge","floor":30}],"player_experience":166791,"potions_floor_usage":[16,16,16,30,30,30],"damage_taken":[{"damage":1,"enemies":"2 Louse","floor":1,"turns":3},{"damage":3,"enemies":"Cultist","floor":3,"turns":3},{"damage":6,"enemies":"Small Slimes","floor":4,"turns":3},{"damage":31,"enemies":"Gremlin Nob","floor":6,"turns":4},{"damage":16,"enemies":"Looter","floor":8,"turns":3},{"damage":14,"enemies":"Large Slime","floor":11,"turns":2},{"damage":6,"enemies":"2 Fungi Beasts","floor":12,"turns":2},{"damage":21,"enemies":"Gremlin Gang","floor":14,"turns":3},{"damage":47,"enemies":"The Guardian","floor":16,"turns":10},{"damage":26,"enemies":"Chosen","floor":18,"turns":6},{"damage":16,"enemies":"3 Byrds","floor":21,"turns":4},{"damage":32,"enemies":"Cultist and Chosen","floor":22,"turns":6},{"damage":31,"enemies":"Snake Plant","floor":25,"turns":3},{"damage":15,"enemies":"Gremlin Leader","floor":30,"turns":5},{"damage":14,"enemies":"Centurion and Healer","floor":31,"turns":5},{"damage":84,"enemies":"Champ","floor":33,"turns":12}],"event_choices":[{"event_name":"Big Fish","player_choice":"Box","floor":2,"damage_taken":0},{"event_name":"Living Wall","player_choice":"Grow","floor":10,"damage_taken":0},{"event_name":"The Cleric","player_choice":"Healed","floor":13,"damage_taken":0},{"event_name":"Vampires","player_choice":"Ignored","floor":19,"damage_taken":0},{"event_name":"Addict","player_choice":"Obtained Relic","floor":27,"damage_taken":0},{"event_name":"Forgotten Altar","player_choice":"Shed Blood","floor":29,"damage_taken":0}],"boss_relics":[{"not_picked":["Runic Pyramid","Sozu"],"picked":"Runic Dome"}],"potions_floor_spawned":[8,12,14,16,18,25],"seed_played":"-8861757184951567567","killed_by":"Champ","ascension_level":3,"is_trial":false}