{"gold_per_floor":[20,30,30,49,49,84,84,111,111,111,129,160,160,171,171,273,273,285,235,235,248,173,173,203,33,57,57,75,91,105,105,105,105],"floor_reached":33,"playtime":1707,"items_purged":["Strike_G","Strike_G"],"score":442,"play_id":"8f57ac3a-41f7-47c5-b6b3-831ecdd57b16","local_time":"20181127013523","is_ascension_mode":true,"campfire_choices":[{"floor":7,"key":"REST"},{"floor":10,"key":"REST"},{"data":"Catalyst","floor":13,"key":"SMITH"},{"data":"Poisoned Stab","floor":15,"key":"SMITH"},{"floor":23,"key":"REST"},{"floor":32,"key":"REST"}],"neow_cost":"NO_GOLD","seed_source_timestamp":707621023284382,"circlet_count":0,"master_deck":["AscendersBane","Defend_G","Defend_G","Defend_G","Defend_G","Defend_G","Survivor","Neutralize","Bouncing Flask+1","Choke","Backstab","Catalyst+1","PiercingWail","Poisoned Stab+1","Prepared","Endless Agony","Deflect","Backflip+1","Cloak And Dagger+1","Dagger Throw","Underhanded Strike","Deflect+1"],"relics":["Ring of the Snake","Blue Candle","Regal Pillow","Smiling Mask","Pantograph","Letter Opener","Sozu","Nilry\u0027s Codex","Oddly Smooth Stone","Tiny Chest","Strawberry"],"potions_floor_usage":[8,12,12,16],"damage_taken":[{"damage":0,"enemies":"Small Slimes","floor":1,"turns":3},{"damage":4,"enemies":"Jaw Worm","floor":2,"turns":3},{"damage":0,"enemies":"2 Louse","floor":4,"turns":2},{"damage":25,"enemies":"Gremlin Nob","floor":6,"turns":4},{"damage":18,"enemies":"3 Sentries","floor":8,"turns":8},{"damage":23,"enemies":"Large Slime","floor":11,"turns":5},{"damage":35,"enemies":"Lagavulin","floor":12,"turns":4},{"damage":5,"enemies":"Gremlin Gang","floor":14,"turns":4},{"damage":11,"enemies":"Hexaghost","floor":16,"turns":7},{"damage":27,"enemies":"Spheric Guardian","floor":18,"turns":4},{"damage":1,"enemies":"3 Byrds","floor":21,"turns":4},{"damage":26,"enemies":"Gremlin Leader","floor":24,"turns":6},{"damage":9,"enemies":"Snake Plant","floor":28,"turns":3},{"damage":5,"enemies":"Centurion and Healer","floor":29,"turns":5},{"damage":23,"enemies":"Shelled Parasite and Fungi","floor":30,"turns":5},{"damage":75,"enemies":"Automaton","floor":33,"turns":10}],"seed_played":"-7223372635727505968","potions_obtained":[{"floor":4,"key":"Explosive Potion"},{"floor":8,"key":"FearPotion"},{"floor":11,"key":"Regen Potion"},{"floor":14,"key":"Strength Potion"}],"is_trial":false,"path_per_floor":["M","M","?","M","?","E","R","E","T","R","M","E","R","M","R","B",null,"M","$","?","M","?","R","E","$","T","?","M","M","M","?","R","B"],"character_chosen":"THE_SILENT","items_purchased":["Tiny Chest"],"campfire_rested":4,"item_purchase_floors":[25],"current_hp_per_floor":[63,59,59,59,41,16,52,34,34,70,47,26,26,21,21,35,61,34,34,18,17,17,53,27,27,34,59,50,45,22,8,47,0],"gold":105,"neow_bonus":"TRANSFORM_TWO_CARDS","is_prod":false,"is_daily":false,"chose_seed":false,"campfire_upgraded":2,"win_rate":0,"timestamp":1543300523,"path_taken":["M","M","?","M","?","E","R","E","T","R","M","E","R","M","R","BOSS","M","$","?","M","?","R","E","?","T","?","M","M","M","?","R","BOSS"],"build_version":"2018-11-15","purchased_purges":2,"victory":false,"max_hp_per_floor":[70,70,70,70,70,70,70,70,70,70,70,70,70,70,70,70,70,70,70,70,70,70,70,70,70,77,77,77,77,77,82,82,82],"card_choices":[{"not_picked":["Quick Slash","Dagger Spray"],"picked":"Backstab","floor":1},{"not_picked":["Underhanded Strike","Poisoned Stab"],"picked":"Catalyst","floor":2},{"not_picked":["Dash","Quick Slash"],"picked":"PiercingWail","floor":4},{"not_picked":["A Thousand Cuts","Footwork"],"picked":"Poisoned Stab","floor":6},{"not_picked":["Choke","Backflip"],"picked":"Prepared","floor":8},{"not_picked":["Dagger Spray","PiercingWail"],"picked":"Endless Agony","floor":11},{"not_picked":["Leg Sweep","Crippling Poison","Setup"],"picked":"SKIP","floor":12},{"not_picked":["Acrobatics","Leg Sweep"],"picked":"Deflect","floor":14},{"not_picked":["Noxious Fumes","Outmaneuver"],"picked":"Backflip+1","floor":18},{"not_picked":["Bane","Skewer"],"picked":"Cloak And Dagger+1","floor":21},{"not_picked":["Flying Knee+1","Malaise"],"picked":"Dagger Throw","floor":24},{"not_picked":["Slice","Blade Dance"],"picked":"Underhanded Strike","floor":28},{"not_picked":["PiercingWail+1","Flying Knee"],"picked":"Deflect+1","floor":29},{"not_picked":["Underhanded Strike","Concentrate","Sucker Punch"],"picked":"SKIP","floor":30}],"player_experience":720170,"relics_obtained":[{"floor":6,"key":"Regal Pillow"},{"floor":8,"key":"Smiling Mask"},{"floor":9,"key":"Pantograph"},{"floor":12,"key":"Letter Opener"},{"floor":20,"key":"Nilry\u0027s Codex"},{"floor":24,"key":"Oddly Smooth Stone"},{"floor":26,"key":"Strawberry"}],"event_choices":[{"damage_healed":0,"gold_gain":0,"player_choice":"Grow","damage_taken":0,"max_hp_gain":0,"max_hp_loss":0,"event_name":"Living Wall","floor":3,"gold_loss":0,"cards_upgraded":["Bouncing Flask"]},{"damage_healed":0,"gold_gain":0,"player_choice":"Success","damage_taken":18,"relics_obtained":["Blue Candle"],"max_hp_gain":0,"max_hp_loss":0,"event_name":"Scrap Ooze","floor":5,"gold_loss":0},{"damage_healed":0,"gold_gain":0,"player_choice":"Obtained Book","damage_taken":16,"max_hp_gain":0,"max_hp_loss":0,"event_name":"Cursed Tome","floor":20,"gold_loss":0},{"cards_removed":["Strike_G"],"damage_healed":0,"gold_gain":0,"player_choice":"Gave Gold","damage_taken":0,"max_hp_gain":0,"max_hp_loss":0,"event_name":"Beggar","floor":22,"gold_loss":75},{"damage_healed":25,"gold_gain":0,"player_choice":"Heal","damage_taken":0,"max_hp_gain":0,"max_hp_loss":0,"event_name":"The Library","floor":27,"gold_loss":0},{"damage_healed":0,"gold_gain":0,"player_choice":"Shed Blood","damage_taken":19,"max_hp_gain":5,"max_hp_loss":0,"event_name":"Forgotten Altar","floor":31,"gold_loss":0}],"is_beta":false,"boss_relics":[{"not_picked":["Runic Dome","Black Star"],"picked":"Sozu"}],"items_purged_floors":[19,25],"is_endless":false,"potions_floor_spawned":[4,8,11,14,18,21,24],"killed_by":"Automaton","ascension_level":11}