{"gold_per_floor":[116,127,153,153,428,428,455,455,455,455,9,24,24,37,37,115,115,133,493,48,60,73,73,85,85,85,95,106,106,126,158,158,235,235,255,255,267,267,286,286,317,317,317,317,32,32,32,42,42,42],"floor_reached":50,"playtime":2232,"items_purged":["Strike_R"],"score":932,"play_id":"74f6c0dd-97f8-441c-9297-b380c5cf03ce","local_time":"20190806005641","is_ascension_mode":true,"campfire_choices":[{"floor":6.0,"key":"REST"},{"floor":8.0,"key":"REST"},{"floor":10.0,"key":"REST"},{"data":"Seeing Red","floor":13.0,"key":"SMITH"},{"data":"Bash","floor":15.0,"key":"SMITH"},{"floor":23.0,"key":"REST"},{"data":"Pommel Strike","floor":25.0,"key":"SMITH"},{"data":"Infernal Blade","floor":29.0,"key":"SMITH"},{"floor":32.0,"key":"REST"},{"data":"Limit Break","floor":40.0,"key":"SMITH"},{"data":"Shockwave","floor":42.0,"key":"SMITH"},{"data":"Demon Form","floor":46.0,"key":"SMITH"},{"data":"Madness","floor":49.0,"key":"SMITH"}],"neow_cost":"PERCENT_DAMAGE","seed_source_timestamp":0,"circlet_count":0,"master_deck":["AscendersBane","Strike_R+1","Defend_R","Defend_R+1","Defend_R","Defend_R","Bash+1","Seeing Red+1","Shrug It Off","Thunderclap","Feel No Pain","Fiend Fire","Sword Boomerang+1","Body Slam+1","Metallicize+1","Pommel Strike+1","Cleave","Entrench+1","Infernal Blade+1","Demon Form+1","Spot Weakness+1","Limit Break+1","Shockwave+1","Madness+1","Madness","Pommel Strike+1","Disarm+1","Panache","Dual Wield+1"],"special_seed":0,"relics":["Burning Blood","Turnip","Omamori","Orichalcum","Centennial Puzzle","Mummified Hand","Anchor","Astrolabe","Meat on the Bone","Pen Nib","Gremlin Horn","Vajra","Cursed Key","Letter Opener","Sundial","Membership Card"],"potions_floor_usage":[],"damage_taken":[{"damage":2.0,"enemies":"Cultist","floor":1.0,"turns":4.0},{"damage":7.0,"enemies":"Jaw Worm","floor":2.0,"turns":3.0},{"damage":43.0,"enemies":"Lagavulin","floor":7.0,"turns":7.0},{"damage":0.0,"enemies":"2 Louse","floor":12.0,"turns":2.0},{"damage":14.0,"enemies":"Gremlin Gang","floor":14.0,"turns":6.0},{"damage":43.0,"enemies":"Slime Boss","floor":16.0,"turns":11.0},{"damage":12.0,"enemies":"2 Thieves","floor":18.0,"turns":3.0},{"damage":10.0,"enemies":"Shell Parasite","floor":21.0,"turns":5.0},{"damage":19.0,"enemies":"Centurion and Healer","floor":22.0,"turns":7.0},{"damage":14.0,"enemies":"Sentry and Sphere","floor":24.0,"turns":7.0},{"damage":8.0,"enemies":"3 Cultists","floor":27.0,"turns":4.0},{"damage":3.0,"enemies":"Snake Plant","floor":28.0,"turns":3.0},{"damage":8.0,"enemies":"Snecko","floor":30.0,"turns":3.0},{"damage":46.0,"enemies":"Gremlin Leader","floor":31.0,"turns":6.0},{"damage":41.0,"enemies":"Champ","floor":33.0,"turns":8.0},{"damage":1.0,"enemies":"3 Shapes","floor":35.0,"turns":2.0},{"damage":0.0,"enemies":"Orb Walker","floor":37.0,"turns":3.0},{"damage":3.0,"enemies":"Jaw Worm Horde","floor":39.0,"turns":3.0},{"damage":2.0,"enemies":"Reptomancer","floor":41.0,"turns":2.0},{"damage":33.0,"enemies":"Maw","floor":48.0,"turns":5.0},{"damage":55,"enemies":"Awakened One","floor":50,"turns":3}],"seed_played":"4455682012186357978","potions_obtained":[{"floor":2.0,"key":"Block Potion"},{"floor":14.0,"key":"SkillPotion"},{"floor":18.0,"key":"Ancient Potion"},{"floor":22.0,"key":"Fire Potion"},{"floor":27.0,"key":"SpeedPotion"},{"floor":33.0,"key":"Block Potion"},{"floor":37.0,"key":"AttackPotion"}],"is_trial":false,"path_per_floor":["M","M","T","?","?","R","E","R","T","R","$","M","R","M","R","B",null,"M","?","$","M","M","R","M","R","T","M","M","R","M","E","R","B",null,"M","?","M","?","M","R","E","R","T","?","$","R","?","M","R","B"],"character_chosen":"IRONCLAD","items_purchased":["Mummified Hand","Anchor","Meat on the Bone","Pen Nib","Membership Card","Fire Potion"],"campfire_rested":5,"item_purchase_floors":[11,11,20,20,45,45],"current_hp_per_floor":[54,53,53,30,30,52,15,37,37,59,59,65,65,57,57,20,61,55,20,20,28,27,49,53,53,53,51,54,54,52,24,46,23,62,67,67,73,59,62,62,66,66,66,66,66,66,66,51,51,0],"gold":42,"neow_bonus":"ONE_RARE_RELIC","is_prod":false,"is_daily":false,"chose_seed":false,"campfire_upgraded":8,"win_rate":0,"timestamp":1565017001,"path_taken":["M","M","?","?","?","R","E","R","T","R","$","?","R","M","R","BOSS","M","?","$","?","M","R","?","R","T","M","M","R","M","E","R","BOSS","M","?","M","?","M","R","E","R","T","?","$","R","?","M","R","BOSS"],"build_version":"2019-07-17","purchased_purges":1,"victory":false,"max_hp_per_floor":[75,75,75,75,75,75,75,75,75,75,75,75,75,75,75,75,75,75,75,75,75,75,75,75,75,75,75,75,75,75,75,75,75,75,75,75,75,75,75,75,75,75,75,75,75,75,75,75,75,75],"card_choices":[{"not_picked":["Heavy Blade","Evolve"],"picked":"Headbutt","floor":1.0},{"not_picked":["Havoc","Searing Blow"],"picked":"Seeing Red","floor":2.0},{"not_picked":["Headbutt","Thunderclap"],"picked":"Shrug It Off","floor":7.0},{"not_picked":["Ghostly Armor","True Grit"],"picked":"Thunderclap","floor":12.0},{"not_picked":["Blood for Blood","Whirlwind"],"picked":"Feel No Pain","floor":14.0},{"not_picked":["Exhume","Berserk"],"picked":"Fiend Fire","floor":16.0},{"not_picked":["Flex","Clothesline"],"picked":"Pommel Strike","floor":18.0},{"not_picked":["Combust+1","Carnage"],"picked":"Cleave","floor":21.0},{"not_picked":["Headbutt","Havoc","Armaments"],"picked":"SKIP","floor":22.0},{"not_picked":["Combust","Wild Strike"],"picked":"Entrench+1","floor":24.0},{"not_picked":["Clothesline","Headbutt"],"picked":"Infernal Blade","floor":27.0},{"not_picked":["Heavy Blade","Flex"],"picked":"Demon Form","floor":28.0},{"not_picked":["Flex+1","Headbutt+1","Perfected Strike"],"picked":"SKIP","floor":30.0},{"not_picked":["Perfected Strike","Body Slam"],"picked":"Spot Weakness+1","floor":31.0},{"not_picked":["Berserk","Immolate"],"picked":"Limit Break","floor":33.0},{"not_picked":["Bloodletting","Cleave","Armaments"],"picked":"SKIP","floor":35.0},{"not_picked":["Sword Boomerang","Iron Wave"],"picked":"Shockwave","floor":37.0},{"not_picked":["Thunderclap","Spot Weakness"],"picked":"Pommel Strike+1","floor":39.0},{"not_picked":["Spot Weakness","Clothesline"],"picked":"Disarm+1","floor":41.0},{"not_picked":["Trip","Transmutation"],"picked":"Panache","floor":44.0},{"not_picked":["Headbutt+1","Thunderclap+1"],"picked":"Dual Wield+1","floor":48.0}],"player_experience":1145268,"relics_obtained":[{"floor":3.0,"key":"Omamori"},{"floor":7.0,"key":"Orichalcum"},{"floor":9.0,"key":"Centennial Puzzle"},{"floor":26.0,"key":"Gremlin Horn"},{"floor":31.0,"key":"Vajra"},{"floor":41.0,"key":"Letter Opener"},{"floor":43.0,"key":"Sundial"}],"event_choices":[{"damage_healed":0.0,"max_hp_gain":0.0,"max_hp_loss":0.0,"gold_gain":0.0,"event_name":"Shining Light","player_choice":"Entered Light","floor":4.0,"gold_loss":0.0,"damage_taken":23.0,"cards_upgraded":["Defend_R","Strike_R"]},{"damage_healed":0.0,"max_hp_gain":0.0,"max_hp_loss":0.0,"gold_gain":275.0,"event_name":"Golden Shrine","player_choice":"Desecrate","floor":5.0,"gold_loss":0.0,"damage_taken":0.0,"cards_obtained":["Regret"]},{"damage_healed":0.0,"max_hp_gain":0.0,"max_hp_loss":0.0,"gold_gain":360.0,"event_name":"Knowing Skull","player_choice":"GOLD GOLD GOLD GOLD ","floor":19.0,"potions_obtained":[],"gold_loss":0.0,"damage_taken":35.0,"cards_obtained":[]},{"damage_healed":0.0,"max_hp_gain":0.0,"max_hp_loss":0.0,"gold_gain":0.0,"event_name":"Tomb of Lord Red Mask","player_choice":"Ignored","floor":36.0,"gold_loss":0.0,"damage_taken":0.0},{"damage_healed":0.0,"max_hp_gain":0.0,"max_hp_loss":0.0,"gold_gain":0.0,"event_name":"Winding Halls","player_choice":"Embrace Madness","floor":38.0,"gold_loss":0.0,"damage_taken":14.0,"cards_obtained":["Madness","Madness"]},{"damage_healed":0.0,"max_hp_gain":0.0,"max_hp_loss":0.0,"gold_gain":0.0,"event_name":"SensoryStone","player_choice":"Memory 1","floor":44.0,"gold_loss":0.0,"damage_taken":0.0},{"cards_removed":["Headbutt"],"damage_healed":0.0,"max_hp_gain":0.0,"max_hp_loss":0.0,"gold_gain":0.0,"event_name":"Falling","player_choice":"Removed Attack","floor":47.0,"gold_loss":0.0,"damage_taken":0.0}],"is_beta":false,"boss_relics":[{"not_picked":["Tiny House","Velvet Choker"],"picked":"Astrolabe"},{"not_picked":["Lizard Tail","White Beast Statue"],"picked":"Cursed Key"}],"items_purged_floors":[45],"is_endless":false,"potions_floor_spawned":[2,14,18,22,27,33,37],"killed_by":"Awakened One","ascension_level":17}