{"gold_per_floor":[212,212,113,113,129,129,154,154,154,154,341,386,398,426,438,548,560,589,601,613,625,637,649],"floor_reached":23,"playtime":1113,"items_purged":[],"score":280,"play_id":"4ab4b82b-92a1-496c-a855-b6d783e6b54d","local_time":"20190805144856","is_ascension_mode":true,"campfire_choices":[{"data":"Defragment","floor":6,"key":"SMITH"},{"floor":8,"key":"REST"},{"floor":13,"key":"REST"},{"data":"Rainbow","floor":15,"key":"SMITH"}],"neow_cost":"NONE","seed_source_timestamp":505602105555878,"circlet_count":0,"master_deck":["Strike_B","Strike_B","Strike_B","Strike_B","Defend_B","Defend_B","Defend_B","Defend_B","Zap","Dualcast","Darkness","Defragment+1","Barrage","Compile Driver","Cold Snap","Doubt","Consume","Rainbow+1","Thunder Strike","Ball Lightning","Fission","Compile Driver","Redo","RitualDagger","Ghostly","Ghostly","Ghostly","Ghostly","Ghostly"],"relics":["Cracked Core","Matryoshka","Potion Belt","Darkstone Periapt","Du-Vu Doll","Juzu Bracelet","Mango","MawBank","Incense Burner","Orrery"],"potions_floor_usage":[23],"damage_taken":[{"damage":2,"enemies":"Small Slimes","floor":1,"turns":3},{"damage":5,"enemies":"Cultist","floor":5,"turns":4},{"damage":21,"enemies":"Lagavulin","floor":7,"turns":5},{"damage":24,"enemies":"3 Sentries","floor":12,"turns":6},{"damage":0,"enemies":"2 Louse","floor":14,"turns":2},{"damage":5,"enemies":"Slime Boss","floor":16,"turns":10},{"damage":18,"enemies":"Spheric Guardian","floor":18,"turns":4},{"damage":60,"enemies":"Gremlin Leader","floor":23,"turns":9}],"seed_played":"-3708958636145744685","potions_obtained":[{"floor":1,"key":"FearPotion"},{"floor":5,"key":"FearPotion"},{"floor":14,"key":"Regen Potion"}],"is_trial":false,"path_per_floor":["M","?","$","T","M","R","E","R","T","?","?","E","R","M","R","B",null,"M","?","?","?","?","E"],"character_chosen":"DEFECT","items_purchased":["Defragment","Barrage"],"campfire_rested":2,"item_purchase_floors":[3,3],"current_hp_per_floor":[73,73,73,73,68,68,47,69,83,89,95,71,101,101,101,96,101,83,77,77,50,50,0],"gold":649,"neow_bonus":"HUNDRED_GOLD","is_prod":false,"is_daily":false,"chose_seed":false,"campfire_upgraded":2,"win_rate":0,"timestamp":1565034536,"path_taken":["M","?","$","?","M","R","E","R","T","?","?","E","R","M","R","BOSS","M","?","?","?","?","E"],"build_version":"2019-07-17","purchased_purges":0,"victory":false,"max_hp_per_floor":[75,75,75,75,75,75,75,75,89,95,101,101,101,101,101,101,101,101,101,101,50,50,50],"card_choices":[{"not_picked":["Barrage","Steam"],"picked":"Darkness","floor":1},{"not_picked":["Streamline","Go for the Eyes"],"picked":"Compile Driver","floor":5},{"not_picked":["Rebound","Undo"],"picked":"Cold Snap","floor":7},{"not_picked":["Streamline","Steam"],"picked":"Consume","floor":12},{"not_picked":["Redo","Consume"],"picked":"Rainbow","floor":14},{"not_picked":["All For One","Creative AI"],"picked":"Thunder Strike","floor":16},{"not_picked":["Rebound","Stack"],"picked":"Ball Lightning","floor":17},{"not_picked":["Steam","Sweeping Beam"],"picked":"Fission","floor":17},{"not_picked":["Turbo","Streamline"],"picked":"Compile Driver","floor":17},{"not_picked":["Stack","Undo"],"picked":"Redo","floor":18}],"player_experience":91250,"relics_obtained":[{"floor":4,"key":"Potion Belt"},{"floor":4,"key":"Darkstone Periapt"},{"floor":7,"key":"Du-Vu Doll"},{"floor":9,"key":"Juzu Bracelet"},{"floor":9,"key":"Mango"},{"floor":12,"key":"Incense Burner"}],"event_choices":[{"damage_healed":0,"gold_gain":0,"player_choice":"Gave Potion","damage_taken":0,"relics_obtained":["Matryoshka"],"max_hp_gain":0,"max_hp_loss":0,"event_name":"WeMeetAgain","floor":2,"gold_loss":0},{"damage_healed":0,"gold_gain":0,"player_choice":"Box","damage_taken":0,"relics_obtained":["MawBank"],"max_hp_gain":0,"max_hp_loss":0,"event_name":"Big Fish","floor":10,"gold_loss":0,"cards_obtained":["Regret"]},{"damage_healed":0,"gold_gain":175,"player_choice":"AGREE","damage_taken":0,"max_hp_gain":0,"max_hp_loss":0,"event_name":"Liars Game","floor":11,"gold_loss":0,"cards_obtained":["Doubt"]},{"damage_healed":0,"gold_gain":0,"player_choice":"Joined the Cult","damage_taken":6,"max_hp_gain":0,"max_hp_loss":0,"event_name":"Nest","floor":19,"gold_loss":0,"cards_obtained":["RitualDagger"]},{"damage_healed":0,"gold_gain":0,"player_choice":"Bought 0 Potions","damage_taken":0,"max_hp_gain":0,"max_hp_loss":0,"event_name":"The Woman in Blue","floor":20,"gold_loss":0},{"damage_healed":0,"gold_gain":0,"player_choice":"Became a Ghost","damage_taken":0,"max_hp_gain":0,"max_hp_loss":51,"event_name":"Ghosts","floor":21,"gold_loss":0,"cards_obtained":["Ghostly","Ghostly","Ghostly","Ghostly","Ghostly"]},{"cards_removed":["Regret"],"damage_healed":0,"gold_gain":0,"player_choice":"Purged","damage_taken":0,"max_hp_gain":0,"max_hp_loss":0,"event_name":"Purifier","floor":22,"gold_loss":0}],"is_beta":false,"boss_relics":[{"not_picked":["Snecko Eye","Empty Cage"],"picked":"Orrery"}],"items_purged_floors":[],"is_endless":false,"potions_floor_spawned":[1,5,14],"killed_by":"Gremlin Leader","ascension_level":1}