{"gold_per_floor":[111,111,127,27,47,80,80,80,153,153,181,216,216],"floor_reached":13,"playtime":497,"items_purged":[],"score":177,"play_id":"b18da298-035e-4ce9-9408-706bfdac407a","local_time":"20190718234140","is_ascension_mode":true,"campfire_choices":[{"floor":7,"key":"REST"},{"data":"Zap","floor":10,"key":"SMITH"}],"neow_cost":"CURSE","seed_source_timestamp":12168050993345,"circlet_count":0,"master_deck":["AscendersBane","Strike_B","Defend_B","Defend_B","Defend_B","Defend_B","Zap+1","Dualcast","Shame","Leap","Rip and Tear","FTL","Echo Form","Coolheaded","Streamline","Leap","Self Repair","Compile Driver","Reprogram","Ball Lightning"],"relics":["Cracked Core","Blood Vial","Matryoshka","WingedGreaves","Sundial"],"potions_floor_usage":[11],"damage_taken":[{"damage":1,"enemies":"Small Slimes","floor":1,"turns":3},{"damage":0,"enemies":"Cultist","floor":3,"turns":2},{"damage":10,"enemies":"Jaw Worm","floor":5,"turns":3},{"damage":36,"enemies":"3 Sentries","floor":6,"turns":7},{"damage":9,"enemies":"Lagavulin","floor":11,"turns":7},{"damage":41,"enemies":"Gremlin Nob","floor":12,"turns":5},{"damage":25,"enemies":"The Mushroom Lair","floor":13,"turns":3}],"seed_played":"702187212517776096","potions_obtained":[{"floor":6,"key":"GamblersBrew"},{"floor":11,"key":"SpeedPotion"}],"is_trial":false,"path_per_floor":["M","?","M","$","M","E","R","?","T","R","E","E","?"],"character_chosen":"DEFECT","items_purchased":["Streamline","Leap"],"campfire_rested":1,"item_purchase_floors":[4,4],"current_hp_per_floor":[63,63,63,63,53,24,45,45,45,45,52,20,0],"gold":216,"neow_bonus":"TRANSFORM_TWO_CARDS","is_prod":false,"is_daily":false,"chose_seed":false,"campfire_upgraded":1,"win_rate":0,"timestamp":1563457300,"path_taken":["M","?","M","?","?","E","R","?","T","R","E","E","?"],"build_version":"2019-07-17","purchased_purges":0,"victory":false,"max_hp_per_floor":[71,71,71,71,71,71,71,71,71,71,71,71,71],"card_choices":[{"not_picked":["Gash","Skim"],"picked":"FTL","floor":1},{"not_picked":["Aggregate","Skim"],"picked":"Coolheaded","floor":3},{"not_picked":["Conserve Battery","Force Field"],"picked":"Self Repair","floor":5},{"not_picked":["Go for the Eyes","Rip and Tear"],"picked":"Compile Driver","floor":6},{"not_picked":["Gash","Sweeping Beam"],"picked":"Ball Lightning","floor":11},{"not_picked":["Streamline","Leap","Heatsinks"],"picked":"SKIP","floor":12}],"player_experience":1039489,"relics_obtained":[{"floor":6,"key":"Blood Vial"},{"floor":9,"key":"Matryoshka"},{"floor":11,"key":"WingedGreaves"},{"floor":12,"key":"Sundial"}],"event_choices":[{"damage_healed":0,"gold_gain":0,"player_choice":"1 cards matched","damage_taken":0,"max_hp_gain":0,"max_hp_loss":0,"event_name":"Match and Keep!","floor":2,"gold_loss":0,"cards_obtained":["Echo Form"]},{"damage_healed":0,"gold_gain":0,"cards_transformed":["Strike_B"],"player_choice":"Change","damage_taken":0,"max_hp_gain":0,"max_hp_loss":0,"event_name":"Living Wall","floor":8,"gold_loss":0,"cards_obtained":["Reprogram"]},{"damage_healed":0,"gold_gain":0,"player_choice":"Fought Mushrooms","damage_taken":0,"max_hp_gain":0,"max_hp_loss":0,"event_name":"Mushrooms","floor":13,"gold_loss":0}],"is_beta":false,"boss_relics":[],"items_purged_floors":[],"is_endless":false,"potions_floor_spawned":[6,11],"killed_by":"The Mushroom Lair","ascension_level":15}