{"gold_per_floor":[114,127,92,92,109,135,135,168,239,193,193,210,210,227,227,322,322,337,182,182,182,59,84,84,111,134,134,134,161,193,205,217,334,346,368,7,26,26,26,26,26,26,26,38,138,156,156,166,166,166],"floor_reached":50,"playtime":2192,"items_purged":["Shame"],"score":563,"play_id":"6e83b4ef-a725-4735-af63-c87a8e51ace6","local_time":"20190911152959","is_ascension_mode":true,"campfire_choices":[{"floor":7.0,"key":"REST"},{"floor":11.0,"key":"REST"},{"floor":13.0,"key":"REST"},{"data":"Devotion","floor":15.0,"key":"SMITH"},{"floor":24.0,"key":"REST"},{"floor":27.0,"key":"REST"},{"floor":32.0,"key":"REST"},{"data":"DevaForm","floor":40.0,"key":"SMITH"},{"data":"Evaluate","floor":42.0,"key":"SMITH"},{"floor":47.0,"key":"REST"},{"data":"Eruption","floor":49,"key":"SMITH"}],"neow_cost":"NONE","seed_source_timestamp":16366132941094,"circlet_count":0,"master_deck":["Strike_P","Strike_P","Strike_P+1","Defend_P","Defend_P","Defend_P+1","Defend_P","Eruption+1","Vigilance","Crescendo+1","Devotion+1","FollowUp","SandsOfTime","Evaluate+1","Conclude","Pray+1","CurseOfTheBell","Consecrate","Establishment","EmptyFist+1","MentalFortress","Adaptation+1","Swivel","DevaForm+1","ClearTheMind+1","Halt","LessonLearned","Writhe","JustLucky+1","Perseverance+1","StepAndStrike+1","ThirdEye+1"],"special_seed":0,"relics":["HolyWater","Regal Pillow","Du-Vu Doll","Centennial Puzzle","Question Card","Calling Bell","Dodecahedron","Lizard Tail","War Paint","Bag of Marbles","The Courier","Mummified Hand","Oddly Smooth Stone","Boot","MawBank","HandDrill","Sundial","Bottled Tornado","Turnip"],"potions_floor_usage":[50,50],"damage_taken":[{"damage":17.0,"enemies":"Jaw Worm","floor":1.0,"turns":3.0},{"damage":0.0,"enemies":"2 Louse","floor":2.0,"turns":1.0},{"damage":0.0,"enemies":"Small Slimes","floor":5.0,"turns":3.0},{"damage":43.0,"enemies":"3 Sentries","floor":6.0,"turns":9.0},{"damage":45.0,"enemies":"Lagavulin","floor":8.0,"turns":7.0},{"damage":21.0,"enemies":"Exordium Wildlife","floor":12.0,"turns":3.0},{"damage":9.0,"enemies":"3 Louse","floor":14.0,"turns":2.0},{"damage":0.0,"enemies":"Slime Boss","floor":16.0,"turns":4.0},{"damage":0.0,"enemies":"Spheric Guardian","floor":18.0,"turns":2.0},{"damage":54.0,"enemies":"Gremlin Leader","floor":23.0,"turns":6.0},{"damage":32.0,"enemies":"Book of Stabbing","floor":25.0,"turns":4.0},{"damage":25.0,"enemies":"3 Byrds","floor":29.0,"turns":4.0},{"damage":7.0,"enemies":"3 Cultists","floor":30.0,"turns":4.0},{"damage":81.0,"enemies":"Champ","floor":33.0,"turns":10.0},{"damage":12.0,"enemies":"Orb Walker","floor":35.0,"turns":5.0},{"damage":6.0,"enemies":"3 Shapes","floor":37.0,"turns":3.0},{"damage":30.0,"enemies":"Maw","floor":44.0,"turns":9.0},{"damage":3.0,"enemies":"Mind Bloom Boss Battle","floor":45.0,"turns":9.0},{"damage":14.0,"enemies":"Spire Growth","floor":46.0,"turns":8.0},{"damage":18,"enemies":"Transient","floor":48,"turns":5},{"damage":53,"enemies":"Time Eater","floor":50,"turns":9}],"seed_played":"-2272453539525657972","potions_obtained":[{"floor":2.0,"key":"Swift Potion"},{"floor":8.0,"key":"SpeedPotion"},{"floor":12.0,"key":"Fire Potion"},{"floor":14.0,"key":"SkillPotion"},{"floor":25.0,"key":"Swift Potion"},{"floor":30.0,"key":"SkillPotion"},{"floor":33.0,"key":"LiquidBronze"},{"floor":37.0,"key":"EssenceOfSteel"},{"floor":45.0,"key":"Explosive Potion"}],"is_trial":false,"path_per_floor":["M","M","?","?","M","E","R","E","T","?","R","M","R","M","R","B",null,"M","$","?","?","$","E","R","E","T","R","?","M","M","?","R","B",null,"M","$","M","?","?","R","$","R","T","M","?","M","R","M","R","B"],"character_chosen":"WATCHER","items_purchased":["Bag of Marbles","Establishment","HandDrill","Sundial","Halt"],"campfire_rested":7,"item_purchase_floors":[19,22,36,36,36],"current_hp_per_floor":[48,48,64,69,69,26,62,17,17,17,53,32,68,59,59,59,70,70,70,70,70,70,16,52,20,20,56,56,31,24,11,48,10,75,63,63,57,75,75,75,75,75,75,45,42,28,65,47,47,0],"gold":166,"neow_bonus":"RANDOM_COMMON_RELIC","is_prod":false,"is_daily":false,"chose_seed":false,"campfire_upgraded":4,"win_rate":0,"timestamp":1568179799,"path_taken":["M","M","?","?","M","E","R","E","T","?","R","?","R","M","R","BOSS","M","$","?","?","$","E","R","E","T","R","?","?","M","?","R","BOSS","M","$","M","?","?","R","$","R","T","M","?","M","R","M","R","BOSS"],"build_version":"2019-09-10","purchased_purges":1,"victory":false,"max_hp_per_floor":[65,65,65,70,70,70,70,70,70,70,70,70,70,70,70,70,70,70,70,70,70,70,70,70,70,70,70,70,70,70,75,75,75,75,75,75,75,75,75,75,75,75,75,75,75,75,75,75,75,75],"card_choices":[{"not_picked":["EmptyFist","ClearTheMind"],"picked":"Crescendo","floor":1.0},{"not_picked":["ThirdEye","Sanctity"],"picked":"Devotion","floor":2.0},{"not_picked":["Halt","ForeignInfluence"],"picked":"FollowUp","floor":5.0},{"not_picked":["Blasphemy","ForeignInfluence","EmptyBody"],"picked":"SKIP","floor":6.0},{"not_picked":["JustLucky","ClearTheMind"],"picked":"SandsOfTime","floor":8.0},{"not_picked":["FlurryOfBlows","WaveOfTheHand","EmptyMind"],"picked":"Evaluate","floor":12.0},{"not_picked":["ThirdEye","ForeignInfluence","CarveReality"],"picked":"Conclude","floor":14.0},{"not_picked":["Vault","Judgement","DeusExMachina"],"picked":"Pray","floor":16.0},{"not_picked":["CutThroughFate","Scrawl","BowlingBash+1"],"picked":"Consecrate","floor":18.0},{"not_picked":["Blasphemy","Weave","WaveOfTheHand"],"picked":"EmptyFist+1","floor":23.0},{"not_picked":["Conclude","Wish","DeceiveReality"],"picked":"MentalFortress","floor":25.0},{"not_picked":["PathToVictory","Vengeance+1","Halt"],"picked":"Adaptation+1","floor":29.0},{"not_picked":["CleanseEvil","Protect","Crescendo"],"picked":"Swivel","floor":30.0},{"not_picked":["BattleHymn","Omniscience","LessonLearned"],"picked":"DevaForm","floor":33.0},{"not_picked":["Weave","EmptyMind+1","JustLucky"],"picked":"ClearTheMind+1","floor":35.0},{"not_picked":["FlyingSleeves","Protect+1","BowlingBash"],"picked":"LessonLearned","floor":37.0},{"not_picked":["FlyingSleeves+1","Crescendo","WaveOfTheHand"],"picked":"JustLucky+1","floor":44.0},{"not_picked":["Protect","ThirdEye","Fasting"],"picked":"Perseverance+1","floor":45.0},{"not_picked":["Crescendo","FlurryOfBlows","Sanctity"],"picked":"StepAndStrike+1","floor":46.0},{"not_picked":["ClearTheMind","Wireheading+1","Ragnarok"],"picked":"ThirdEye+1","floor":48}],"player_experience":1293640,"relics_obtained":[{"floor":6.0,"key":"Du-Vu Doll"},{"floor":8.0,"key":"Centennial Puzzle"},{"floor":9.0,"key":"Question Card"},{"floor":17.0,"key":"Dodecahedron"},{"floor":17.0,"key":"Lizard Tail"},{"floor":17.0,"key":"War Paint"},{"floor":23.0,"key":"Mummified Hand"},{"floor":25.0,"key":"Oddly Smooth Stone"},{"floor":26.0,"key":"Boot"},{"floor":43.0,"key":"Bottled Tornado"},{"floor":45.0,"key":"Turnip"}],"event_choices":[{"damage_healed":16.0,"max_hp_gain":0.0,"max_hp_loss":0.0,"gold_gain":0.0,"event_name":"The Cleric","player_choice":"Healed","floor":3.0,"gold_loss":35.0,"damage_taken":0.0},{"damage_healed":0.0,"max_hp_gain":5.0,"max_hp_loss":0.0,"gold_gain":0.0,"event_name":"Big Fish","player_choice":"Donut","floor":4.0,"gold_loss":0.0,"damage_taken":0.0},{"damage_healed":0.0,"max_hp_gain":0.0,"max_hp_loss":0.0,"gold_gain":0.0,"event_name":"World of Goop","player_choice":"Left Gold","floor":10.0,"gold_loss":46.0,"damage_taken":0.0},{"damage_healed":0.0,"max_hp_gain":0.0,"max_hp_loss":0.0,"gold_gain":0.0,"event_name":"Vampires","player_choice":"Ignored","floor":20.0,"gold_loss":0.0,"damage_taken":0.0},{"damage_healed":0.0,"max_hp_gain":0.0,"max_hp_loss":0.0,"gold_gain":0.0,"event_name":"Addict","player_choice":"Stole Relic","floor":21.0,"gold_loss":0.0,"damage_taken":0.0,"relics_obtained":["The Courier"],"cards_obtained":["Shame"]},{"damage_healed":0.0,"max_hp_gain":0.0,"max_hp_loss":0.0,"gold_gain":0.0,"event_name":"WeMeetAgain","player_choice":"Gave Potion","floor":28.0,"gold_loss":0.0,"damage_taken":0.0,"relics_obtained":["MawBank"]},{"damage_healed":0.0,"max_hp_gain":5.0,"max_hp_loss":0.0,"gold_gain":0.0,"event_name":"Forgotten Altar","player_choice":"Shed Blood","floor":31.0,"gold_loss":0.0,"damage_taken":18.0},{"damage_healed":19.0,"max_hp_gain":0.0,"max_hp_loss":0.0,"gold_gain":0.0,"event_name":"Winding Halls","player_choice":"Writhe","floor":38.0,"gold_loss":0.0,"damage_taken":0.0,"cards_obtained":["Writhe"]},{"cards_removed":["Strike_P"],"damage_healed":0.0,"max_hp_gain":0.0,"max_hp_loss":0.0,"gold_gain":0.0,"event_name":"Falling","player_choice":"Removed Attack","floor":39.0,"gold_loss":0.0,"damage_taken":0.0},{"damage_healed":0.0,"max_hp_gain":0.0,"max_hp_loss":0.0,"gold_gain":0.0,"event_name":"MindBloom","player_choice":"Fight","floor":45.0,"gold_loss":0.0,"damage_taken":0.0}],"is_beta":true,"boss_relics":[{"not_picked":["Fusion Hammer","Busted Crown"],"picked":"Calling Bell"},{"not_picked":["Pandora\u0027s Box","Velvet Choker"],"picked":"HolyWater"}],"items_purged_floors":[22],"is_endless":false,"potions_floor_spawned":[2,8,12,14,16,25,30,33,37,45],"killed_by":"Time Eater","ascension_level":1}