{"gold_per_floor":[218,229,229,242,29,55,55,86,86,86,100,100,126,138,138,138],"floor_reached":16,"playtime":698,"items_purged":[],"score":204,"play_id":"a7a5c7b4-b689-457b-b116-13c6ada70cf0","local_time":"20190805185422","is_ascension_mode":true,"campfire_choices":[{"floor":7,"key":"REST"},{"floor":10,"key":"REST"},{"floor":15,"key":"REST"}],"neow_cost":"NONE","seed_source_timestamp":0,"circlet_count":0,"master_deck":["AscendersBane","Strike_R","Strike_R","Strike_R","Strike_R","Strike_R","Defend_R","Defend_R","Defend_R","Defend_R","Bash","Sentinel","Cleave","Rupture","Berserk","Headbutt","Reaper","Shrug It Off","Feel No Pain","Power Through","Demon Form"],"special_seed":0,"relics":["Burning Blood","Charon\u0027s Ashes","Singing Bowl","Du-Vu Doll","Odd Mushroom"],"potions_floor_usage":[8,13,13,14],"damage_taken":[{"damage":11.0,"enemies":"Jaw Worm","floor":1.0,"turns":5.0},{"damage":8.0,"enemies":"2 Louse","floor":2.0,"turns":4.0},{"damage":4,"enemies":"Small Slimes","floor":4,"turns":3},{"damage":46,"enemies":"Lagavulin","floor":6,"turns":8},{"damage":42,"enemies":"Gremlin Nob","floor":8,"turns":5},{"damage":20,"enemies":"Looter","floor":11,"turns":5},{"damage":17,"enemies":"The Mushroom Lair","floor":13,"turns":3},{"damage":2,"enemies":"3 Louse","floor":14,"turns":4},{"damage":45,"enemies":"The Guardian","floor":16,"turns":6}],"seed_played":"-2182531823520650591","potions_obtained":[{"floor":4,"key":"LiquidBronze"},{"floor":6,"key":"Weak Potion"},{"floor":11,"key":"Swift Potion"},{"floor":13,"key":"Block Potion"}],"is_trial":false,"path_per_floor":["M","M","?","M","$","E","R","E","T","R","M","?","?","M","R","B"],"character_chosen":"IRONCLAD","items_purchased":["Berserk","Headbutt"],"campfire_rested":3,"item_purchase_floors":[5,5],"current_hp_per_floor":[63,61,61,63,63,23,45,9,9,31,17,12,16,23,45,0],"gold":138,"neow_bonus":"HUNDRED_GOLD","is_prod":false,"is_daily":false,"chose_seed":false,"campfire_upgraded":0,"win_rate":0,"timestamp":1564995262,"path_taken":["M","M","?","M","$","E","R","E","T","R","M","?","?","M","R","BOSS"],"build_version":"2019-07-17","purchased_purges":0,"victory":false,"max_hp_per_floor":[75,75,75,75,75,75,75,75,75,75,75,75,75,75,75,75],"card_choices":[{"not_picked":["Sword Boomerang","Searing Blow"],"picked":"Sentinel","floor":1.0},{"not_picked":["Seeing Red","Iron Wave"],"picked":"Cleave","floor":2.0},{"not_picked":["Warcry","Cleave"],"picked":"Rupture","floor":4},{"not_picked":["True Grit","Dual Wield"],"picked":"Reaper","floor":6},{"not_picked":["Thunderclap","Twin Strike"],"picked":"Shrug It Off","floor":8},{"not_picked":["Perfected Strike","Sever Soul"],"picked":"Feel No Pain","floor":11},{"not_picked":["Armaments","Havoc"],"picked":"Power Through","floor":13},{"not_picked":["Shrug It Off","Clothesline"],"picked":"Demon Form","floor":14}],"player_experience":1144570,"relics_obtained":[{"floor":6,"key":"Charon\u0027s Ashes"},{"floor":8,"key":"Singing Bowl"},{"floor":9,"key":"Du-Vu Doll"},{"floor":13,"key":"Odd Mushroom"}],"event_choices":[{"damage_healed":0.0,"max_hp_gain":0.0,"max_hp_loss":0.0,"gold_gain":0.0,"event_name":"The Cleric","player_choice":"Leave","floor":3.0,"gold_loss":0.0,"damage_taken":0.0},{"damage_healed":0,"gold_gain":0,"player_choice":"Fled","damage_taken":5,"max_hp_gain":0,"max_hp_loss":0,"event_name":"Scrap Ooze","floor":12,"gold_loss":0},{"damage_healed":0,"gold_gain":0,"player_choice":"Fought Mushrooms","damage_taken":0,"max_hp_gain":0,"max_hp_loss":0,"event_name":"Mushrooms","floor":13,"gold_loss":0}],"is_beta":false,"boss_relics":[],"items_purged_floors":[],"is_endless":false,"potions_floor_spawned":[4,6,11,13],"killed_by":"The Guardian","ascension_level":17}