{"gold_per_floor":[116,291,301,301,44,70,70,83,152,177,189,200,200,43,43,142,142,152,164,239,0,12,41,41,41,120,139,166,176,176,29,29,127,127,141,241,258,269,269,269,301,301,301,328,338,338,348,348,348,348],"floor_reached":50,"playtime":2414,"items_purged":[],"score":650,"play_id":"57df082b-59b6-48c6-b453-650592ca9bea","local_time":"20190530061335","is_ascension_mode":false,"campfire_choices":[{"data":"Bash","floor":7.0,"key":"SMITH"},{"data":"Headbutt","floor":13.0,"key":"SMITH"},{"data":"Shrug It Off","floor":15.0,"key":"SMITH"},{"floor":25.0,"key":"REST"},{"data":"Perfected Strike","floor":30.0,"key":"SMITH"},{"floor":32.0,"key":"REST"},{"data":"Perfected Strike","floor":40.0,"key":"SMITH"},{"floor":42,"key":"REST"},{"data":"Heavy Blade","floor":49,"key":"SMITH"}],"neow_cost":"NONE","seed_source_timestamp":897614784345363,"circlet_count":0,"master_deck":["Strike_R","Strike_R","Strike_R","Strike_R","Strike_R","Defend_R","Defend_R","Defend_R","Defend_R","Bash+1","Headbutt+1","Shrug It Off+1","Shrug It Off+1","Heavy Blade+1","True Grit+1","Clothesline+1","Wild Strike+1","Sword Boomerang+1","Warcry+1","Perfected Strike+1","True Grit+1","Thunderclap+1","Perfected Strike+1","Pommel Strike+1","Wild Strike","Pain","Writhe"],"special_seed":0,"relics":["Burning Blood","NeowsBlessing","Toxic Egg 2","Dream Catcher","Mercury Hourglass","Sundial","Happy Flower","Black Star","Pear","Boot","Art of War","Self Forming Clay","Dodecahedron","Gremlin Horn","Centennial Puzzle","Bag of Preparation","Mark of Pain","StoneCalendar","Letter Opener","Bronze Scales","FossilizedHelix","Frozen Egg 2","Du-Vu Doll","WarpedTongs"],"potions_floor_usage":[41,50,50],"damage_taken":[{"damage":0.0,"enemies":"Jaw Worm","floor":1.0,"turns":1.0},{"damage":0.0,"enemies":"Cultist","floor":3.0,"turns":1.0},{"damage":0.0,"enemies":"Gremlin Nob","floor":6.0,"turns":1.0},{"damage":2.0,"enemies":"Small Slimes","floor":8.0,"turns":4.0},{"damage":31.0,"enemies":"Lagavulin","floor":10.0,"turns":7.0},{"damage":14.0,"enemies":"Exordium Thugs","floor":11.0,"turns":4.0},{"damage":13.0,"enemies":"Lots of Slimes","floor":12.0,"turns":3.0},{"damage":0.0,"enemies":"Slime Boss","floor":16.0,"turns":7.0},{"damage":15.0,"enemies":"Shell Parasite","floor":18.0,"turns":7.0},{"damage":10.0,"enemies":"2 Thieves","floor":19.0,"turns":4.0},{"damage":17.0,"enemies":"Snake Plant","floor":22.0,"turns":4.0},{"damage":30.0,"enemies":"Slavers","floor":23.0,"turns":6.0},{"damage":7.0,"enemies":"Chosen and Byrds","floor":27.0,"turns":6.0},{"damage":4.0,"enemies":"Gremlin Leader","floor":28.0,"turns":8.0},{"damage":13.0,"enemies":"Sentry and Sphere","floor":29.0,"turns":6.0},{"damage":74.0,"enemies":"Automaton","floor":33.0,"turns":10.0},{"damage":0.0,"enemies":"3 Shapes","floor":35.0,"turns":2.0},{"damage":0.0,"enemies":"Mind Bloom Boss Battle","floor":36.0,"turns":5.0},{"damage":6.0,"enemies":"3 Darklings","floor":37.0,"turns":3.0},{"damage":0.0,"enemies":"4 Shapes","floor":38.0,"turns":5.0},{"damage":45,"enemies":"Giant Head","floor":41,"turns":7},{"damage":18,"enemies":"Nemesis","floor":44,"turns":4},{"damage":10,"enemies":"Sphere and 2 Shapes","floor":45,"turns":4},{"damage":2,"enemies":"3 Darklings","floor":47,"turns":3},{"damage":97,"enemies":"Donu and Deca","floor":50,"turns":8}],"seed_played":"-4089253084471836932","potions_obtained":[{"floor":3.0,"key":"Weak Potion"},{"floor":6.0,"key":"Dexterity Potion"},{"floor":11.0,"key":"Dexterity Potion"},{"floor":12.0,"key":"BloodPotion"},{"floor":18.0,"key":"Block Potion"},{"floor":19.0,"key":"Fire Potion"},{"floor":36.0,"key":"Fire Potion"},{"floor":37.0,"key":"SkillPotion"},{"floor":38.0,"key":"LiquidBronze"},{"floor":47,"key":"SteroidPotion"}],"is_trial":false,"path_per_floor":["M","?","M","?","$","E","R","M","T","E","M","M","R","$","R","B",null,"M","M","?","$","M","E","T","R","T","M","E","M","R","$","R","B",null,"M","?","M","M","?","R","E","R","T","E","M","?","M","?","R","B"],"character_chosen":"IRONCLAD","items_purchased":["Toxic Egg 2","Happy Flower","Pear","Bag of Preparation"],"campfire_rested":3,"item_purchase_floors":[5,14,21,31],"current_hp_per_floor":[80,80,80,73,73,79,79,80,80,55,47,40,40,40,40,54,80,71,67,59,69,58,34,34,61,61,60,62,55,55,55,82,14,90,90,90,90,90,90,90,51,78,78,66,62,62,66,89,89,0],"gold":348,"neow_bonus":"THREE_ENEMY_KILL","is_prod":false,"is_daily":false,"chose_seed":false,"campfire_upgraded":6,"win_rate":0,"timestamp":1559211215,"path_taken":["M","?","M","?","?","E","R","M","T","E","?","M","R","?","R","BOSS","M","M","?","$","?","E","?","R","T","M","E","?","R","$","R","BOSS","M","?","M","M","?","R","E","R","T","E","M","?","?","?","R","BOSS"],"build_version":"2019-01-23","purchased_purges":0,"victory":false,"max_hp_per_floor":[80,80,80,80,80,80,80,80,80,80,80,80,80,80,80,80,80,80,80,80,90,90,90,90,90,90,90,90,90,90,90,90,90,90,90,90,90,90,90,90,90,90,90,90,90,90,90,90,90,90],"card_choices":[{"not_picked":["True Grit","Twin Strike"],"picked":"Headbutt","floor":1.0},{"not_picked":["Shockwave","Second Wind"],"picked":"Shrug It Off","floor":3.0},{"not_picked":["Havoc+1","Rupture"],"picked":"Shrug It Off+1","floor":6.0},{"not_picked":["Sever Soul","Havoc+1"],"picked":"Heavy Blade","floor":8.0},{"not_picked":["Headbutt","Anger","Rage+1"],"picked":"SKIP","floor":10.0},{"not_picked":["Infernal Blade+1","Burning Pact+1"],"picked":"True Grit+1","floor":11.0},{"not_picked":["Offering+1","Wild Strike","Shrug It Off+1"],"picked":"SKIP","floor":12.0},{"not_picked":["Corruption","Armaments+1"],"picked":"Clothesline+1","floor":18.0},{"not_picked":["Spot Weakness+1","True Grit+1"],"picked":"Wild Strike+1","floor":19.0},{"not_picked":["Spot Weakness+1","Dropkick","Body Slam"],"picked":"SKIP","floor":22.0},{"not_picked":["Havoc+1","Pommel Strike"],"picked":"Sword Boomerang+1","floor":23.0},{"not_picked":["Burning Pact+1","Havoc+1"],"picked":"Warcry+1","floor":27.0},{"not_picked":["Double Tap+1","Reckless Charge+1"],"picked":"Perfected Strike","floor":28.0},{"not_picked":["Havoc+1","Shrug It Off+1"],"picked":"True Grit+1","floor":29.0},{"not_picked":["Iron Wave","Anger"],"picked":"Thunderclap+1","floor":32.0},{"not_picked":["Bloodletting+1","Sever Soul"],"picked":"Perfected Strike","floor":35.0},{"not_picked":["Clash","Juggernaut"],"picked":"Pommel Strike+1","floor":37.0},{"not_picked":["Body Slam","Carnage+1"],"picked":"Wild Strike","floor":38.0},{"not_picked":["Power Through+1","Second Wind+1","Armaments+1"],"picked":"SKIP","floor":41},{"not_picked":["Sentinel+1","Anger+1","Shockwave+1"],"picked":"SKIP","floor":44},{"not_picked":["Twin Strike","Shrug It Off+1","Rampage+1"],"picked":"SKIP","floor":45},{"not_picked":["Iron Wave+1","Clothesline","Barricade+1"],"picked":"SKIP","floor":47}],"player_experience":1571656,"relics_obtained":[{"floor":6.0,"key":"Dream Catcher"},{"floor":9.0,"key":"Mercury Hourglass"},{"floor":10.0,"key":"Sundial"},{"floor":23.0,"key":"Boot"},{"floor":23.0,"key":"Art of War"},{"floor":24.0,"key":"Self Forming Clay"},{"floor":26.0,"key":"Dodecahedron"},{"floor":28.0,"key":"Gremlin Horn"},{"floor":28.0,"key":"Centennial Puzzle"},{"floor":36.0,"key":"StoneCalendar"},{"floor":41,"key":"Letter Opener"},{"floor":41,"key":"Bronze Scales"},{"floor":43,"key":"FossilizedHelix"},{"floor":44,"key":"Frozen Egg 2"},{"floor":44,"key":"Du-Vu Doll"}],"event_choices":[{"damage_healed":0.0,"max_hp_gain":0.0,"max_hp_loss":0.0,"gold_gain":175.0,"event_name":"Liars Game","player_choice":"AGREE","floor":2.0,"gold_loss":0.0,"damage_taken":0.0,"cards_obtained":["Doubt"]},{"cards_removed":["Doubt"],"damage_healed":0.0,"max_hp_gain":0.0,"max_hp_loss":0.0,"gold_gain":0.0,"event_name":"Golden Wing","player_choice":"Card Removal","floor":4.0,"gold_loss":0.0,"damage_taken":7.0},{"damage_healed":0.0,"max_hp_gain":0.0,"max_hp_loss":0.0,"gold_gain":75.0,"event_name":"FaceTrader","player_choice":"Touch","floor":20.0,"gold_loss":0.0,"damage_taken":8.0},{"damage_healed":0.0,"max_hp_gain":0.0,"max_hp_loss":0.0,"gold_gain":0.0,"event_name":"MindBloom","player_choice":"Fight","floor":36.0,"gold_loss":0.0,"damage_taken":0.0},{"damage_healed":0.0,"max_hp_gain":0.0,"max_hp_loss":0.0,"gold_gain":0.0,"event_name":"SensoryStone","player_choice":"Memory 1","floor":39.0,"gold_loss":0.0,"damage_taken":0.0},{"damage_healed":0,"gold_gain":0,"player_choice":"Rummage","damage_taken":0,"relics_obtained":["WarpedTongs"],"max_hp_gain":0,"max_hp_loss":0,"event_name":"Accursed Blacksmith","floor":46,"gold_loss":0,"cards_obtained":["Pain"]},{"damage_healed":23,"gold_gain":0,"player_choice":"Writhe","damage_taken":0,"max_hp_gain":0,"max_hp_loss":0,"event_name":"Winding Halls","floor":48,"gold_loss":0,"cards_obtained":["Writhe"]}],"is_beta":false,"boss_relics":[{"not_picked":["Eternal Feather","Busted Crown"],"picked":"Black Star"},{"not_picked":["Lizard Tail","Velvet Choker"],"picked":"Mark of Pain"}],"items_purged_floors":[],"is_endless":false,"potions_floor_spawned":[3,6,11,12,18,19,36,37,38,47],"killed_by":"Donu and Deca","ascension_level":0}