{"gold_per_floor":[215,231,231,247,172,172,247,247,247,247,282,302,13,32,32,130,130,145,171,171,171,18,18,44,44,44,67,78,78,95,106,106,202,202,217,167,167,178,188,188],"floor_reached":40,"playtime":2428,"items_purged":["Strike_G","Strike_G","Pain"],"score":622,"play_id":"06f5fe22-48bf-49f9-a861-eefb86fc3707","local_time":"20181031150130","is_ascension_mode":true,"campfire_choices":[{"data":"Prepared","floor":6,"key":"SMITH"},{"data":"Backflip","floor":8,"key":"SMITH"},{"floor":15,"key":"REST"},{"floor":23,"key":"REST"},{"data":"Corpse Explosion","floor":29,"key":"SMITH"},{"floor":32,"key":"REST"}],"neow_cost":"NONE","seed_source_timestamp":323663586490282,"circlet_count":0,"master_deck":["Defend_G","Defend_G","Defend_G","Strike_G","Strike_G","Survivor","Neutralize","Prepared+1","Backflip+1","Quick Slash","Flying Knee+1","Deadly Poison","Infinite Blades+1","Corpse Explosion+1","Distraction+1","Backflip+1","RitualDagger+1","After Image+1","Shame","Slice+1","Unload","Noxious Fumes+1","Slice+1","Cloak And Dagger+1"],"relics":["Ring of the Snake","Bottled Flame","Snake Skull","Smiling Mask","Frozen Egg 2","Cursed Key","Red Mask","Whetstone","Meat on the Bone","Potion Belt","WristBlade"],"potions_floor_usage":[11,14,33,33,35,39],"damage_taken":[{"damage":1,"enemies":"Small Slimes","floor":1,"turns":3},{"damage":0,"enemies":"2 Louse","floor":2,"turns":2},{"damage":0,"enemies":"Jaw Worm","floor":4,"turns":6},{"damage":31,"enemies":"3 Sentries","floor":11,"turns":11},{"damage":0,"enemies":"Looter","floor":12,"turns":4},{"damage":0,"enemies":"Exordium Wildlife","floor":14,"turns":6},{"damage":30,"enemies":"The Guardian","floor":16,"turns":12},{"damage":0,"enemies":"Chosen","floor":18,"turns":4},{"damage":25,"enemies":"Masked Bandits","floor":19,"turns":3},{"damage":3,"enemies":"Gremlin Leader","floor":24,"turns":7},{"damage":1,"enemies":"Spheric Guardian","floor":28,"turns":5},{"damage":2,"enemies":"Centurion and Healer","floor":30,"turns":4},{"damage":25,"enemies":"Chosen and Byrds","floor":31,"turns":5},{"damage":66,"enemies":"Automaton","floor":33,"turns":9},{"damage":0,"enemies":"Orb Walker","floor":35,"turns":3},{"damage":19,"enemies":"3 Darklings","floor":38,"turns":6},{"damage":20,"enemies":"Spire Growth","floor":39,"turns":5},{"damage":43,"enemies":"Nemesis","floor":40,"turns":4}],"seed_played":"-4025411248674312632","potions_obtained":[{"floor":1,"key":"LiquidBronze"},{"floor":12,"key":"SkillPotion"},{"floor":24,"key":"Weak Potion"},{"floor":30,"key":"Regen Potion"},{"floor":33,"key":"Fire Potion"},{"floor":38,"key":"Block Potion"},{"floor":39,"key":"LiquidBronze"}],"is_trial":false,"path_per_floor":["M","M","?","M","$","R","?","R","T","?","E","M","$","M","R","B",null,"M","?","?","?","$","R","E","?","T","T","M","R","M","M","R","B",null,"M","$","?","M","M"],"character_chosen":"THE_SILENT","items_purchased":["Frozen Egg 2","After Image+1"],"campfire_rested":3,"item_purchase_floors":[13,22],"current_hp_per_floor":[62,62,62,62,62,62,51,51,51,51,20,20,20,20,41,11,55,55,30,30,24,24,45,42,65,65,65,64,64,62,37,58,19,57,57,57,57,38,30,0],"gold":188,"neow_bonus":"HUNDRED_GOLD","is_prod":false,"is_daily":false,"chose_seed":false,"campfire_upgraded":3,"win_rate":0,"timestamp":1541012490,"path_taken":["M","M","?","M","$","R","?","R","T","?","E","M","$","M","R","BOSS","M","?","?","?","$","R","E","?","T","?","?","R","?","M","R","BOSS","M","$","?","M","?","E"],"build_version":"2018-10-25v2","purchased_purges":3,"victory":false,"max_hp_per_floor":[70,70,70,70,70,70,70,70,70,70,70,70,70,70,70,70,70,70,70,70,70,70,70,70,70,70,70,70,70,70,70,70,70,70,70,70,70,70,70,70],"card_choices":[{"not_picked":["Caltrops","Flying Knee"],"picked":"Prepared","floor":1},{"not_picked":["Poisoned Stab","Noxious Fumes"],"picked":"Backflip","floor":2},{"not_picked":["Backflip","Dagger Throw"],"picked":"Quick Slash","floor":4},{"not_picked":["Poisoned Stab","Dagger Spray"],"picked":"Flying Knee","floor":11},{"not_picked":["Choke","Cloak And Dagger"],"picked":"Deadly Poison","floor":12},{"not_picked":["Acrobatics","Quick Slash"],"picked":"Infinite Blades+1","floor":14},{"not_picked":["Storm of Steel","Venomology"],"picked":"Corpse Explosion","floor":16},{"not_picked":["Caltrops+1","Eviscerate"],"picked":"Distraction+1","floor":18},{"not_picked":["Acrobatics","Outmaneuver"],"picked":"Backflip+1","floor":19},{"not_picked":["Dodge and Roll","Leg Sweep","Prepared"],"picked":"SKIP","floor":24},{"not_picked":["Heel Hook","Tactician"],"picked":"Slice+1","floor":28},{"not_picked":["Prepared","All Out Attack","Dodge and Roll"],"picked":"SKIP","floor":30},{"not_picked":["Reflex","Outmaneuver","Heel Hook"],"picked":"SKIP","floor":31},{"not_picked":["Night Terror","Bullet Time"],"picked":"Unload","floor":33},{"not_picked":["Caltrops+1","Blade Dance"],"picked":"Noxious Fumes+1","floor":35},{"not_picked":["Dagger Spray+1","Well Laid Plans+1"],"picked":"Slice+1","floor":38},{"not_picked":["Deflect","Acrobatics+1"],"picked":"Cloak And Dagger+1","floor":39}],"player_experience":571034,"relics_obtained":[{"floor":9,"key":"Bottled Flame"},{"floor":11,"key":"Smiling Mask"},{"floor":19,"key":"Red Mask"},{"floor":24,"key":"Whetstone"},{"floor":26,"key":"Meat on the Bone"},{"floor":27,"key":"Potion Belt"}],"event_choices":[{"cards_removed":["Strike_G"],"damage_healed":0,"gold_gain":0,"player_choice":"Forget","damage_taken":0,"max_hp_gain":0,"max_hp_loss":0,"event_name":"Living Wall","floor":3,"gold_loss":0},{"damage_healed":0,"gold_gain":75,"player_choice":"Gather Gold","damage_taken":11,"max_hp_gain":0,"max_hp_loss":0,"event_name":"World of Goop","floor":7,"gold_loss":0},{"damage_healed":0,"gold_gain":30,"player_choice":"Searched \u00272\u0027 times","damage_taken":0,"relics_obtained":["Snake Skull"],"max_hp_gain":0,"max_hp_loss":0,"event_name":"Dead Adventurer","floor":10,"gold_loss":0},{"damage_healed":0,"gold_gain":0,"player_choice":"Fought Bandits","damage_taken":0,"max_hp_gain":0,"max_hp_loss":0,"event_name":"Masked Bandits","floor":19,"gold_loss":0},{"cards_removed":["Defend_G"],"damage_healed":0,"gold_gain":0,"player_choice":"Elegance","damage_taken":0,"max_hp_gain":0,"max_hp_loss":0,"event_name":"Back to Basics","floor":20,"gold_loss":0},{"damage_healed":0,"gold_gain":0,"player_choice":"Joined the Cult","damage_taken":6,"max_hp_gain":0,"max_hp_loss":0,"event_name":"Nest","floor":21,"gold_loss":0,"cards_obtained":["RitualDagger"]},{"damage_healed":23,"gold_gain":0,"player_choice":"Heal","damage_taken":0,"max_hp_gain":0,"max_hp_loss":0,"event_name":"The Library","floor":25,"gold_loss":0},{"cards_removed":["Defend_G"],"damage_healed":0,"gold_gain":0,"player_choice":"Removed Skill","damage_taken":0,"max_hp_gain":0,"max_hp_loss":0,"event_name":"Falling","floor":37,"gold_loss":0}],"is_beta":false,"boss_relics":[{"not_picked":["Ring of the Serpent","Orrery"],"picked":"Cursed Key"},{"not_picked":["Philosopher\u0027s Stone","Runic Pyramid"],"picked":"WristBlade"}],"items_purged_floors":[5,13,36],"is_endless":false,"potions_floor_spawned":[1,12,24,30,33,38,39],"killed_by":"Nemesis","ascension_level":9}