{"gold_per_floor":[111,261,275,275,275,275,307,307,330,330,340,4,4,69,69,142,142,157,357,357,368,293,293,293,328,328,328,328,1,1,1,1,75,75,93,93,109,109,128,128,141,141,141,41,68,87,87,87,99,111],"floor_reached":50,"playtime":1847,"items_purged":["Doubt","Defend_B+1"],"score":996,"play_id":"2121fe15-1117-44ea-9bf1-d01fc908b8e5","local_time":"20190727002709","is_ascension_mode":true,"campfire_choices":[{"data":"Coolheaded","floor":6,"key":"SMITH"},{"data":"Defragment","floor":8,"key":"SMITH"},{"floor":10,"key":"REST"},{"data":"Lockon","floor":13,"key":"SMITH"},{"floor":15,"key":"REST"},{"floor":23,"key":"REST"},{"data":"Echo Form","floor":27,"key":"SMITH"},{"data":"Defragment","floor":32,"key":"SMITH"},{"floor":40,"key":"REST"},{"data":"Seek","floor":42,"key":"SMITH"},{"floor":49,"key":"REST"}],"neow_cost":"NONE","seed_source_timestamp":30036509927447,"circlet_count":0,"master_deck":["AscendersBane","Strike_B+1","Strike_B+1","Strike_B+1","Defend_B+1","Defend_B+1","Defend_B+1","Zap+1","Dualcast+1","Coolheaded+1","Cold Snap","Defragment+1","Sweeping Beam","Lockon+1","Compile Driver","Echo Form+1","Stack+1","Defragment+1","Defragment+1","Seek+1","Rainbow","Ball Lightning","Conserve Battery","Reboot+1","Go for the Eyes"],"relics":["Cracked Core","NeowsBlessing","Strawberry","Kunai","Juzu Bracelet","Calipers","Happy Flower","Velvet Choker","Mercury Hourglass","Pocketwatch","OrangePellets","Inserter","Frozen Egg 2","Toxic Egg 2","MawBank"],"potions_floor_usage":[14,16,16,25,39,41,45,50],"damage_taken":[{"damage":0,"enemies":"2 Louse","floor":1,"turns":1},{"damage":0,"enemies":"Small Slimes","floor":3,"turns":1},{"damage":0,"enemies":"Gremlin Nob","floor":7,"turns":1},{"damage":2,"enemies":"Cultist","floor":11,"turns":3},{"damage":12,"enemies":"Gremlin Nob","floor":14,"turns":5},{"damage":22,"enemies":"The Guardian","floor":16,"turns":10},{"damage":9,"enemies":"Chosen","floor":18,"turns":3},{"damage":20,"enemies":"Spheric Guardian","floor":21,"turns":4},{"damage":27,"enemies":"Gremlin Leader","floor":25,"turns":8},{"damage":0,"enemies":"Automaton","floor":33,"turns":12},{"damage":24,"enemies":"3 Darklings","floor":35,"turns":6},{"damage":22,"enemies":"3 Shapes","floor":37,"turns":3},{"damage":4,"enemies":"Writhing Mass","floor":39,"turns":7},{"damage":11,"enemies":"3 Darklings","floor":41,"turns":5},{"damage":17,"enemies":"Nemesis","floor":45,"turns":8},{"damage":16,"enemies":"Maw","floor":46,"turns":6},{"damage":29,"enemies":"Awakened One","floor":50,"turns":2}],"seed_played":"483682173304264215","potions_obtained":[{"floor":1,"key":"Swift Potion"},{"floor":7,"key":"Weak Potion"},{"floor":14,"key":"Regen Potion"},{"floor":21,"key":"Strength Potion"},{"floor":35,"key":"Swift Potion"},{"floor":39,"key":"Block Potion"},{"floor":46,"key":"Ancient Potion"}],"is_trial":false,"path_per_floor":["M","?","M","?","?","R","E","R","T","R","M","$","R","?","R","B",null,"M","?","?","M","?","R","?","E","T","R","?","$","$","?","R","B",null,"M","?","M","?","M","R","M","R","T","$","E","M","?","T","R","B"],"character_chosen":"DEFECT","items_purchased":["Calipers","Lockon","OrangePellets","Fire Potion"],"campfire_rested":5,"item_purchase_floors":[12,12,29,29],"current_hp_per_floor":[64,64,64,43,50,50,50,50,50,73,71,71,71,59,78,68,76,67,67,67,47,47,70,70,43,43,43,43,43,43,59,59,59,73,49,49,27,27,23,45,34,34,34,34,17,1,1,1,23,0],"gold":111,"neow_bonus":"THREE_ENEMY_KILL","is_prod":false,"is_daily":false,"chose_seed":false,"campfire_upgraded":6,"win_rate":0,"timestamp":1564151229,"path_taken":["M","?","M","?","?","R","E","R","T","R","M","$","R","?","R","BOSS","M","?","?","M","?","R","?","E","T","R","?","?","$","?","R","BOSS","M","?","M","?","M","R","M","R","T","?","E","M","?","?","R","BOSS"],"build_version":"2019-07-17","purchased_purges":2,"victory":false,"max_hp_per_floor":[71,71,71,71,78,78,78,78,78,78,78,78,78,78,78,78,78,78,78,78,78,78,78,78,78,78,78,78,78,78,78,78,78,78,78,74,74,74,74,74,74,74,74,74,74,74,74,74,74,74],"card_choices":[{"not_picked":["Darkness","Conserve Battery"],"picked":"Coolheaded","floor":1},{"not_picked":["Barrage","Redo"],"picked":"Cold Snap","floor":3},{"not_picked":["Static Discharge","Chill"],"picked":"Defragment","floor":7},{"not_picked":["Ball Lightning","Compile Driver"],"picked":"Sweeping Beam","floor":11},{"not_picked":["Heatsinks","Melter"],"picked":"Compile Driver","floor":14},{"not_picked":["Rainbow","Buffer"],"picked":"Echo Form","floor":16},{"not_picked":["Leap","Streamline+1","Rip and Tear"],"picked":"SKIP","floor":18},{"not_picked":["Steam","Leap"],"picked":"Stack+1","floor":21},{"not_picked":["Sunder","Cold Snap"],"picked":"Defragment","floor":25},{"not_picked":["Machine Learning","All For One"],"picked":"Rainbow","floor":33},{"not_picked":["Genetic Algorithm","Sweeping Beam","Fusion+1"],"picked":"SKIP","floor":35},{"not_picked":["Compile Driver","BootSequence"],"picked":"Ball Lightning","floor":37},{"not_picked":["Gash","Streamline"],"picked":"Barrage","floor":39},{"not_picked":["Coolheaded","Barrage"],"picked":"Conserve Battery","floor":41},{"not_picked":["Gash","Hyperbeam"],"picked":"Reboot","floor":45},{"not_picked":["Steam+1","Sweeping Beam"],"picked":"Go for the Eyes","floor":46}],"player_experience":1092728,"relics_obtained":[{"floor":7,"key":"Kunai"},{"floor":9,"key":"Juzu Bracelet"},{"floor":14,"key":"Happy Flower"},{"floor":25,"key":"Mercury Hourglass"},{"floor":26,"key":"Pocketwatch"},{"floor":43,"key":"Frozen Egg 2"},{"floor":45,"key":"Toxic Egg 2"},{"floor":48,"key":"MawBank"}],"event_choices":[{"damage_healed":0,"gold_gain":150,"player_choice":"AGREE","damage_taken":0,"max_hp_gain":0,"max_hp_loss":0,"event_name":"Liars Game","floor":2,"gold_loss":0,"cards_obtained":["Doubt"]},{"damage_healed":0,"gold_gain":0,"player_choice":"Entered Light","damage_taken":21,"max_hp_gain":0,"max_hp_loss":0,"event_name":"Shining Light","floor":4,"gold_loss":0,"cards_upgraded":["Zap","Dualcast"]},{"damage_healed":0,"gold_gain":0,"player_choice":"Box","damage_taken":0,"relics_obtained":["Strawberry"],"max_hp_gain":0,"max_hp_loss":0,"event_name":"Big Fish","floor":5,"gold_loss":0,"cards_obtained":["Regret"]},{"damage_healed":0,"gold_gain":30,"player_choice":"Searched \u00273\u0027 times","damage_taken":0,"max_hp_gain":0,"max_hp_loss":0,"event_name":"Dead Adventurer","floor":14,"gold_loss":0},{"damage_healed":0,"gold_gain":200,"player_choice":"Gold","damage_taken":0,"max_hp_gain":0,"max_hp_loss":0,"event_name":"Wheel of Change","floor":19,"gold_loss":0},{"damage_healed":0,"gold_gain":0,"player_choice":"Simplicity","damage_taken":0,"max_hp_gain":0,"max_hp_loss":0,"event_name":"Back to Basics","floor":20,"gold_loss":0,"cards_upgraded":["Strike_B","Strike_B","Strike_B","Strike_B","Defend_B","Defend_B","Defend_B","Defend_B"]},{"cards_removed":["Regret"],"damage_healed":0,"gold_gain":0,"player_choice":"Gave Gold","damage_taken":0,"max_hp_gain":0,"max_hp_loss":0,"event_name":"Beggar","floor":22,"gold_loss":75},{"damage_healed":0,"gold_gain":0,"player_choice":"Copied","damage_taken":0,"max_hp_gain":0,"max_hp_loss":0,"event_name":"Duplicator","floor":24,"gold_loss":0,"cards_obtained":["Defragment"]},{"damage_healed":0,"gold_gain":0,"cards_transformed":["Strike_B"],"player_choice":"Transformed","damage_taken":0,"max_hp_gain":0,"max_hp_loss":0,"event_name":"Transmorgrifier","floor":28,"gold_loss":0,"cards_obtained":["Seek"]},{"damage_healed":16,"gold_gain":0,"player_choice":"Heal","damage_taken":0,"max_hp_gain":0,"max_hp_loss":0,"event_name":"The Library","floor":31,"gold_loss":0},{"damage_healed":0,"gold_gain":0,"player_choice":"Max HP","damage_taken":0,"max_hp_gain":0,"max_hp_loss":4,"event_name":"Winding Halls","floor":36,"gold_loss":0},{"damage_healed":0,"gold_gain":0,"player_choice":"Ignored","damage_taken":0,"max_hp_gain":0,"max_hp_loss":0,"event_name":"Mysterious Sphere","floor":38,"gold_loss":0},{"cards_removed":["Barrage"],"damage_healed":0,"gold_gain":0,"player_choice":"Purged","damage_taken":0,"max_hp_gain":0,"max_hp_loss":0,"event_name":"Purifier","floor":47,"gold_loss":0}],"is_beta":false,"boss_relics":[{"not_picked":["Calling Bell","Busted Crown"],"picked":"Velvet Choker"},{"not_picked":["Pandora\u0027s Box","Nuclear Battery"],"picked":"Inserter"}],"items_purged_floors":[29,44],"is_endless":false,"potions_floor_spawned":[1,7,14,21,35,39,46],"killed_by":"Awakened One","ascension_level":15}