{"gold_per_floor":[111,111,127,127,146,146,158,191,191,191,141,141,166,182,182,182],"floor_reached":16,"playtime":1219,"items_purged":[],"score":116,"play_id":"46b8f619-1f7e-4133-b77d-f822ecdc3722","local_time":"20190830172839","is_ascension_mode":true,"campfire_choices":[{"floor":6,"key":"RECALL"},{"data":"Disarm","floor":12,"key":"SMITH"},{"floor":15,"key":"REST"}],"neow_cost":"NONE","seed_source_timestamp":45263456457300,"circlet_count":0,"master_deck":["Strike_R","Strike_R","Strike_R","Strike_R","Defend_R","Defend_R","Defend_R","Bash","Dual Wield","Body Slam","Battle Trance","Disarm+1","Feel No Pain+1","Intimidate","Havoc"],"relics":["Burning Blood","Red Skull","Question Card","Frozen Egg 2","Art of War"],"potions_floor_usage":[8,14,16],"damage_taken":[{"damage":5,"enemies":"Jaw Worm","floor":1,"turns":5},{"damage":0,"enemies":"2 Louse","floor":3,"turns":3},{"damage":0,"enemies":"Cultist","floor":5,"turns":4},{"damage":3,"enemies":"Exordium Wildlife","floor":7,"turns":5},{"damage":24,"enemies":"Gremlin Nob","floor":8,"turns":5},{"damage":61,"enemies":"Lagavulin","floor":13,"turns":11},{"damage":0,"enemies":"Looter","floor":14,"turns":3},{"damage":41,"enemies":"Hexaghost","floor":16,"turns":14}],"seed_played":"-5147378168090319178","potions_obtained":[{"floor":1,"key":"LiquidBronze"},{"floor":5,"key":"Block Potion"},{"floor":8,"key":"Swift Potion"},{"floor":14,"key":"Block Potion"}],"is_trial":false,"path_per_floor":["M","?","M","?","M","R","M","E","T","$","?","R","E","M","R","B"],"character_chosen":"IRONCLAD","items_purchased":[],"campfire_rested":1,"item_purchase_floors":[],"current_hp_per_floor":[80,73,79,79,80,80,80,62,62,62,62,62,7,13,37,0],"gold":182,"neow_bonus":"RANDOM_COMMON_RELIC","is_prod":false,"is_daily":false,"chose_seed":false,"campfire_upgraded":1,"win_rate":0,"timestamp":1567204119,"path_taken":["M","?","M","?","M","R","?","E","T","$","?","R","E","M","R","BOSS"],"build_version":"2019-07-17","purchased_purges":0,"victory":false,"max_hp_per_floor":[80,80,80,80,80,80,80,80,80,80,80,80,80,80,80,80],"card_choices":[{"not_picked":["Intimidate","Evolve"],"picked":"Dual Wield","floor":1},{"not_picked":["Thunderclap","Rage","Rupture"],"picked":"Body Slam","floor":3},{"not_picked":["Sword Boomerang","Heavy Blade","Flex"],"picked":"Battle Trance","floor":5},{"not_picked":["Searing Blow","Fire Breathing","Whirlwind"],"picked":"Disarm","floor":7},{"not_picked":["Heavy Blade","Sword Boomerang","Ghostly Armor"],"picked":"Feel No Pain","floor":8},{"not_picked":["Perfected Strike","Rampage","Limit Break"],"picked":"Intimidate","floor":13},{"not_picked":["Heavy Blade","Carnage","Pommel Strike"],"picked":"Havoc","floor":14}],"player_experience":231109,"relics_obtained":[{"floor":8,"key":"Frozen Egg 2"},{"floor":13,"key":"Art of War"}],"event_choices":[{"damage_healed":0,"gold_gain":0,"player_choice":"Success","damage_taken":7,"relics_obtained":["Question Card"],"max_hp_gain":0,"max_hp_loss":0,"event_name":"Scrap Ooze","floor":2,"gold_loss":0},{"cards_removed":["Strike_R"],"damage_healed":0,"gold_gain":0,"player_choice":"Purged","damage_taken":0,"max_hp_gain":0,"max_hp_loss":0,"event_name":"Purifier","floor":4,"gold_loss":0},{"cards_removed":["Defend_R"],"damage_healed":0,"gold_gain":0,"player_choice":"Card Removal","damage_taken":0,"max_hp_gain":0,"max_hp_loss":0,"event_name":"The Cleric","floor":11,"gold_loss":50}],"is_beta":false,"boss_relics":[],"items_purged_floors":[],"is_endless":false,"potions_floor_spawned":[1,5,8,14],"killed_by":"Hexaghost","ascension_level":1}