{"gold_per_floor":[114,114,134,134,151,183,183,183,183,210,210,234,234,277,277,370,433,446,461,461,484,409,409,409],"floor_reached":24,"playtime":1324,"items_purged":["Strike_R"],"score":407,"play_id":"a623a58a-6c81-4bff-a51d-a44296c8cc51","local_time":"20190407140739","is_ascension_mode":true,"campfire_choices":[{"floor":7,"key":"REST"},{"data":"Flame Barrier","floor":13,"key":"SMITH"},{"floor":15,"key":"REST"},{"data":"Immolate","floor":23,"key":"SMITH"}],"neow_cost":"NONE","seed_source_timestamp":184579138873100,"circlet_count":0,"master_deck":["AscendersBane","Strike_R","Strike_R","Defend_R","Defend_R","Defend_R","Defend_R","Bash+1","Shrug It Off","Demon Form","Thunderclap","Flame Barrier+1","Headbutt","Twin Strike","Metallicize+1","Immolate+1","Havoc+1","True Grit+1"],"relics":["Burning Blood","Lantern","Toxic Egg 2","Shuriken","Golden Idol","Bottled Flame","Tiny House"],"potions_floor_usage":[10,16,18],"damage_taken":[{"damage":9,"enemies":"2 Louse","floor":1,"turns":4},{"damage":2,"enemies":"Jaw Worm","floor":3,"turns":4},{"damage":0,"enemies":"Cultist","floor":5,"turns":4},{"damage":33,"enemies":"Lagavulin","floor":6,"turns":9},{"damage":30,"enemies":"Gremlin Nob","floor":10,"turns":6},{"damage":9,"enemies":"Blue Slaver","floor":12,"turns":4},{"damage":20,"enemies":"3 Sentries","floor":14,"turns":6},{"damage":43,"enemies":"Hexaghost","floor":16,"turns":11},{"damage":11,"enemies":"Chosen","floor":18,"turns":7},{"damage":5,"enemies":"3 Byrds","floor":19,"turns":6},{"damage":5,"enemies":"Centurion and Healer","floor":21,"turns":8},{"damage":58,"enemies":"Gremlin Leader","floor":24,"turns":5}],"seed_played":"-4798361092101686921","potions_obtained":[{"floor":3,"key":"Ancient Potion"},{"floor":10,"key":"GamblersBrew"},{"floor":17,"key":"SteroidPotion"},{"floor":19,"key":"FearPotion"},{"floor":21,"key":"Ancient Potion"}],"is_trial":false,"path_per_floor":["M","?","M","?","M","E","R","?","T","E","?","M","R","E","R","B",null,"M","M","?","M","$","R","E"],"character_chosen":"IRONCLAD","items_purchased":[],"campfire_rested":2,"item_purchase_floors":[],"current_hp_per_floor":[65,65,69,69,75,48,70,70,70,46,46,43,43,29,49,12,59,54,55,55,56,56,56,0],"gold":409,"neow_bonus":"UPGRADE_CARD","is_prod":false,"is_daily":false,"chose_seed":false,"campfire_upgraded":2,"win_rate":0,"timestamp":1554671259,"path_taken":["M","?","M","?","?","E","R","?","T","E","?","M","R","E","R","BOSS","M","M","?","M","$","R","E"],"build_version":"2019-01-23","purchased_purges":1,"victory":false,"max_hp_per_floor":[75,75,75,75,75,75,75,75,75,75,68,68,68,68,68,68,73,73,73,73,73,73,73,73],"card_choices":[{"not_picked":["Warcry","Sword Boomerang"],"picked":"Shrug It Off","floor":1},{"not_picked":["Shockwave","Pommel Strike"],"picked":"Thunderclap","floor":3},{"not_picked":["Flex","Rupture"],"picked":"Headbutt","floor":5},{"not_picked":["Iron Wave","Bludgeon","Armaments"],"picked":"SKIP","floor":6},{"not_picked":["Brutality","Intimidate+1"],"picked":"Twin Strike","floor":10},{"not_picked":["Rupture","Twin Strike","Perfected Strike"],"picked":"SKIP","floor":12},{"not_picked":["Shrug It Off+1","Inflame"],"picked":"Metallicize","floor":14},{"not_picked":["Barricade","Impervious+1"],"picked":"Immolate","floor":16},{"not_picked":["Headbutt","Pommel Strike"],"picked":"Havoc+1","floor":17},{"not_picked":["Searing Blow","Impervious+1"],"picked":"True Grit+1","floor":18},{"not_picked":["Heavy Blade","Flex+1","Fire Breathing"],"picked":"SKIP","floor":19},{"not_picked":["Uppercut","Second Wind+1","Inflame+1"],"picked":"SKIP","floor":21}],"player_experience":456201,"relics_obtained":[{"floor":6,"key":"Lantern"},{"floor":9,"key":"Toxic Egg 2"},{"floor":10,"key":"Shuriken"},{"floor":14,"key":"Bottled Flame"}],"event_choices":[{"damage_healed":0,"gold_gain":0,"cards_transformed":["Strike_R"],"player_choice":"Change","damage_taken":0,"max_hp_gain":0,"max_hp_loss":0,"event_name":"Living Wall","floor":2,"gold_loss":0,"cards_obtained":["Demon Form"]},{"damage_healed":0,"gold_gain":0,"cards_transformed":["Strike_R"],"player_choice":"Transformed","damage_taken":0,"max_hp_gain":0,"max_hp_loss":0,"event_name":"Transmorgrifier","floor":4,"gold_loss":0,"cards_obtained":["Flame Barrier"]},{"damage_healed":0,"gold_gain":0,"player_choice":"Ignored","damage_taken":0,"max_hp_gain":0,"max_hp_loss":0,"event_name":"Shining Light","floor":8,"gold_loss":0},{"damage_healed":0,"gold_gain":0,"player_choice":"Lose Max HP","damage_taken":0,"relics_obtained":["Golden Idol"],"max_hp_gain":0,"max_hp_loss":7,"event_name":"Golden Idol","floor":11,"gold_loss":0},{"damage_healed":0,"gold_gain":0,"player_choice":"0 cards matched","damage_taken":0,"max_hp_gain":0,"max_hp_loss":0,"event_name":"Match and Keep!","floor":20,"gold_loss":0,"cards_obtained":[]}],"is_beta":false,"boss_relics":[{"not_picked":["Calling Bell","Lizard Tail"],"picked":"Tiny House"}],"items_purged_floors":[22],"is_endless":false,"potions_floor_spawned":[3,10,19,21],"killed_by":"Gremlin Leader","ascension_level":18}