{"gold_per_floor":[211,211,226,245,265,8,8,8,8,43,53,73,87,87,87,187,187,205,190,190,190],"floor_reached":21,"playtime":946,"items_purged":["Strike_B"],"score":318,"play_id":"7de7273b-5535-4398-93d9-6ef8a22d308b","local_time":"20181203130106","is_ascension_mode":true,"campfire_choices":[{"data":"Apotheosis","floor":15,"key":"SMITH"}],"neow_cost":"NONE","seed_source_timestamp":64744420168571,"circlet_count":0,"master_deck":["AscendersBane","Defend_B","Defend_B","Defend_B","Defend_B","Zap","Dualcast","Streamline","Beam Cell","Sweeping Beam","Apotheosis+1","Defragment","Stack","Stack","Hologram","Buffer","Bite","Bite","Bite","Bite","Bite"],"relics":["Cracked Core","Happy Flower","Blue Candle","Darkstone Periapt","Empty Cage"],"potions_floor_usage":[10,16,16,18,19],"damage_taken":[{"damage":2,"enemies":"Small Slimes","floor":1,"turns":4},{"damage":2,"enemies":"Jaw Worm","floor":3,"turns":3},{"damage":0,"enemies":"Cultist","floor":4,"turns":2},{"damage":6,"enemies":"Blue Slaver","floor":5,"turns":3},{"damage":14,"enemies":"3 Sentries","floor":10,"turns":4},{"damage":11,"enemies":"3 Louse","floor":11,"turns":4},{"damage":3,"enemies":"Looter","floor":12,"turns":2},{"damage":0,"enemies":"2 Fungi Beasts","floor":13,"turns":3},{"damage":6,"enemies":"The Guardian","floor":16,"turns":12},{"damage":25,"enemies":"3 Byrds","floor":18,"turns":4},{"damage":11,"enemies":"2 Thieves","floor":19,"turns":4},{"damage":42,"enemies":"Snecko","floor":21,"turns":5}],"seed_played":"6724292490041969273","potions_obtained":[{"floor":4,"key":"Strength Potion"},{"floor":8,"key":"Strength Potion"},{"floor":11,"key":"LiquidBronze"},{"floor":12,"key":"SkillPotion"},{"floor":16,"key":"GamblersBrew"},{"floor":18,"key":"SkillPotion"}],"is_trial":false,"path_per_floor":["M","?","M","M","M","$","?","?","T","E","M","M","M","?","R","B",null,"M","M","?","M"],"character_chosen":"DEFECT","items_purchased":["Apotheosis"],"campfire_rested":0,"item_purchase_floors":[6],"current_hp_per_floor":[66,66,64,64,58,58,58,58,58,44,33,30,30,30,30,24,62,37,26,26,0],"gold":190,"neow_bonus":"HUNDRED_GOLD","is_prod":false,"is_daily":false,"chose_seed":false,"campfire_upgraded":1,"win_rate":0,"timestamp":1543860066,"path_taken":["M","?","M","M","M","$","?","?","T","E","?","M","M","?","R","BOSS","M","M","?","M"],"build_version":"2018-11-15","purchased_purges":1,"victory":false,"max_hp_per_floor":[75,75,75,75,75,75,75,75,75,75,75,75,75,75,75,75,75,75,75,52,52],"card_choices":[{"not_picked":["Heatsinks","Sweeping Beam"],"picked":"Streamline","floor":1},{"not_picked":["Aggregate","Compile Driver"],"picked":"Beam Cell","floor":3},{"not_picked":["Conserve Battery","Aggregate","Self Repair"],"picked":"SKIP","floor":4},{"not_picked":["Ball Lightning","Barrage"],"picked":"Sweeping Beam","floor":5},{"not_picked":["Reprogram","Thunder Strike"],"picked":"Defragment","floor":10},{"not_picked":["Go for the Eyes","Hologram"],"picked":"Stack","floor":11},{"not_picked":["Storm","Loop"],"picked":"Stack","floor":12},{"not_picked":["Barrage","Tempest"],"picked":"Hologram","floor":13},{"not_picked":["Hyperbeam","Meteor Strike"],"picked":"Buffer","floor":16},{"not_picked":["Hello World","Leap","Recycle"],"picked":"SKIP","floor":18},{"not_picked":["Barrage+1","Cold Snap","Streamline"],"picked":"SKIP","floor":19}],"player_experience":790158,"relics_obtained":[{"floor":9,"key":"Happy Flower"},{"floor":10,"key":"Blue Candle"}],"event_choices":[{"damage_healed":0,"gold_gain":0,"player_choice":"Ignored","damage_taken":0,"max_hp_gain":0,"max_hp_loss":0,"event_name":"Liars Game","floor":2,"gold_loss":0},{"damage_healed":0,"gold_gain":0,"player_choice":"Leave","damage_taken":0,"max_hp_gain":0,"max_hp_loss":0,"event_name":"The Cleric","floor":7,"gold_loss":0},{"damage_healed":0,"gold_gain":0,"player_choice":"Got Potions","damage_taken":0,"max_hp_gain":0,"max_hp_loss":0,"event_name":"Lab","floor":8,"gold_loss":0},{"damage_healed":0,"gold_gain":0,"player_choice":"Searched \u00272\u0027 times","damage_taken":0,"relics_obtained":["Darkstone Periapt"],"max_hp_gain":0,"max_hp_loss":0,"event_name":"Dead Adventurer","floor":14,"gold_loss":0},{"damage_healed":0,"gold_gain":0,"player_choice":"Became a vampire","damage_taken":0,"max_hp_gain":0,"max_hp_loss":23,"event_name":"Vampires","floor":20,"gold_loss":0,"cards_obtained":["Bite","Bite","Bite","Bite","Bite"]}],"is_beta":false,"boss_relics":[{"not_picked":["Runic Pyramid","Velvet Choker"],"picked":"Empty Cage"}],"items_purged_floors":[6],"is_endless":false,"potions_floor_spawned":[4,11,12,16,18],"killed_by":"Snecko","ascension_level":12}