{"gold_per_floor":[111,111,111,123,13,13,40,40,67,67,96,107,163,185,185,259,259,275,288,44,44,44,44,70,70,97,97,44,44,72,91,91,166,166,183,183,183,200,212,212,312,312,358,387,399,437,76,76,76,76],"floor_reached":51,"playtime":3385,"items_purged":[],"score":1396,"play_id":"0d508144-026f-4ad1-b80e-f1f1e8df5ec8","local_time":"20190830143821","is_ascension_mode":true,"campfire_choices":[{"data":"Shockwave","floor":6.0,"key":"SMITH"},{"data":"Iron Wave","floor":8.0,"key":"SMITH"},{"floor":10.0,"key":"REST"},{"floor":15.0,"key":"REST"},{"data":"Corruption","floor":23.0,"key":"SMITH"},{"data":"Shockwave","floor":25,"key":"SMITH"},{"data":"Barricade","floor":27,"key":"SMITH"},{"data":"Spot Weakness","floor":32,"key":"SMITH"},{"data":"Heavy Blade","floor":40,"key":"SMITH"},{"data":"Heavy Blade","floor":42,"key":"SMITH"},{"data":"Inflame","floor":45,"key":"SMITH"},{"data":"Fiend Fire","floor":49,"key":"SMITH"}],"neow_cost":"NONE","seed_source_timestamp":80034184167626,"circlet_count":0,"master_deck":["AscendersBane","Bash+1","Shockwave+1","Shockwave+1","Spot Weakness+1","Clothesline","Heavy Blade+1","Armaments+1","Corruption+1","Impervious+1","Body Slam","Shrug It Off+1","Barricade+1","Entrench+1","Ghostly+1","Ghostly+1","Ghostly+1","Power Through+1","Armaments+1","RitualDagger","Dark Embrace+1","Headbutt","Juggernaut","Double Tap+1","Intimidate+1","Rage+1","Havoc+1","Fiend Fire+1","Impervious+1","Spot Weakness+1","Shrug It Off+1","Intimidate+1","Madness+1","Madness+1","True Grit+1","Heavy Blade+1","Inflame+1","Second Wind+1","Metallicize","Secret Weapon+1"],"special_seed":0,"relics":["Burning Blood","Nunchaku","Whetstone","Bronze Scales","Toxic Egg 2","Odd Mushroom","Runic Pyramid","Bottled Tornado","Smiling Mask","Pear","Pandora\u0027s Box","Turnip","MawBank","Magic Flower"],"potions_floor_usage":[30,38,46,46,50,50],"damage_taken":[{"damage":1.0,"enemies":"2 Louse","floor":1.0,"turns":2.0},{"damage":7.0,"enemies":"Small Slimes","floor":4.0,"turns":4.0},{"damage":42.0,"enemies":"Gremlin Nob","floor":7.0,"turns":5.0},{"damage":25.0,"enemies":"3 Sentries","floor":11.0,"turns":7.0},{"damage":2.0,"enemies":"Jaw Worm","floor":12.0,"turns":3.0},{"damage":42.0,"enemies":"3 Sentries","floor":13.0,"turns":6.0},{"damage":0.0,"enemies":"The Mushroom Lair","floor":14.0,"turns":4.0},{"damage":44.0,"enemies":"Hexaghost","floor":16.0,"turns":10.0},{"damage":6.0,"enemies":"Chosen","floor":18.0,"turns":4.0},{"damage":20.0,"enemies":"Spheric Guardian","floor":19.0,"turns":4.0},{"damage":4,"enemies":"Gremlin Leader","floor":24,"turns":5},{"damage":11,"enemies":"Slavers","floor":30,"turns":5},{"damage":13,"enemies":"Snake Plant","floor":31,"turns":3},{"damage":1,"enemies":"Automaton","floor":33,"turns":7},{"damage":1,"enemies":"3 Shapes","floor":35,"turns":5},{"damage":2,"enemies":"3 Darklings","floor":38,"turns":3},{"damage":21,"enemies":"Spire Growth","floor":39,"turns":5},{"damage":5,"enemies":"Mind Bloom Boss Battle","floor":41,"turns":7},{"damage":0,"enemies":"Sphere and 2 Shapes","floor":44,"turns":5},{"damage":4,"enemies":"Reptomancer","floor":46,"turns":4},{"damage":18,"enemies":"Time Eater","floor":50,"turns":7}],"seed_played":"4917419890639698566","potions_obtained":[{"floor":7.0,"key":"SteroidPotion"},{"floor":11.0,"key":"SkillPotion"},{"floor":13.0,"key":"SkillPotion"},{"floor":14.0,"key":"Block Potion"},{"floor":24,"key":"Poison Potion"},{"floor":33,"key":"AttackPotion"},{"floor":35,"key":"SteroidPotion"},{"floor":38,"key":"Swift Potion"},{"floor":46,"key":"LiquidBronze"}],"is_trial":false,"path_per_floor":["M","?","?","M","$","R","E","R","T","R","E","M","?","?","R","B",null,"M","M","$","?","?","R","E","R","T","R","$","?","E","M","R","B",null,"M","?","?","M","M","R","?","R","T","M","R","E","$","?","R","B",null],"character_chosen":"IRONCLAD","items_purchased":["Iron Wave","Strength Potion","Barricade","Entrench+1","Armaments+1","Metallicize","Secret Weapon+1","PowerPotion","AttackPotion"],"campfire_rested":2,"item_purchase_floors":[5,5,20,20,28,47,47,47,47],"current_hp_per_floor":[80,85,78,77,77,77,41,41,41,67,48,52,16,22,48,10,68,68,54,54,29,29,29,31,31,31,31,31,25,30,23,23,28,49,54,44,44,48,33,33,34,34,34,40,40,42,42,42,42,33],"gold":76,"neow_bonus":"TEN_PERCENT_HP_BONUS","is_prod":false,"is_daily":false,"chose_seed":false,"campfire_upgraded":10,"win_rate":0,"timestamp":1567139901,"path_taken":["M","?","?","M","$","R","E","R","T","R","E","M","?","?","R","BOSS","M","M","$","?","?","R","E","R","T","R","$","?","E","M","R","BOSS","M","?","?","M","?","R","?","R","T","M","R","E","$","?","R","BOSS"],"build_version":"2019-07-17","purchased_purges":0,"victory":true,"max_hp_per_floor":[82,87,87,87,87,87,87,87,87,87,87,87,87,87,87,87,87,87,87,87,92,46,46,46,46,46,46,46,46,56,56,56,56,56,56,56,56,56,56,56,56,56,56,56,56,56,56,56,56,56],"card_choices":[{"not_picked":["Warcry","True Grit"],"picked":"Shockwave","floor":1.0},{"not_picked":["Headbutt","True Grit"],"picked":"Shockwave","floor":4.0},{"not_picked":["Iron Wave","Bloodletting"],"picked":"Spot Weakness","floor":7.0},{"not_picked":["Carnage","Berserk"],"picked":"Clothesline","floor":11.0},{"not_picked":["Rage","Dual Wield"],"picked":"Heavy Blade","floor":12.0},{"not_picked":["Clash","Body Slam"],"picked":"Armaments","floor":13.0},{"not_picked":["Inflame","Exhume+1"],"picked":"Corruption","floor":14.0},{"not_picked":["Fiend Fire","Exhume+1"],"picked":"Impervious+1","floor":16.0},{"not_picked":["Combust+1","Twin Strike"],"picked":"Body Slam","floor":18.0},{"not_picked":["Pommel Strike","Pummel"],"picked":"Shrug It Off+1","floor":19.0},{"not_picked":["Havoc+1","Intimidate+1"],"picked":"Power Through+1","floor":24},{"not_picked":["Clothesline","Iron Wave"],"picked":"Dark Embrace","floor":30},{"not_picked":["Wild Strike","Clash"],"picked":"Headbutt","floor":31},{"not_picked":["Bludgeon","Dark Embrace"],"picked":"Juggernaut","floor":33},{"not_picked":["Heavy Blade","Iron Wave"],"picked":"Intimidate+1","floor":35},{"not_picked":["Clash","Fire Breathing"],"picked":"True Grit+1","floor":38},{"not_picked":["Perfected Strike","Seeing Red+1"],"picked":"Heavy Blade","floor":39},{"not_picked":["Reckless Charge","Double Tap+1"],"picked":"Inflame","floor":41},{"not_picked":["Heavy Blade","Pummel","Clash"],"picked":"SKIP","floor":44},{"not_picked":["Thunderclap","Clash+1"],"picked":"Second Wind+1","floor":46}],"player_experience":1234959,"relics_obtained":[{"floor":7.0,"key":"Nunchaku"},{"floor":9.0,"key":"Whetstone"},{"floor":11.0,"key":"Bronze Scales"},{"floor":13.0,"key":"Toxic Egg 2"},{"floor":14.0,"key":"Odd Mushroom"},{"floor":24,"key":"Bottled Tornado"},{"floor":26,"key":"Smiling Mask"},{"floor":30,"key":"Pear"},{"floor":41,"key":"Turnip"},{"floor":43,"key":"MawBank"},{"floor":46,"key":"Magic Flower"}],"event_choices":[{"damage_healed":0.0,"max_hp_gain":5.0,"max_hp_loss":0.0,"gold_gain":0.0,"event_name":"Big Fish","player_choice":"Donut","floor":2.0,"gold_loss":0.0,"damage_taken":0.0},{"cards_removed":["Strike_R"],"damage_healed":0.0,"max_hp_gain":0.0,"max_hp_loss":0.0,"gold_gain":0.0,"event_name":"Golden Wing","player_choice":"Card Removal","floor":3.0,"gold_loss":0.0,"damage_taken":7.0},{"damage_healed":0.0,"max_hp_gain":0.0,"max_hp_loss":0.0,"gold_gain":0.0,"event_name":"Dead Adventurer","player_choice":"Searched \u00271\u0027 times","floor":13.0,"gold_loss":0.0,"damage_taken":0.0},{"damage_healed":0.0,"max_hp_gain":0.0,"max_hp_loss":0.0,"gold_gain":0.0,"event_name":"Mushrooms","player_choice":"Fought Mushrooms","floor":14.0,"gold_loss":0.0,"damage_taken":0.0},{"damage_healed":0.0,"max_hp_gain":5.0,"max_hp_loss":0.0,"gold_gain":0.0,"event_name":"Forgotten Altar","player_choice":"Shed Blood","floor":21.0,"gold_loss":0.0,"damage_taken":30.0},{"damage_healed":0.0,"max_hp_gain":0.0,"max_hp_loss":46.0,"gold_gain":0.0,"event_name":"Ghosts","player_choice":"Became a Ghost","floor":22.0,"gold_loss":0.0,"damage_taken":0.0,"cards_obtained":["Ghostly","Ghostly","Ghostly"]},{"damage_healed":0,"gold_gain":0,"player_choice":"Joined the Cult","damage_taken":6,"max_hp_gain":0,"max_hp_loss":0,"event_name":"Nest","floor":29,"gold_loss":0,"cards_obtained":["RitualDagger"]},{"damage_healed":0,"gold_gain":0,"player_choice":"Embrace Madness","damage_taken":10,"max_hp_gain":0,"max_hp_loss":0,"event_name":"Winding Halls","floor":36,"gold_loss":0,"cards_obtained":["Madness","Madness"]},{"damage_healed":0,"gold_gain":0,"player_choice":"Upgraded","damage_taken":0,"max_hp_gain":0,"max_hp_loss":0,"event_name":"Upgrade Shrine","floor":37,"gold_loss":0,"cards_upgraded":["Dark Embrace"]},{"damage_healed":0,"gold_gain":0,"player_choice":"Fight","damage_taken":0,"max_hp_gain":0,"max_hp_loss":0,"event_name":"MindBloom","floor":41,"gold_loss":0},{"cards_removed":["Iron Wave"],"damage_healed":0,"gold_gain":0,"player_choice":"Removed Attack","damage_taken":0,"max_hp_gain":0,"max_hp_loss":0,"event_name":"Falling","floor":48,"gold_loss":0}],"is_beta":false,"boss_relics":[{"not_picked":["Runic Cube","Coffee Dripper"],"picked":"Runic Pyramid"},{"not_picked":["Runic Dome","Calling Bell"],"picked":"Pandora\u0027s Box"}],"items_purged_floors":[],"is_endless":false,"potions_floor_spawned":[7,11,13,14,24,33,35,38,46],"ascension_level":19}