{"gold_per_floor":[116,133,186,186,1,1,14,45,71,121,155,167,1,20,20,93,93,107,117,117,42,42,42,61,61,111,136,146,146,146,146,146,220,220,239,239,639,659,659,659],"floor_reached":40,"playtime":3531,"items_purged":["Strike_R"],"score":787,"play_id":"768aa756-993c-4cc6-ad65-4255566c025a","local_time":"20190805042531","is_ascension_mode":true,"campfire_choices":[{"data":"Spot Weakness","floor":6,"key":"SMITH"},{"floor":15,"key":"REST"},{"floor":23,"key":"REST"},{"data":"Immolate","floor":25,"key":"SMITH"},{"data":"Ghostly","floor":30,"key":"SMITH"},{"data":"Ghostly","floor":32,"key":"SMITH"}],"neow_cost":"NONE","seed_source_timestamp":44258749445830,"circlet_count":0,"master_deck":["AscendersBane","Strike_R","Strike_R","Defend_R","Defend_R","Defend_R","Defend_R","Bash","Battle Trance","Wild Strike","Feel No Pain","Iron Wave","Pommel Strike","Immolate+1","Armaments","Cleave","Clothesline","Inflame","Demon Form","Blood for Blood","Twin Strike","Impervious","Flame Barrier","Ghostly Armor","Feed","Uppercut","Ghostly+1","Ghostly+1","Ghostly","Writhe","Limit Break","Inflame+1","Shrug It Off+1","Disarm+1"],"relics":["Burning Blood","NeowsBlessing","Orichalcum","Dream Catcher","Bottled Tornado","Pen Nib","Snecko Eye","Nloth\u0027s Gift","Red Skull","Art of War","Frozen Egg 2","Cursed Key","Old Coin"],"potions_floor_usage":[8,11,16,16,19,28],"damage_taken":[{"damage":0,"enemies":"Cultist","floor":1,"turns":1},{"damage":0,"enemies":"2 Louse","floor":2,"turns":1},{"damage":0,"enemies":"Jaw Worm","floor":7,"turns":1},{"damage":19,"enemies":"Gremlin Nob","floor":8,"turns":4},{"damage":19,"enemies":"3 Sentries","floor":11,"turns":5},{"damage":6,"enemies":"Looter","floor":12,"turns":2},{"damage":20,"enemies":"Lots of Slimes","floor":14,"turns":3},{"damage":49,"enemies":"Slime Boss","floor":16,"turns":8},{"damage":19,"enemies":"Chosen","floor":18,"turns":6},{"damage":15,"enemies":"2 Thieves","floor":19,"turns":2},{"damage":18,"enemies":"Snake Plant","floor":24,"turns":5},{"damage":12,"enemies":"Slavers","floor":27,"turns":4},{"damage":7,"enemies":"Cultist and Chosen","floor":28,"turns":6},{"damage":35,"enemies":"Champ","floor":33,"turns":11},{"damage":11,"enemies":"3 Shapes","floor":35,"turns":4},{"damage":0,"enemies":"Mind Bloom Boss Battle","floor":37,"turns":4},{"damage":11,"enemies":"Orb Walker","floor":38,"turns":4},{"damage":38,"enemies":"Reptomancer","floor":40,"turns":3}],"seed_played":"-3664421512093270835","potions_obtained":[{"floor":1,"key":"Strength Potion"},{"floor":2,"key":"PowerPotion"},{"floor":8,"key":"GamblersBrew"},{"floor":14,"key":"PowerPotion"},{"floor":16,"key":"Dexterity Potion"},{"floor":27,"key":"Weak Potion"},{"floor":33,"key":"Ancient Potion"}],"is_trial":false,"path_per_floor":["M","M","?","?","$","R","M","E","T","?","E","M","$","M","R","B",null,"M","M","?","$","?","R","M","R","T","E","M","?","R","?","R","B",null,"M","?","?","M","?","E"],"character_chosen":"IRONCLAD","items_purchased":["Spot Weakness","Feel No Pain","Iron Wave","Pen Nib"],"campfire_rested":2,"item_purchase_floors":[5,5,5,13],"current_hp_per_floor":[74,75,75,64,64,64,70,57,57,57,44,44,44,30,52,9,59,46,37,37,37,37,59,47,47,47,41,43,39,39,39,39,10,32,30,30,39,37,37,0],"gold":659,"neow_bonus":"THREE_ENEMY_KILL","is_prod":false,"is_daily":false,"chose_seed":false,"campfire_upgraded":4,"win_rate":0,"timestamp":1564943131,"path_taken":["M","M","?","?","$","R","?","E","T","?","E","?","?","M","R","BOSS","M","M","?","$","?","R","M","R","T","E","?","?","R","?","R","BOSS","M","?","?","M","?","E"],"build_version":"2019-07-17","purchased_purges":1,"victory":false,"max_hp_per_floor":[75,75,75,75,75,75,75,75,75,75,75,75,75,75,75,75,75,75,75,75,75,75,75,75,75,75,75,78,39,39,39,39,39,39,42,42,45,48,48,48],"card_choices":[{"not_picked":["Intimidate","Pommel Strike"],"picked":"Battle Trance","floor":1},{"not_picked":["Combust","Body Slam"],"picked":"Wild Strike","floor":2},{"not_picked":["Whirlwind","Rupture"],"picked":"Pommel Strike","floor":7},{"not_picked":["Cleave","Spot Weakness"],"picked":"Immolate","floor":8},{"not_picked":["Perfected Strike","Sword Boomerang"],"picked":"Armaments","floor":11},{"not_picked":["Reckless Charge","Second Wind"],"picked":"Cleave","floor":12},{"not_picked":["Headbutt","Sword Boomerang"],"picked":"Clothesline","floor":14},{"not_picked":["Armaments","Sever Soul"],"picked":"Inflame","floor":15},{"not_picked":["Juggernaut","Double Tap"],"picked":"Demon Form","floor":16},{"not_picked":["Ghostly Armor","Twin Strike"],"picked":"Blood for Blood","floor":18},{"not_picked":["Thunderclap+1","Whirlwind","Iron Wave"],"picked":"SKIP","floor":19},{"not_picked":["Berserk","Headbutt"],"picked":"Flame Barrier","floor":23},{"not_picked":["Hemokinesis","Havoc"],"picked":"Ghostly Armor","floor":24},{"not_picked":["Intimidate","Burning Pact"],"picked":"Feed","floor":27},{"not_picked":["Body Slam","Rupture"],"picked":"Uppercut","floor":28},{"not_picked":["Immolate","Fiend Fire"],"picked":"Limit Break","floor":33},{"not_picked":["Iron Wave","Flame Barrier"],"picked":"Inflame+1","floor":35},{"not_picked":["Double Tap","Pummel+1"],"picked":"Shrug It Off+1","floor":37},{"not_picked":["Twin Strike","Limit Break"],"picked":"Disarm+1","floor":38}],"player_experience":1141039,"relics_obtained":[{"floor":8,"key":"Ornamental Fan"},{"floor":9,"key":"Dream Catcher"},{"floor":11,"key":"Bottled Tornado"},{"floor":26,"key":"Red Skull"},{"floor":27,"key":"Art of War"},{"floor":37,"key":"Old Coin"}],"event_choices":[{"damage_healed":0,"gold_gain":53,"player_choice":"Gained Gold","damage_taken":0,"max_hp_gain":0,"max_hp_loss":0,"event_name":"Golden Wing","floor":3,"gold_loss":0},{"damage_healed":0,"gold_gain":0,"player_choice":"Success","damage_taken":11,"relics_obtained":["Orichalcum"],"max_hp_gain":0,"max_hp_loss":0,"event_name":"Scrap Ooze","floor":4,"gold_loss":0},{"damage_healed":0,"gold_gain":50,"player_choice":"Pray","damage_taken":0,"max_hp_gain":0,"max_hp_loss":0,"event_name":"Golden Shrine","floor":10,"gold_loss":0},{"damage_healed":0,"gold_gain":0,"cards_transformed":["Strike_R","Strike_R"],"player_choice":"Became Test Subject","damage_taken":0,"max_hp_gain":0,"max_hp_loss":0,"event_name":"Drug Dealer","floor":20,"gold_loss":0,"cards_obtained":["Twin Strike","Impervious"]},{"damage_healed":0,"gold_gain":0,"player_choice":"Traded Relic","damage_taken":0,"relics_obtained":["Nloth\u0027s Gift"],"max_hp_gain":0,"max_hp_loss":0,"event_name":"N\u0027loth","floor":22,"relics_lost":["Ornamental Fan"],"gold_loss":0},{"damage_healed":0,"gold_gain":0,"player_choice":"Became a Ghost","damage_taken":0,"max_hp_gain":0,"max_hp_loss":39,"event_name":"Ghosts","floor":29,"gold_loss":0,"cards_obtained":["Ghostly","Ghostly","Ghostly"]},{"damage_healed":0,"gold_gain":0,"player_choice":"Opened","damage_taken":0,"relics_obtained":["Frozen Egg 2"],"max_hp_gain":0,"max_hp_loss":0,"event_name":"The Mausoleum","floor":31,"gold_loss":0,"cards_obtained":["Writhe"]},{"cards_removed":["Spot Weakness"],"damage_healed":0,"gold_gain":0,"player_choice":"Removed Skill","damage_taken":0,"max_hp_gain":0,"max_hp_loss":0,"event_name":"Falling","floor":36,"gold_loss":0},{"damage_healed":0,"gold_gain":0,"player_choice":"Fight","damage_taken":0,"max_hp_gain":0,"max_hp_loss":0,"event_name":"MindBloom","floor":37,"gold_loss":0},{"damage_healed":0,"gold_gain":0,"player_choice":"Ignored","damage_taken":0,"max_hp_gain":0,"max_hp_loss":0,"event_name":"Mysterious Sphere","floor":39,"gold_loss":0}],"is_beta":false,"boss_relics":[{"not_picked":["Tiny House","Black Blood"],"picked":"Snecko Eye"},{"not_picked":["Coffee Dripper","Calling Bell"],"picked":"Cursed Key"}],"items_purged_floors":[21],"is_endless":false,"potions_floor_spawned":[1,2,8,14,16,27,33],"killed_by":"Reptomancer","ascension_level":17}