{"gold_per_floor":[109,74,88,101,113,113,146,146,146,163,181,207,207,218,218,218],"floor_reached":16,"playtime":1170,"items_purged":[],"score":228,"play_id":"d9a220a6-82c6-4209-a1e8-f97a1eef7561","local_time":"20190430233900","is_ascension_mode":true,"campfire_choices":[{"data":"Dash","floor":6,"key":"SMITH"},{"floor":13,"key":"REST"},{"data":"Finisher","floor":15,"key":"SMITH"}],"neow_cost":"PERCENT_DAMAGE","seed_source_timestamp":565551135558326,"circlet_count":0,"master_deck":["AscendersBane","Defend_G","Defend_G","Defend_G","Defend_G","Defend_G","Strike_G","Strike_G","Strike_G","Survivor","Neutralize","Caltrops","Doppelganger","Bouncing Flask","Dash+1","Sucker Punch","Calculated Gamble","Well Laid Plans","Finisher+1","Backflip","Cloak And Dagger","Noxious Fumes"],"relics":["Ring of the Snake","Regal Pillow","Mummified Hand","Incense Burner"],"potions_floor_usage":[12,12],"damage_taken":[{"damage":0,"enemies":"Jaw Worm","floor":1,"turns":7},{"damage":4,"enemies":"Cultist","floor":3,"turns":3},{"damage":0,"enemies":"2 Louse","floor":4,"turns":4},{"damage":0,"enemies":"Red Slaver","floor":5,"turns":5},{"damage":34,"enemies":"Gremlin Nob","floor":7,"turns":5},{"damage":0,"enemies":"Looter","floor":10,"turns":3},{"damage":13,"enemies":"Lots of Slimes","floor":11,"turns":4},{"damage":19,"enemies":"3 Sentries","floor":12,"turns":10},{"damage":0,"enemies":"2 Fungi Beasts","floor":14,"turns":4},{"damage":54,"enemies":"Slime Boss","floor":16,"turns":6}],"seed_played":"-6105046870687350848","potions_obtained":[{"floor":1,"key":"SpeedPotion"},{"floor":5,"key":"Regen Potion"},{"floor":7,"key":"Dexterity Potion"}],"is_trial":false,"path_per_floor":["M","?","M","M","M","R","E","?","T","M","M","E","R","M","R","B"],"character_chosen":"THE_SILENT","items_purchased":[],"campfire_rested":1,"item_purchase_floors":[],"current_hp_per_floor":[44,60,56,56,56,56,22,22,22,22,9,5,39,39,39,0],"gold":218,"neow_bonus":"TRANSFORM_TWO_CARDS","is_prod":false,"is_daily":false,"chose_seed":false,"campfire_upgraded":2,"win_rate":0,"timestamp":1556681940,"path_taken":["M","?","M","M","M","R","E","?","T","M","M","E","R","M","R","BOSS"],"build_version":"2019-01-23","purchased_purges":0,"victory":false,"max_hp_per_floor":[66,66,66,66,66,66,66,66,66,66,66,66,66,66,66,66],"card_choices":[{"not_picked":["Well Laid Plans","Backflip"],"picked":"Bouncing Flask","floor":1},{"not_picked":["Backstab","Underhanded Strike"],"picked":"Dash","floor":3},{"not_picked":["Bane","Heel Hook"],"picked":"Sucker Punch","floor":4},{"not_picked":["Blade Dance","Setup"],"picked":"Calculated Gamble","floor":5},{"not_picked":["Flying Knee","Bane"],"picked":"Well Laid Plans","floor":7},{"not_picked":["All Out Attack","Flying Knee"],"picked":"Finisher","floor":10},{"not_picked":["Escape Plan","Infinite Blades"],"picked":"Backflip","floor":11},{"not_picked":["Deflect","Finisher"],"picked":"Cloak And Dagger","floor":12},{"not_picked":["Cloak And Dagger","Riddle With Holes"],"picked":"Noxious Fumes","floor":14}],"player_experience":1336107,"relics_obtained":[{"floor":7,"key":"Regal Pillow"},{"floor":9,"key":"Mummified Hand"},{"floor":12,"key":"Incense Burner"}],"event_choices":[{"damage_healed":16,"gold_gain":0,"player_choice":"Healed","damage_taken":0,"max_hp_gain":0,"max_hp_loss":0,"event_name":"The Cleric","floor":2,"gold_loss":35},{"damage_healed":0,"gold_gain":0,"player_choice":"Ignored","damage_taken":0,"max_hp_gain":0,"max_hp_loss":0,"event_name":"Liars Game","floor":8,"gold_loss":0}],"is_beta":false,"boss_relics":[],"items_purged_floors":[],"is_endless":false,"potions_floor_spawned":[1,5,7,10],"killed_by":"Slime Boss","ascension_level":20}