{"gold_per_floor":[118,118,68,68,80,106,106,137,183,198,218,236,252,263,263,263],"floor_reached":16,"playtime":717,"items_purged":[],"score":194,"play_id":"d643f408-988f-4ce8-aaae-d9671dcfda5e","local_time":"20181223175450","is_ascension_mode":true,"campfire_choices":[{"floor":7.0,"key":"REST"},{"floor":15.0,"key":"REST"}],"neow_cost":"NONE","seed_source_timestamp":232456862488452,"circlet_count":0,"master_deck":["AscendersBane","Defend_G","Defend_G","Defend_G","Defend_G","Defend_G","Strike_G+1","Strike_G","Strike_G","Strike_G","Survivor","Neutralize","Underhanded Strike","Dagger Spray+1","Dagger Throw","Tools of the Trade","Acrobatics","Finisher","Noxious Fumes+1","Underhanded Strike","Bouncing Flask"],"special_seed":0,"relics":["Ring of the Snake","Oddly Smooth Stone","Frozen Egg 2"],"potions_floor_usage":[],"damage_taken":[{"damage":0.0,"enemies":"2 Louse","floor":1.0,"turns":2.0},{"damage":0.0,"enemies":"Small Slimes","floor":5.0,"turns":2.0},{"damage":38.0,"enemies":"Lagavulin","floor":6.0,"turns":8.0},{"damage":18.0,"enemies":"3 Sentries","floor":8.0,"turns":7.0},{"damage":0.0,"enemies":"Jaw Worm","floor":10.0,"turns":2.0},{"damage":1.0,"enemies":"Lots of Slimes","floor":11.0,"turns":3.0},{"damage":0.0,"enemies":"3 Louse","floor":12.0,"turns":1.0},{"damage":28.0,"enemies":"Gremlin Gang","floor":13.0,"turns":4.0},{"damage":3.0,"enemies":"Blue Slaver","floor":14.0,"turns":3.0},{"damage":30,"enemies":"The Guardian","floor":16,"turns":7}],"seed_played":"6860651257667562998","potions_obtained":[{"floor":1.0,"key":"EssenceOfSteel"},{"floor":8.0,"key":"GamblersBrew"},{"floor":10.0,"key":"Weak Potion"},{"floor":11.0,"key":"Fruit Juice"},{"floor":12.0,"key":"Weak Potion"}],"is_trial":false,"path_per_floor":["M","?","?","?","M","E","R","E","T","M","M","M","M","M","R","B"],"character_chosen":"THE_SILENT","items_purchased":[],"campfire_rested":2,"item_purchase_floors":[],"current_hp_per_floor":[59,46,46,66,66,28,47,29,29,29,33,33,5,2,23,0],"gold":263,"neow_bonus":"THREE_CARDS","is_prod":false,"is_daily":false,"chose_seed":false,"campfire_upgraded":0,"win_rate":0,"timestamp":1545605690,"path_taken":["M","?","?","?","M","E","R","E","T","M","M","M","M","?","R","BOSS"],"build_version":"2018-12-20","purchased_purges":0,"victory":false,"max_hp_per_floor":[66,66,66,66,66,66,66,66,66,66,71,71,71,71,71,71],"card_choices":[{"not_picked":["Deflect","Slice"],"picked":"Underhanded Strike","floor":0.0},{"not_picked":["Sucker Punch","Deflect"],"picked":"Dagger Spray","floor":1.0},{"not_picked":["Slice","Well Laid Plans"],"picked":"Dagger Throw","floor":5.0},{"not_picked":["Catalyst","Noxious Fumes"],"picked":"Tools of the Trade","floor":6.0},{"not_picked":["Slice","All Out Attack"],"picked":"Acrobatics","floor":8.0},{"not_picked":["Quick Slash","Expertise"],"picked":"Finisher","floor":10.0},{"not_picked":["Dodge and Roll","Quick Slash"],"picked":"Noxious Fumes+1","floor":11.0},{"not_picked":["Sucker Punch","Dodge and Roll"],"picked":"Underhanded Strike","floor":12.0},{"not_picked":["Outmaneuver","Dagger Throw"],"picked":"Bouncing Flask","floor":13.0},{"not_picked":["Outmaneuver","Poisoned Stab","Bouncing Flask"],"picked":"SKIP","floor":14.0}],"player_experience":946421,"relics_obtained":[{"floor":6.0,"key":"Oddly Smooth Stone"},{"floor":8.0,"key":"Frozen Egg 2"}],"event_choices":[{"damage_healed":0.0,"max_hp_gain":0.0,"max_hp_loss":0.0,"gold_gain":0.0,"event_name":"Shining Light","player_choice":"Entered Light","floor":2.0,"gold_loss":0.0,"damage_taken":13.0,"cards_upgraded":["Dagger Spray","Strike_G"]},{"cards_removed":["Strike_G"],"damage_healed":0.0,"max_hp_gain":0.0,"max_hp_loss":0.0,"gold_gain":0.0,"event_name":"The Cleric","player_choice":"Card Removal","floor":3.0,"gold_loss":50.0,"damage_taken":0.0},{"damage_healed":22.0,"max_hp_gain":0.0,"max_hp_loss":0.0,"gold_gain":0.0,"event_name":"Big Fish","player_choice":"Banana","floor":4.0,"gold_loss":0.0,"damage_taken":0.0}],"is_beta":false,"boss_relics":[],"items_purged_floors":[],"is_endless":false,"potions_floor_spawned":[1,8,10,11,12],"killed_by":"The Guardian","ascension_level":14}