{"gold_per_floor":[117,187,187,32,48,83,83,98,180,180,198,214,42,42,42,132,132,153,153,133,5,23,23,37,60,60,60,130,150,150,173,173,173],"floor_reached":33,"playtime":1092,"items_purged":["Strike_B"],"score":481,"play_id":"572cce59-6e9c-4d38-b951-5df6652f4ea2","local_time":"20190805005148","is_ascension_mode":true,"campfire_choices":[{"data":"Redo","floor":7,"key":"SMITH"},{"data":"Streamline","floor":10,"key":"SMITH"},{"data":"Biased Cognition","floor":15,"key":"SMITH"},{"floor":23,"key":"REST"},{"floor":27,"key":"REST"},{"floor":32,"key":"REST"}],"neow_cost":"NONE","seed_source_timestamp":33877666868563,"circlet_count":0,"master_deck":["AscendersBane","Strike_B","Strike_B","Strike_B","Defend_B","Defend_B","Defend_B","Defend_B","Zap+1","Dualcast","Streamline+1","Redo+1","Ball Lightning","Conserve Battery","Self Repair","Biased Cognition+1","Sweeping Beam","Panacea+1","Sunder","Injury","Creative AI","Rebound+1","Writhe","Defragment","Turbo","Undo","Cold Snap","Hologram","Seek","Barrage"],"relics":["Cracked Core","Mercury Hourglass","DataDisk","Shuriken","Golden Idol","Runic Pyramid","Incense Burner","Sundial","Tiny Chest"],"potions_floor_usage":[6,18,24,28,33,33],"damage_taken":[{"damage":0,"enemies":"Small Slimes","floor":1,"turns":3},{"damage":7,"enemies":"Jaw Worm","floor":5,"turns":2},{"damage":8,"enemies":"Gremlin Nob","floor":6,"turns":3},{"damage":0,"enemies":"Cultist","floor":8,"turns":2},{"damage":7,"enemies":"2 Fungi Beasts","floor":11,"turns":3},{"damage":7,"enemies":"Exordium Thugs","floor":12,"turns":3},{"damage":35,"enemies":"The Guardian","floor":16,"turns":7},{"damage":17,"enemies":"2 Thieves","floor":18,"turns":2},{"damage":14,"enemies":"Chosen","floor":22,"turns":4},{"damage":23,"enemies":"Sentry and Sphere","floor":24,"turns":4},{"damage":11,"enemies":"Centurion and Healer","floor":25,"turns":6},{"damage":5,"enemies":"Gremlin Leader","floor":28,"turns":7},{"damage":12,"enemies":"3 Cultists","floor":29,"turns":3},{"damage":24,"enemies":"Snake Plant","floor":31,"turns":4},{"damage":51,"enemies":"Champ","floor":33,"turns":9}],"seed_played":"1951102484357474382","potions_obtained":[{"floor":5,"key":"Explosive Potion"},{"floor":11,"key":"PowerPotion"},{"floor":20,"key":"Explosive Potion"},{"floor":25,"key":"Strength Potion"},{"floor":31,"key":"FearPotion"}],"is_trial":false,"path_per_floor":["M","?","T","$","M","E","R","M","T","R","M","M","$","?","R","B",null,"M","?","?","$","M","R","M","M","T","R","E","M","?","M","R","B"],"character_chosen":"DEFECT","items_purchased":["Fire Potion","Redo","Panacea","Sunder","Defragment","Turbo"],"campfire_rested":3,"item_purchase_floors":[4,4,13,13,21,21],"current_hp_per_floor":[64,64,64,64,57,49,49,49,49,49,49,49,49,49,49,21,59,49,49,49,49,35,56,33,29,29,50,52,40,40,16,37,0],"gold":173,"neow_bonus":"UPGRADE_CARD","is_prod":false,"is_daily":false,"chose_seed":false,"campfire_upgraded":3,"win_rate":0,"timestamp":1564930308,"path_taken":["M","?","?","?","M","E","R","?","T","R","M","M","$","?","R","BOSS","M","?","?","$","M","R","M","?","T","R","E","M","?","M","R","BOSS"],"build_version":"2019-07-17","purchased_purges":1,"victory":false,"max_hp_per_floor":[71,71,71,71,71,71,71,71,71,71,71,71,71,71,71,71,71,71,71,71,71,71,71,71,71,71,71,71,71,71,71,71,71],"card_choices":[{"not_picked":["Compile Driver","Capacitor"],"picked":"Streamline","floor":1},{"not_picked":["Hologram","Stack"],"picked":"Ball Lightning","floor":5},{"not_picked":["Beam Cell","Coolheaded"],"picked":"Conserve Battery","floor":6},{"not_picked":["Conserve Battery","Stack"],"picked":"Self Repair","floor":8},{"not_picked":["Go for the Eyes","Stack"],"picked":"Biased Cognition","floor":11},{"not_picked":["Gash","Compile Driver"],"picked":"Sweeping Beam","floor":12},{"not_picked":["Biased Cognition","Multi-Cast"],"picked":"Creative AI","floor":16},{"not_picked":["Tempest","Compile Driver"],"picked":"Rebound+1","floor":18},{"not_picked":["Steam","Go for the Eyes"],"picked":"Undo","floor":22},{"not_picked":["Redo","Thunder Strike"],"picked":"Cold Snap","floor":24},{"not_picked":["Lockon","Conserve Battery","Beam Cell"],"picked":"SKIP","floor":25},{"not_picked":["Cold Snap","Stack"],"picked":"Hologram","floor":28},{"not_picked":["Beam Cell","Scrape"],"picked":"Seek","floor":29},{"not_picked":["Gash","Tempest"],"picked":"Barrage","floor":31}],"player_experience":1131805,"relics_obtained":[{"floor":3,"key":"Mercury Hourglass"},{"floor":6,"key":"DataDisk"},{"floor":9,"key":"Shuriken"},{"floor":26,"key":"Sundial"},{"floor":28,"key":"Tiny Chest"}],"event_choices":[{"damage_healed":0,"gold_gain":70,"player_choice":"Gained Gold","damage_taken":0,"max_hp_gain":0,"max_hp_loss":0,"event_name":"Golden Wing","floor":2,"gold_loss":0},{"damage_healed":0,"gold_gain":0,"player_choice":"Take Wound","damage_taken":0,"relics_obtained":["Golden Idol"],"max_hp_gain":0,"max_hp_loss":0,"event_name":"Golden Idol","floor":14,"gold_loss":0,"cards_obtained":["Injury"]},{"damage_healed":0,"gold_gain":0,"player_choice":"Opened","damage_taken":0,"relics_obtained":["Incense Burner"],"max_hp_gain":0,"max_hp_loss":0,"event_name":"The Mausoleum","floor":19,"gold_loss":0,"cards_obtained":["Writhe"]},{"damage_healed":0,"gold_gain":0,"player_choice":"Bought 1 Potion","damage_taken":0,"max_hp_gain":0,"max_hp_loss":0,"event_name":"The Woman in Blue","floor":20,"gold_loss":0},{"damage_healed":0,"gold_gain":0,"player_choice":"Forge","damage_taken":0,"max_hp_gain":0,"max_hp_loss":0,"event_name":"Accursed Blacksmith","floor":30,"gold_loss":0,"cards_upgraded":["Panacea"]}],"is_beta":false,"boss_relics":[{"not_picked":["Sozu","Black Star"],"picked":"Runic Pyramid"}],"items_purged_floors":[4],"is_endless":false,"potions_floor_spawned":[5,11,22,25,31],"killed_by":"Champ","ascension_level":16}