{"gold_per_floor":[111,111,126,126,145,145,171,183,195,220,243,255,278,307,319,433,445,475,257,272,306,306,333,358,358,358,358,373,387,405,423,423,519,519,537,388,404,418,436,436,453,675,747,747,847,847,857,875,875,875],"floor_reached":50,"playtime":3634,"items_purged":["Strike_B"],"score":495,"play_id":"be307521-6192-41c9-aaa1-ea9604002171","local_time":"20190709215825","is_ascension_mode":false,"campfire_choices":[{"floor":6,"key":"REST"},{"floor":8,"key":"REST"},{"floor":12,"key":"REST"},{"floor":15,"key":"REST"},{"floor":25,"key":"REST"},{"floor":27,"key":"REST"},{"floor":32,"key":"REST"},{"floor":40,"key":"REST"},{"floor":44,"key":"REST"},{"data":"Defragment","floor":49,"key":"SMITH"}],"neow_cost":"PERCENT_DAMAGE","seed_source_timestamp":34082664239518,"circlet_count":0,"master_deck":["Strike_B","Strike_B+1","Strike_B","Defend_B","Defend_B","Defend_B","Defend_B","Zap","Dualcast","Seek","Redo+1","Defragment+1","Ball Lightning+1","Gash+1","Loop","Fusion","Lockon+1","Conserve Battery","Electrodynamics","Steam","Defragment","Beam Cell+1","Steam","Ball Lightning+1","Redo","Streamline+1","Multi-Cast","Steam+1","Capacitor","Redo+1","Regret"],"relics":["Cracked Core","Molten Egg 2","MawBank","Ornamental Fan","Busted Crown","Happy Flower","Red Mask","Enchiridion","Bottled Lightning","Blood Vial","FossilizedHelix","Cursed Key","Pantograph","Incense Burner","Frozen Egg 2"],"potions_floor_usage":[23,31,33,33,50,50],"damage_taken":[{"damage":0,"enemies":"Cultist","floor":1,"turns":3},{"damage":6,"enemies":"Jaw Worm","floor":3,"turns":3},{"damage":9,"enemies":"2 Louse","floor":5,"turns":2},{"damage":21,"enemies":"3 Sentries","floor":7,"turns":5},{"damage":8,"enemies":"Blue Slaver","floor":10,"turns":2},{"damage":10,"enemies":"Looter","floor":11,"turns":3},{"damage":12,"enemies":"Red Slaver","floor":13,"turns":5},{"damage":13,"enemies":"Exordium Thugs","floor":14,"turns":4},{"damage":30,"enemies":"Slime Boss","floor":16,"turns":6},{"damage":3,"enemies":"Chosen","floor":18,"turns":3},{"damage":9,"enemies":"Shell Parasite","floor":20,"turns":4},{"damage":12,"enemies":"Masked Bandits","floor":21,"turns":3},{"damage":27,"enemies":"Book of Stabbing","floor":23,"turns":5},{"damage":0,"enemies":"Chosen and Byrds","floor":28,"turns":3},{"damage":0,"enemies":"Sentry and Sphere","floor":29,"turns":2},{"damage":5,"enemies":"Centurion and Healer","floor":30,"turns":3},{"damage":0,"enemies":"Snecko","floor":31,"turns":2},{"damage":70,"enemies":"Automaton","floor":33,"turns":8},{"damage":5,"enemies":"3 Shapes","floor":35,"turns":3},{"damage":22,"enemies":"3 Darklings","floor":37,"turns":4},{"damage":20,"enemies":"Maw","floor":38,"turns":6},{"damage":27,"enemies":"Spire Growth","floor":39,"turns":4},{"damage":0,"enemies":"3 Darklings","floor":41,"turns":2},{"damage":17,"enemies":"Mind Bloom Boss Battle","floor":45,"turns":6},{"damage":0,"enemies":"4 Shapes","floor":47,"turns":3},{"damage":3,"enemies":"Writhing Mass","floor":48,"turns":4},{"damage":76,"enemies":"Awakened One","floor":50,"turns":6}],"seed_played":"-6455336180197687959","potions_obtained":[{"floor":3,"key":"FocusPotion"},{"floor":10,"key":"Block Potion"},{"floor":13,"key":"FearPotion"},{"floor":21,"key":"LiquidBronze"},{"floor":23,"key":"SteroidPotion"},{"floor":30,"key":"PowerPotion"},{"floor":37,"key":"Weak Potion"},{"floor":39,"key":"SteroidPotion"},{"floor":41,"key":"Dexterity Potion"},{"floor":45,"key":"SpeedPotion"},{"floor":48,"key":"GamblersBrew"}],"is_trial":false,"path_per_floor":["M","?","M","?","M","R","E","R","T","M","M","R","M","M","R","B",null,"M","$","M","?","?","E","T","R","T","R","M","M","M","M","R","B",null,"M","$","M","M","M","R","M","?","T","R","?","?","M","M","R","B"],"character_chosen":"DEFECT","items_purchased":["Defragment","Happy Flower","Beam Cell+1","Capacitor"],"campfire_rested":9,"item_purchase_floors":[19,19,19,36],"current_hp_per_floor":[54,39,33,33,24,46,25,47,47,39,29,51,39,26,48,18,75,72,72,63,51,35,8,8,30,30,52,54,56,53,55,75,5,75,70,70,50,32,7,29,31,31,31,53,58,58,60,59,59,0],"gold":875,"neow_bonus":"THREE_RARE_CARDS","is_prod":false,"is_daily":false,"chose_seed":false,"campfire_upgraded":1,"win_rate":0.0,"timestamp":1562705905,"path_taken":["M","?","M","?","M","R","E","R","T","?","M","R","M","M","R","BOSS","M","$","M","?","?","E","?","R","T","R","M","M","?","M","R","BOSS","M","$","M","M","M","R","M","?","T","R","?","?","?","M","R","BOSS"],"build_version":"2019-07-05","purchased_purges":1,"victory":false,"max_hp_per_floor":[75,75,75,75,75,75,75,75,75,75,75,75,75,75,75,75,75,75,75,75,75,75,75,75,75,75,75,75,75,75,75,75,75,75,75,75,75,75,75,75,75,75,75,75,75,75,75,75,75,75],"card_choices":[{"not_picked":["Fission","Reboot"],"picked":"Seek","floor":0},{"not_picked":["Sweeping Beam","Compile Driver"],"picked":"Redo","floor":1},{"not_picked":["FTL","Leap"],"picked":"Defragment","floor":3},{"not_picked":["Hologram","Compile Driver+1"],"picked":"Ball Lightning+1","floor":5},{"not_picked":["Streamline+1","Double Energy"],"picked":"Gash+1","floor":7},{"not_picked":["Conserve Battery","Force Field"],"picked":"Loop","floor":10},{"not_picked":["Cold Snap+1","Rainbow"],"picked":"Fusion","floor":11},{"not_picked":["Steam","Hologram"],"picked":"Lockon+1","floor":13},{"not_picked":["Defragment","Barrage+1"],"picked":"Conserve Battery","floor":14},{"not_picked":["All For One+1","Rainbow"],"picked":"Electrodynamics","floor":16},{"not_picked":[],"picked":"Steam","floor":18},{"not_picked":[],"picked":"Steam","floor":20},{"not_picked":[],"picked":"Ball Lightning+1","floor":21},{"not_picked":["Darkness"],"picked":"SKIP","floor":23},{"not_picked":[],"picked":"Redo","floor":28},{"not_picked":[],"picked":"Streamline+1","floor":29},{"not_picked":["Cold Snap+1"],"picked":"SKIP","floor":30},{"not_picked":[],"picked":"Multi-Cast","floor":31},{"not_picked":[],"picked":"Steam+1","floor":35},{"not_picked":[],"picked":"Redo+1","floor":37},{"not_picked":["Genetic Algorithm"],"picked":"SKIP","floor":38},{"not_picked":["Chill+1"],"picked":"SKIP","floor":39},{"not_picked":["Compile Driver+1"],"picked":"SKIP","floor":41},{"not_picked":["FTL+1"],"picked":"SKIP","floor":47},{"not_picked":["Darkness"],"picked":"SKIP","floor":48}],"player_experience":23316,"relics_obtained":[{"floor":7,"key":"MawBank"},{"floor":9,"key":"Ornamental Fan"},{"floor":21,"key":"Red Mask"},{"floor":22,"key":"Enchiridion"},{"floor":23,"key":"Bottled Lightning"},{"floor":24,"key":"Blood Vial"},{"floor":26,"key":"FossilizedHelix"},{"floor":43,"key":"Pantograph"},{"floor":45,"key":"Incense Burner"},{"floor":46,"key":"Frozen Egg 2"}],"event_choices":[{"damage_healed":0,"gold_gain":0,"player_choice":"Entered Light","damage_taken":15,"max_hp_gain":0,"max_hp_loss":0,"event_name":"Shining Light","floor":2,"gold_loss":0,"cards_upgraded":["Redo","Strike_B"]},{"damage_healed":0,"gold_gain":0,"player_choice":"Gave Potion","damage_taken":0,"relics_obtained":["Molten Egg 2"],"max_hp_gain":0,"max_hp_loss":0,"event_name":"WeMeetAgain","floor":4,"gold_loss":0},{"damage_healed":0,"gold_gain":0,"player_choice":"Fought Bandits","damage_taken":0,"max_hp_gain":0,"max_hp_loss":0,"event_name":"Masked Bandits","floor":21,"gold_loss":0},{"damage_healed":0,"gold_gain":0,"player_choice":"Obtained Book","damage_taken":16,"max_hp_gain":0,"max_hp_loss":0,"event_name":"Cursed Tome","floor":22,"gold_loss":0},{"damage_healed":0,"gold_gain":222,"player_choice":"Wore Mask","damage_taken":0,"max_hp_gain":0,"max_hp_loss":0,"event_name":"Tomb of Lord Red Mask","floor":42,"gold_loss":0},{"damage_healed":0,"gold_gain":0,"player_choice":"Fight","damage_taken":0,"max_hp_gain":0,"max_hp_loss":0,"event_name":"MindBloom","floor":45,"gold_loss":0},{"damage_healed":0,"gold_gain":0,"player_choice":"Relic","damage_taken":0,"max_hp_gain":0,"max_hp_loss":0,"event_name":"Wheel of Change","floor":46,"gold_loss":0}],"is_beta":false,"boss_relics":[{"not_picked":["White Beast Statue","Astrolabe"],"picked":"Busted Crown"},{"not_picked":["Calling Bell","Orrery"],"picked":"Cursed Key"}],"items_purged_floors":[36],"is_endless":false,"potions_floor_spawned":[3,10,13,21,23,30,37,39,41,45,48],"killed_by":"Awakened One","ascension_level":0}