{"gold_per_floor":[114,126,126,175,125,154,164,178,246,92,120,120,20,40,40,141,141,160,172,97,110,134,134],"floor_reached":23,"playtime":1846,"items_purged":["Strike_R","Strike_R"],"score":331,"play_id":"efe141fd-51bd-440b-9edc-d3c3f1bf8b09","local_time":"20180718100931","is_ascension_mode":true,"campfire_choices":[{"data":"Heavy Blade","floor":12,"key":"SMITH"},{"data":"Spot Weakness","floor":15,"key":"SMITH"}],"neow_cost":"NONE","seed_source_timestamp":571151006551218,"circlet_count":0,"master_deck":["Defend_R","Bash","Flex","Spot Weakness+1","Heavy Blade+1","Infernal Blade","True Grit","Whirlwind","Sword Boomerang","Twin Strike","Entrench+1","Sentinel+1","Second Wind+1","Havoc","Shrug It Off"],"relics":["Burning Blood","NeowsBlessing","Dream Catcher","Bronze Scales","Dodecahedron","Shuriken","Astrolabe","Vajra"],"potions_floor_usage":[19],"damage_taken":[{"damage":0,"enemies":"Small Slimes","floor":1,"turns":1},{"damage":0,"enemies":"Cultist","floor":2,"turns":1},{"damage":0,"enemies":"Lagavulin","floor":6,"turns":2},{"damage":13,"enemies":"Jaw Worm","floor":7,"turns":4},{"damage":13,"enemies":"Blue Slaver","floor":8,"turns":2},{"damage":11,"enemies":"3 Sentries","floor":11,"turns":5},{"damage":7,"enemies":"Large Slime","floor":14,"turns":6},{"damage":0,"enemies":"Slime Boss","floor":16,"turns":6},{"damage":11,"enemies":"3 Byrds","floor":18,"turns":3},{"damage":18,"enemies":"Spheric Guardian","floor":19,"turns":4},{"damage":17,"enemies":"Snecko","floor":21,"turns":4},{"damage":58,"enemies":"Slavers","floor":23,"turns":5}],"seed_played":"5215006198672872749","potions_obtained":[{"floor":1,"key":"Fire Potion"},{"floor":2,"key":"Ancient Potion"},{"floor":11,"key":"Poison Potion"},{"floor":14,"key":"Strength Potion"},{"floor":18,"key":"Weak Potion"}],"is_trial":false,"path_per_floor":["M","M","?","T","?","E","M","M","T","$","E","R","$","M","R","B",null,"M","M","?","M","T"],"character_chosen":"IRONCLAD","items_purchased":["Whirlwind"],"campfire_rested":0,"item_purchase_floors":[10],"current_hp_per_floor":[80,80,80,80,80,80,73,66,66,66,61,61,61,60,60,66,80,75,63,63,52,52,0],"gold":134,"neow_bonus":"THREE_ENEMY_KILL","is_prod":false,"is_daily":false,"chose_seed":false,"campfire_upgraded":2,"win_rate":0,"timestamp":1531922971,"path_taken":["M","M","?","?","?","E","?","M","T","$","E","R","$","M","R","BOSS","M","M","?","M","?","E"],"build_version":"2018-07-12","purchased_purges":2,"victory":false,"max_hp_per_floor":[80,80,80,80,80,80,80,80,80,80,80,80,80,80,80,80,80,80,80,80,80,80,80],"card_choices":[{"not_picked":["Feel No Pain","Twin Strike"],"picked":"Flex","floor":1},{"not_picked":["Rampage","Armaments"],"picked":"Spot Weakness","floor":2},{"not_picked":["Cleave","Flex"],"picked":"Heavy Blade","floor":6},{"not_picked":["Sentinel","Entrench"],"picked":"Infernal Blade","floor":7},{"not_picked":["Combust","Entrench"],"picked":"True Grit","floor":8},{"not_picked":["Spot Weakness","Searing Blow"],"picked":"Sword Boomerang","floor":11},{"not_picked":["Iron Wave","Anger"],"picked":"Twin Strike","floor":14},{"not_picked":["Heavy Blade","Pommel Strike"],"picked":"Havoc","floor":18},{"not_picked":["Heavy Blade+1","Seeing Red+1","Rampage"],"picked":"SKIP","floor":19},{"not_picked":["Hemokinesis","Carnage"],"picked":"Shrug It Off","floor":21}],"player_experience":290656,"relics_obtained":[{"floor":4,"key":"Dream Catcher"},{"floor":6,"key":"Bronze Scales"},{"floor":9,"key":"Dodecahedron"},{"floor":11,"key":"Shuriken"},{"floor":22,"key":"Vajra"}],"event_choices":[{"event_name":"Purifier","player_choice":"One Purge","floor":3,"damage_taken":0},{"event_name":"The Cleric","player_choice":"Card Removal","floor":5,"damage_taken":0},{"event_name":"Beggar","player_choice":"Gave Gold","floor":20,"damage_taken":0}],"boss_relics":[{"not_picked":["Runic Dome","Pandora\u0027s Box"],"picked":"Astrolabe"}],"items_purged_floors":[10,13],"is_endless":false,"potions_floor_spawned":[1,2,11,14,18],"killed_by":"Slavers","ascension_level":4}