{"gold_per_floor":[18,18,18,38,61,61,105,105,182,147,147,161,161,205,205,205],"floor_reached":16,"playtime":641,"items_purged":[],"score":205,"play_id":"c315718f-15b3-4260-8b8f-1c30712075a1","local_time":"20190827104005","is_ascension_mode":true,"campfire_choices":[{"data":"Neutralize","floor":6,"key":"SMITH"},{"floor":8,"key":"REST"},{"data":"Cloak And Dagger","floor":13,"key":"SMITH"},{"data":"Injury","floor":15,"key":"PURGE"}],"neow_cost":"NO_GOLD","seed_source_timestamp":5903245239987,"circlet_count":0,"master_deck":["AscendersBane","Strike_G","Strike_G","Strike_G","Strike_G","Strike_G","Defend_G","Defend_G","Defend_G","Defend_G","Defend_G","Survivor","Neutralize+1","Quick Slash","Cloak And Dagger+1","Well Laid Plans","Footwork","Cloak And Dagger+1","Leg Sweep"],"relics":["Ring of the Snake","Golden Idol","Vajra","The Courier","Peace Pipe"],"potions_floor_usage":[7,16,16],"damage_taken":[{"damage":7,"enemies":"Small Slimes","floor":1,"turns":4},{"damage":4,"enemies":"Jaw Worm","floor":4,"turns":5},{"damage":7,"enemies":"2 Louse","floor":5,"turns":3},{"damage":27,"enemies":"Gremlin Nob","floor":7,"turns":6},{"damage":3,"enemies":"Blue Slaver","floor":12,"turns":5},{"damage":15,"enemies":"3 Sentries","floor":14,"turns":9},{"damage":52,"enemies":"Hexaghost","floor":16,"turns":18}],"seed_played":"1792911300159399921","potions_obtained":[{"floor":4,"key":"GhostInAJar"},{"floor":12,"key":"FearPotion"},{"floor":14,"key":"Energy Potion"}],"is_trial":false,"path_per_floor":["M","?","$","M","M","R","E","R","T","?","?","M","R","E","R","B"],"character_chosen":"THE_SILENT","items_purchased":[],"campfire_rested":1,"item_purchase_floors":[],"current_hp_per_floor":[64,64,64,60,53,53,26,49,49,68,68,65,65,50,50,0],"gold":205,"neow_bonus":"TWENTY_PERCENT_HP_BONUS","is_prod":false,"is_daily":false,"chose_seed":false,"campfire_upgraded":2,"win_rate":0,"timestamp":1566866405,"path_taken":["M","?","$","M","M","R","E","R","T","?","?","M","R","E","R","BOSS"],"build_version":"2019-07-17","purchased_purges":0,"victory":false,"max_hp_per_floor":[78,78,78,78,78,78,78,78,78,78,78,78,78,78,78,78],"card_choices":[{"not_picked":["Acrobatics","Cloak And Dagger"],"picked":"Quick Slash","floor":1},{"not_picked":["Escape Plan","Catalyst"],"picked":"Cloak And Dagger","floor":4},{"not_picked":["Cloak And Dagger","Bane"],"picked":"Well Laid Plans","floor":5},{"not_picked":["Slice","Deadly Poison"],"picked":"Footwork","floor":7},{"not_picked":["Bouncing Flask","Outmaneuver"],"picked":"Cloak And Dagger","floor":12},{"not_picked":["Die Die Die","Eviscerate"],"picked":"Leg Sweep","floor":14}],"player_experience":1227384,"relics_obtained":[{"floor":7,"key":"Vajra"},{"floor":9,"key":"The Courier"},{"floor":14,"key":"Peace Pipe"}],"event_choices":[{"damage_healed":0,"gold_gain":0,"player_choice":"Take Wound","damage_taken":0,"relics_obtained":["Golden Idol"],"max_hp_gain":0,"max_hp_loss":0,"event_name":"Golden Idol","floor":2,"gold_loss":0,"cards_obtained":["Injury"]},{"damage_healed":19,"gold_gain":0,"player_choice":"Healed","damage_taken":0,"max_hp_gain":0,"max_hp_loss":0,"event_name":"The Cleric","floor":10,"gold_loss":35},{"damage_healed":0,"gold_gain":0,"player_choice":"Grow","damage_taken":0,"max_hp_gain":0,"max_hp_loss":0,"event_name":"Living Wall","floor":11,"gold_loss":0,"cards_upgraded":["Cloak And Dagger"]}],"is_beta":false,"boss_relics":[],"items_purged_floors":[],"is_endless":false,"potions_floor_spawned":[4,12,14],"killed_by":"Hexaghost","ascension_level":18}