{"gold_per_floor":[116,116,135,135,147,147,179,194,194,194,221,17,27,56,68,185,197,219,248,270,299,410,422,461,499,511,523,450,462,492,519,531,642,654,679,24,24,37,55,83,115,131,157,202,217,117,135,170,170,170,170,170,122,154,154],"floor_reached":55,"playtime":3709,"items_purged":["Reflex+1","Parasite"],"score":1383,"play_id":"85ec7c99-684d-4104-8e3b-07462de9282f","local_time":"20181212115847","is_ascension_mode":true,"campfire_choices":[{"data":"Dagger Throw","floor":6,"key":"SMITH"},{"data":"Survivor","floor":10,"key":"SMITH"},{"floor":15,"key":"RECALL"},{"data":"Backstab","floor":23,"key":"SMITH"},{"floor":27,"key":"REST"},{"data":"A Thousand Cuts","floor":29,"key":"SMITH"},{"floor":32,"key":"REST"},{"floor":49,"key":"REST"},{"floor":52,"key":"REST"}],"neow_cost":"NONE","seed_source_timestamp":726176225633067,"circlet_count":0,"master_deck":["AscendersBane","Defend_G","Defend_G","Defend_G","Defend_G","Defend_G","Strike_G","Strike_G","Strike_G","Strike_G","Strike_G","Survivor+1","Neutralize+1","Skewer+1","Dagger Throw+1","Backstab+1","Deflect","Concentrate","Deflect+1","Infinite Blades+1","A Thousand Cuts+1","Prepared+1","Masterful Stab","Concentrate","Unload","Backstab","Backstab+1","Deflect","Masterful Stab"],"relics":["Ring of the Snake","Ornamental Fan","WingedGreaves","Unceasing Top","Lee\u0027s Waffle","MawBank","HoveringKite","Darkstone Periapt","Ice Cream","Bag of Preparation","Fusion Hammer","Pantograph","Chemical X","Bag of Marbles","Happy Flower","Vajra","Anchor","Du-Vu Doll","Art of War","FossilizedHelix"],"potions_floor_usage":[3,7,13,16,24,25,33,33,44,50,55],"damage_taken":[{"damage":2,"enemies":"Jaw Worm","floor":1,"turns":6},{"damage":0,"enemies":"2 Louse","floor":3,"turns":1},{"damage":0,"enemies":"Cultist","floor":5,"turns":3},{"damage":10,"enemies":"Gremlin Nob","floor":7,"turns":5},{"damage":19,"enemies":"Lots of Slimes","floor":8,"turns":6},{"damage":21,"enemies":"3 Sentries","floor":11,"turns":11},{"damage":17,"enemies":"Exordium Thugs","floor":13,"turns":6},{"damage":16,"enemies":"Lagavulin","floor":14,"turns":6},{"damage":15,"enemies":"The Guardian","floor":16,"turns":14},{"damage":0,"enemies":"Spheric Guardian","floor":18,"turns":3},{"damage":1,"enemies":"Shell Parasite","floor":19,"turns":5},{"damage":5,"enemies":"3 Cultists","floor":20,"turns":6},{"damage":0,"enemies":"Centurion and Healer","floor":21,"turns":5},{"damage":29,"enemies":"Book of Stabbing","floor":24,"turns":6},{"damage":18,"enemies":"Slavers","floor":25,"turns":6},{"damage":0,"enemies":"Sentry and Sphere","floor":30,"turns":3},{"damage":6,"enemies":"3 Cultists","floor":31,"turns":4},{"damage":13,"enemies":"Champ","floor":33,"turns":8},{"damage":0,"enemies":"3 Darklings","floor":35,"turns":3},{"damage":6,"enemies":"3 Shapes","floor":38,"turns":3},{"damage":0,"enemies":"Transient","floor":39,"turns":5},{"damage":26,"enemies":"Giant Head","floor":40,"turns":6},{"damage":0,"enemies":"Reptomancer","floor":41,"turns":3},{"damage":1,"enemies":"Sphere and 2 Shapes","floor":42,"turns":2},{"damage":0,"enemies":"2 Orb Walkers","floor":44,"turns":2},{"damage":0,"enemies":"Writhing Mass","floor":45,"turns":2},{"damage":0,"enemies":"Transient","floor":47,"turns":5},{"damage":0,"enemies":"Nemesis","floor":48,"turns":1},{"damage":44,"enemies":"Awakened One","floor":50,"turns":8},{"damage":17,"enemies":"Shield and Spear","floor":54,"turns":4},{"damage":117,"enemies":"The Heart","floor":55,"turns":5}],"seed_played":"2061088279916428912","potions_obtained":[{"floor":1,"key":"Explosive Potion"},{"floor":3,"key":"Block Potion"},{"floor":7,"key":"Dexterity Potion"},{"floor":11,"key":"Swift Potion"},{"floor":16,"key":"LiquidBronze"},{"floor":20,"key":"Poison Potion"},{"floor":24,"key":"FearPotion"},{"floor":30,"key":"FearPotion"},{"floor":31,"key":"Regen Potion"},{"floor":35,"key":"PowerPotion"},{"floor":40,"key":"SkillPotion"},{"floor":42,"key":"SteroidPotion"},{"floor":44,"key":"EssenceOfSteel"},{"floor":48,"key":"PowerPotion"}],"is_trial":false,"path_per_floor":["M","?","M","?","M","R","E","M","T","R","E","$","M","E","R","B",null,"M","M","M","M","?","R","E","E","T","R","?","R","M","M","R","B",null,"M","$","?","M","M","E","E","M","T","?","M","$","M","E","R","B",null,"R","$","E","B"],"character_chosen":"THE_SILENT","items_purchased":["Lee\u0027s Waffle","Pantograph","Chemical X","Bag of Marbles","SpeedPotion"],"campfire_rested":4,"item_purchase_floors":[12,36,36,36,53],"current_hp_per_floor":[61,61,61,61,61,61,51,32,32,32,11,77,60,44,44,29,65,65,64,59,59,59,59,30,12,12,35,35,35,35,29,52,54,71,71,71,71,65,65,39,39,38,38,38,44,44,44,44,66,32,65,76,76,59,0],"gold":154,"neow_bonus":"UPGRADE_CARD","is_prod":false,"is_daily":false,"chose_seed":false,"campfire_upgraded":4,"win_rate":0,"timestamp":1544633927,"path_taken":["M","?","M","?","?","R","E","?","T","R","E","?","M","E","R","BOSS","M","M","M","M","?","R","E","E","T","R","?","R","M","M","R","BOSS","M","$","?","M","M","E","E","M","T","?","M","$","M","E","R","BOSS","R","$","E","BOSS"],"build_version":"2018-12-06","purchased_purges":2,"victory":false,"max_hp_per_floor":[70,70,70,70,70,70,70,70,70,70,70,77,77,77,77,77,77,77,77,77,77,77,77,77,77,77,77,77,77,77,77,77,77,77,77,77,73,73,73,73,73,73,73,73,79,76,76,76,76,76,76,76,76,76,76],"card_choices":[{"not_picked":["Outmaneuver","Setup"],"picked":"Reflex","floor":1},{"not_picked":["Prepared","Flying Knee"],"picked":"Skewer","floor":3},{"not_picked":["Dagger Spray","Concentrate"],"picked":"Dagger Throw","floor":5},{"not_picked":["Caltrops","Quick Slash","Noxious Fumes"],"picked":"SKIP","floor":7},{"not_picked":["Flying Knee","Leg Sweep","Dagger Throw"],"picked":"SKIP","floor":8},{"not_picked":["Masterful Stab","Cloak And Dagger","After Image"],"picked":"SKIP","floor":11},{"not_picked":["Flying Knee","Sucker Punch"],"picked":"Backstab","floor":13},{"not_picked":["Noxious Fumes","Expertise"],"picked":"Deflect","floor":14},{"not_picked":["Distraction","Deadly Poison"],"picked":"Concentrate","floor":18},{"not_picked":["Reflex","Blade Dance"],"picked":"Deflect+1","floor":19},{"not_picked":["Outmaneuver+1","Dagger Throw","Dodge and Roll"],"picked":"SKIP","floor":20},{"not_picked":["Quick Slash","Escape Plan"],"picked":"Infinite Blades+1","floor":21},{"not_picked":["Grand Finale","Bane"],"picked":"A Thousand Cuts","floor":24},{"not_picked":["Endless Agony","Blade Dance"],"picked":"Prepared+1","floor":25},{"not_picked":["Prepared","Slice+1"],"picked":"Masterful Stab","floor":30},{"not_picked":["Dagger Spray","Riddle With Holes"],"picked":"Concentrate","floor":31},{"not_picked":["A Thousand Cuts","Corpse Explosion"],"picked":"Unload","floor":33},{"not_picked":["Deflect","Sucker Punch"],"picked":"Backstab","floor":35},{"not_picked":["Outmaneuver+1","Deadly Poison","Acrobatics"],"picked":"SKIP","floor":38},{"not_picked":["Blade Dance","Flying Knee"],"picked":"Backstab+1","floor":39},{"not_picked":["Dagger Throw","Acrobatics"],"picked":"Deflect","floor":40},{"not_picked":["Footwork+1","Burst","Flying Knee"],"picked":"SKIP","floor":41},{"not_picked":["Skewer","Backstab","Dash"],"picked":"SKIP","floor":42},{"not_picked":["Underhanded Strike","Deadly Poison"],"picked":"Masterful Stab","floor":45},{"not_picked":["Acrobatics","Cloak And Dagger","Quick Slash"],"picked":"SKIP","floor":47},{"not_picked":["Outmaneuver","After Image","Night Terror"],"picked":"SKIP","floor":48},{"not_picked":["Outmaneuver","After Image","Night Terror"],"picked":"SKIP","floor":48},{"not_picked":["Leg Sweep","Dagger Spray+1","Flying Knee+1"],"picked":"SKIP","floor":54}],"player_experience":858936,"relics_obtained":[{"floor":7,"key":"Ornamental Fan"},{"floor":9,"key":"WingedGreaves"},{"floor":11,"key":"Unceasing Top"},{"floor":14,"key":"MawBank"},{"floor":24,"key":"Darkstone Periapt"},{"floor":25,"key":"Ice Cream"},{"floor":40,"key":"Happy Flower"},{"floor":41,"key":"Vajra"},{"floor":43,"key":"Anchor"},{"floor":44,"key":"Du-Vu Doll"},{"floor":48,"key":"Art of War"},{"floor":54,"key":"FossilizedHelix"}],"event_choices":[{"damage_healed":0,"gold_gain":0,"player_choice":"Grow","damage_taken":0,"max_hp_gain":0,"max_hp_loss":0,"event_name":"Living Wall","floor":2,"gold_loss":0,"cards_upgraded":["Reflex"]},{"damage_healed":0,"gold_gain":0,"player_choice":"Forge","damage_taken":0,"max_hp_gain":0,"max_hp_loss":0,"event_name":"Accursed Blacksmith","floor":4,"gold_loss":0,"cards_upgraded":["Skewer"]},{"damage_healed":0,"gold_gain":99,"player_choice":"Stole From Cult","damage_taken":0,"max_hp_gain":0,"max_hp_loss":0,"event_name":"Nest","floor":22,"gold_loss":0},{"damage_healed":0,"gold_gain":0,"player_choice":"Obtained Relic","damage_taken":0,"relics_obtained":["Bag of Preparation"],"max_hp_gain":0,"max_hp_loss":0,"event_name":"Addict","floor":28,"gold_loss":85},{"damage_healed":0,"gold_gain":0,"player_choice":"Max HP","damage_taken":0,"max_hp_gain":0,"max_hp_loss":4,"event_name":"Winding Halls","floor":37,"gold_loss":0},{"damage_healed":0,"gold_gain":0,"player_choice":"Fight","damage_taken":0,"max_hp_gain":0,"max_hp_loss":0,"event_name":"Mysterious Sphere","floor":44,"gold_loss":0}],"is_beta":false,"boss_relics":[{"not_picked":["Eternal Feather","Orrery"],"picked":"HoveringKite"},{"not_picked":["Pandora\u0027s Box","Sozu"],"picked":"Fusion Hammer"}],"items_purged_floors":[36,46],"is_endless":false,"potions_floor_spawned":[1,3,7,11,16,20,24,30,31,35,40,42,44,48,54],"killed_by":"The Heart","ascension_level":12}