{"gold_per_floor":[115,125,142,153,165,191,191,208,235,66,66,84,84,97,97,174,174,174,174,94,94,94,94,94],"floor_reached":24,"playtime":1746,"items_purged":[],"score":374,"play_id":"c4a8d0bb-1dd8-4d5a-800f-e46fd354b725","local_time":"20181226140021","is_ascension_mode":true,"campfire_choices":[{"floor":7,"key":"REST"},{"floor":11,"key":"REST"},{"data":"Poisoned Stab","floor":13,"key":"SMITH"},{"floor":15,"key":"REST"},{"floor":23,"key":"REST"}],"neow_cost":"NONE","seed_source_timestamp":44638756932915,"circlet_count":0,"master_deck":["AscendersBane","Defend_G","Defend_G","Defend_G","Defend_G","Defend_G","Strike_G","Strike_G","Strike_G","Survivor","Neutralize","Calculated Gamble","Dodge and Roll","Poisoned Stab+1","Poisoned Stab","Backflip","Blur","PiercingWail","All Out Attack","Envenom","RitualDagger","Deflect","Storm of Steel"],"relics":["Ring of the Snake","Happy Flower","Pen Nib","Oddly Smooth Stone","Vajra","Ectoplasm"],"potions_floor_usage":[8,16,18,24],"damage_taken":[{"damage":8,"enemies":"2 Louse","floor":1,"turns":5},{"damage":0,"enemies":"Small Slimes","floor":2,"turns":4},{"damage":0,"enemies":"Jaw Worm","floor":3,"turns":6},{"damage":24,"enemies":"Exordium Wildlife","floor":4,"turns":9},{"damage":5,"enemies":"2 Fungi Beasts","floor":5,"turns":4},{"damage":21,"enemies":"3 Sentries","floor":6,"turns":13},{"damage":11,"enemies":"Large Slime","floor":8,"turns":9},{"damage":0,"enemies":"Exordium Wildlife","floor":12,"turns":3},{"damage":0,"enemies":"2 Fungi Beasts","floor":14,"turns":4},{"damage":30,"enemies":"Hexaghost","floor":16,"turns":12},{"damage":6,"enemies":"3 Byrds","floor":18,"turns":7},{"damage":11,"enemies":"2 Thieves","floor":20,"turns":5},{"damage":13,"enemies":"Snake Plant","floor":22,"turns":5},{"damage":40,"enemies":"Gremlin Leader","floor":24,"turns":6}],"seed_played":"-3252559366352668889","potions_obtained":[{"floor":5,"key":"SpeedPotion"},{"floor":6,"key":"EssenceOfSteel"},{"floor":14,"key":"Energy Potion"},{"floor":22,"key":"Dexterity Potion"}],"is_trial":false,"path_per_floor":["M","M","M","M","M","E","R","M","T","$","R","M","R","M","R","B",null,"M","?","M","?","M","R","E"],"character_chosen":"THE_SILENT","items_purchased":["Vajra"],"campfire_rested":4,"item_purchase_floors":[10],"current_hp_per_floor":[51,51,51,27,22,1,20,9,9,9,28,28,28,28,47,17,54,48,42,31,31,18,37,0],"gold":94,"neow_bonus":"RANDOM_COMMON_RELIC","is_prod":false,"is_daily":false,"chose_seed":false,"campfire_upgraded":1,"win_rate":0,"timestamp":1545850821,"path_taken":["M","M","M","M","M","E","R","M","T","$","R","M","R","M","R","BOSS","M","?","M","?","M","R","E"],"build_version":"2018-12-20","purchased_purges":0,"victory":false,"max_hp_per_floor":[66,66,66,66,66,66,66,66,66,66,66,66,66,66,66,66,66,66,66,66,66,66,66,66],"card_choices":[{"not_picked":["Bane","Prepared"],"picked":"Calculated Gamble","floor":1},{"not_picked":["Acrobatics","Dagger Throw"],"picked":"Dodge and Roll","floor":2},{"not_picked":["PiercingWail","Cloak And Dagger"],"picked":"Poisoned Stab","floor":3},{"not_picked":["Prepared","Distraction"],"picked":"Poisoned Stab","floor":4},{"not_picked":["Deflect","Outmaneuver"],"picked":"Backflip","floor":5},{"not_picked":["Acrobatics","Prepared"],"picked":"Blur","floor":6},{"not_picked":["Dagger Spray","Underhanded Strike"],"picked":"PiercingWail","floor":8},{"not_picked":["Dagger Spray","Dodge and Roll","Masterful Stab"],"picked":"SKIP","floor":12},{"not_picked":["Venomology","Dash"],"picked":"All Out Attack","floor":14},{"not_picked":["Grand Finale","Venomology"],"picked":"Envenom","floor":16},{"not_picked":["Dagger Spray","Prepared","Predator"],"picked":"SKIP","floor":18},{"not_picked":["Accuracy","Bouncing Flask","Slice+1"],"picked":"SKIP","floor":20},{"not_picked":["Endless Agony","Deflect","Bane"],"picked":"SKIP","floor":22}],"player_experience":1001248,"relics_obtained":[{"floor":6,"key":"Pen Nib"},{"floor":9,"key":"Oddly Smooth Stone"}],"event_choices":[{"damage_healed":0,"gold_gain":0,"player_choice":"Joined the Cult","damage_taken":6,"max_hp_gain":0,"max_hp_loss":0,"event_name":"Nest","floor":19,"gold_loss":0,"cards_obtained":["RitualDagger"]},{"damage_healed":0,"gold_gain":0,"cards_transformed":["Strike_G","Strike_G"],"player_choice":"Became Test Subject","damage_taken":0,"max_hp_gain":0,"max_hp_loss":0,"event_name":"Drug Dealer","floor":21,"gold_loss":0,"cards_obtained":["Deflect","Storm of Steel"]}],"is_beta":false,"boss_relics":[{"not_picked":["White Beast Statue","Fusion Hammer"],"picked":"Ectoplasm"}],"items_purged_floors":[],"is_endless":false,"potions_floor_spawned":[5,6,14,22],"killed_by":"Gremlin Leader","ascension_level":17}