{"gold_per_floor":[109,109,128,143,156,156,214,234,234,234,234,234,260,271,271,366,366,384,164,164,79,92,92,119,119,119,44,77,37,56,56,56,56],"floor_reached":33,"playtime":1497,"items_purged":["Strike_G"],"score":439,"play_id":"b9f11f77-992e-4f21-8b61-0ab6bacd7e27","local_time":"20181116235028","is_ascension_mode":true,"campfire_choices":[{"data":"Backflip","floor":6,"key":"SMITH"},{"data":"Dagger Throw","floor":10,"key":"SMITH"},{"floor":12,"key":"REST"},{"floor":15,"key":"REST"},{"data":"All Out Attack","floor":23,"key":"SMITH"},{"floor":25,"key":"REST"},{"floor":32,"key":"REST"}],"neow_cost":"NONE","seed_source_timestamp":280071410197700,"circlet_count":0,"master_deck":["AscendersBane","Defend_G","Defend_G","Defend_G+1","Defend_G+1","Defend_G","Strike_G","Strike_G+1","Strike_G+1","Survivor","Neutralize","Dagger Throw+1","Backflip+1","PiercingWail","Terror","All Out Attack+1","Underhanded Strike","Escape Plan","Tactician","Unload","J.A.X.","Deflect+1","Skewer+1"],"relics":["Ring of the Snake","Whetstone","Boot","Du-Vu Doll","Sozu","Oddly Smooth Stone","Bag of Marbles","Dream Catcher","Molten Egg 2","Singing Bowl"],"potions_floor_usage":[5,7,33],"damage_taken":[{"damage":4,"enemies":"Small Slimes","floor":1,"turns":4},{"damage":1,"enemies":"Jaw Worm","floor":3,"turns":3},{"damage":0,"enemies":"2 Louse","floor":4,"turns":4},{"damage":4,"enemies":"Exordium Wildlife","floor":5,"turns":5},{"damage":10,"enemies":"3 Sentries","floor":7,"turns":9},{"damage":5,"enemies":"Large Slime","floor":8,"turns":4},{"damage":16,"enemies":"Gremlin Nob","floor":13,"turns":4},{"damage":1,"enemies":"2 Fungi Beasts","floor":14,"turns":4},{"damage":5,"enemies":"Slime Boss","floor":16,"turns":9},{"damage":0,"enemies":"Chosen","floor":18,"turns":3},{"damage":16,"enemies":"Spheric Guardian","floor":22,"turns":4},{"damage":30,"enemies":"Gremlin Leader","floor":24,"turns":7},{"damage":6,"enemies":"Book of Stabbing","floor":28,"turns":5},{"damage":3,"enemies":"Centurion and Healer","floor":30,"turns":3},{"damage":60,"enemies":"Automaton","floor":33,"turns":6}],"seed_played":"4150443596576727896","potions_obtained":[{"floor":3,"key":"Strength Potion"},{"floor":4,"key":"Fire Potion"},{"floor":5,"key":"SpeedPotion"},{"floor":16,"key":"GamblersBrew"}],"is_trial":false,"path_per_floor":["M","?","M","M","M","R","?","M","T","R","?","R","E","M","R","B",null,"M","$","?","?","M","R","E","R","T","?","E","$","M","$","R","B"],"character_chosen":"THE_SILENT","items_purchased":["Oddly Smooth Stone","Skewer+1"],"campfire_rested":4,"item_purchase_floors":[19,29],"current_hp_per_floor":[59,45,44,44,40,40,30,25,25,25,25,46,30,29,50,45,64,64,64,64,64,48,48,18,39,39,39,35,35,34,34,58,0],"gold":56,"neow_bonus":"RANDOM_COMMON_RELIC","is_prod":false,"is_daily":false,"chose_seed":false,"campfire_upgraded":3,"win_rate":0,"timestamp":1542430228,"path_taken":["M","?","M","M","M","R","?","M","T","R","?","R","E","?","R","BOSS","M","$","?","?","M","R","E","R","T","?","E","?","?","?","R","BOSS"],"build_version":"2018-11-15","purchased_purges":1,"victory":false,"max_hp_per_floor":[70,70,70,70,70,70,70,70,70,70,70,70,70,70,70,70,70,70,70,70,70,70,70,70,70,70,70,72,72,74,74,76,76],"card_choices":[{"not_picked":["Backflip","Catalyst"],"picked":"Dagger Throw","floor":1},{"not_picked":["Sucker Punch","PiercingWail"],"picked":"Backflip","floor":3},{"not_picked":["Predator","Tools of the Trade"],"picked":"PiercingWail","floor":4},{"not_picked":["Deadly Poison","Blade Dance"],"picked":"Terror","floor":5},{"not_picked":["Blade Dance","PiercingWail"],"picked":"All Out Attack","floor":7},{"not_picked":["Bane","Flying Knee"],"picked":"Underhanded Strike","floor":8},{"not_picked":["Slice","Setup"],"picked":"Escape Plan","floor":13},{"not_picked":["Wraith Form v2","Endless Agony"],"picked":"Tactician","floor":14},{"not_picked":["Malaise","Envenom"],"picked":"Unload","floor":16},{"not_picked":["Dagger Spray","Outmaneuver","Dagger Throw"],"picked":"SKIP","floor":18},{"not_picked":["A Thousand Cuts","Footwork+1"],"picked":"Deflect+1","floor":22},{"not_picked":["Underhanded Strike","Outmaneuver","PiercingWail"],"picked":"SKIP","floor":24},{"not_picked":["Expertise+1","Crippling Poison","Reflex+1"],"picked":"Singing Bowl","floor":28},{"not_picked":["Bane+1","Dagger Throw+1","Flying Knee+1"],"picked":"Singing Bowl","floor":30},{"not_picked":["Slice+1","Crippling Poison","Tactician"],"picked":"Singing Bowl","floor":32}],"player_experience":687857,"relics_obtained":[{"floor":13,"key":"Du-Vu Doll"},{"floor":24,"key":"Dream Catcher"},{"floor":26,"key":"Molten Egg 2"},{"floor":28,"key":"Singing Bowl"}],"event_choices":[{"damage_healed":0,"gold_gain":0,"player_choice":"Entered Light","damage_taken":14,"max_hp_gain":0,"max_hp_loss":0,"event_name":"Shining Light","floor":2,"gold_loss":0,"cards_upgraded":["Defend_G","Defend_G"]},{"damage_healed":0,"gold_gain":0,"player_choice":"Searched \u00273\u0027 times","damage_taken":0,"relics_obtained":["Boot"],"max_hp_gain":0,"max_hp_loss":0,"event_name":"Dead Adventurer","floor":7,"gold_loss":0},{"damage_healed":0,"gold_gain":0,"player_choice":"Ignored","damage_taken":0,"max_hp_gain":0,"max_hp_loss":0,"event_name":"Liars Game","floor":11,"gold_loss":0},{"damage_healed":0,"gold_gain":0,"player_choice":"Obtain J.A.X.","damage_taken":0,"max_hp_gain":0,"max_hp_loss":0,"event_name":"Drug Dealer","floor":20,"gold_loss":0,"cards_obtained":["J.A.X."]},{"damage_healed":0,"gold_gain":0,"player_choice":"Obtained Relic","damage_taken":0,"relics_obtained":["Bag of Marbles"],"max_hp_gain":0,"max_hp_loss":0,"event_name":"Addict","floor":21,"gold_loss":85},{"cards_removed":["Strike_G"],"damage_healed":0,"gold_gain":0,"player_choice":"Gave Gold","damage_taken":0,"max_hp_gain":0,"max_hp_loss":0,"event_name":"Beggar","floor":27,"gold_loss":75}],"is_beta":false,"boss_relics":[{"not_picked":["Orrery","Eternal Feather"],"picked":"Sozu"}],"items_purged_floors":[19],"is_endless":false,"potions_floor_spawned":[3,4,5,16,28],"killed_by":"Automaton","ascension_level":11}