{"gold_per_floor":[110,110,128,152,165,165,205,205,205,246,246,259,259,279,279,279],"floor_reached":16,"playtime":813,"items_purged":[],"score":224,"play_id":"48369113-530c-468f-8e74-291a45c99c27","local_time":"20190103175400","is_ascension_mode":true,"campfire_choices":[{"data":"Neutralize","floor":6,"key":"SMITH"},{"floor":8,"key":"REST"},{"floor":15,"key":"REST"}],"neow_cost":"NONE","seed_source_timestamp":750818445706309,"circlet_count":0,"master_deck":["AscendersBane","Defend_G","Defend_G","Defend_G","Defend_G","Defend_G","Strike_G","Strike_G","Strike_G","Strike_G","Strike_G","Survivor","Neutralize+1","Flying Knee","Backstab","Dagger Spray","Bouncing Flask","Wraith Form v2","Bane"],"relics":["Ring of the Snake","Golden Idol","Bottled Lightning","Turnip","Tingsha","Letter Opener"],"potions_floor_usage":[14,16,16],"damage_taken":[{"damage":0,"enemies":"Jaw Worm","floor":1,"turns":4},{"damage":4,"enemies":"Small Slimes","floor":3,"turns":3},{"damage":0,"enemies":"Cultist","floor":4,"turns":3},{"damage":3,"enemies":"Exordium Wildlife","floor":5,"turns":3},{"damage":39,"enemies":"3 Sentries","floor":7,"turns":9},{"damage":29,"enemies":"Lagavulin","floor":10,"turns":6},{"damage":0,"enemies":"Large Slime","floor":12,"turns":4},{"damage":3,"enemies":"Gremlin Gang","floor":14,"turns":4},{"damage":20,"enemies":"The Guardian","floor":16,"turns":10}],"seed_played":"8911296078733002390","potions_obtained":[{"floor":3,"key":"Dexterity Potion"},{"floor":10,"key":"Swift Potion"},{"floor":12,"key":"FearPotion"},{"floor":14,"key":"Block Potion"}],"is_trial":false,"path_per_floor":["M","?","M","M","M","R","E","R","T","E","?","M","?","M","R","B"],"character_chosen":"THE_SILENT","items_purchased":[],"campfire_rested":2,"item_purchase_floors":[],"current_hp_per_floor":[65,65,61,61,58,58,19,38,38,9,9,9,4,1,20,0],"gold":279,"neow_bonus":"TEN_PERCENT_HP_BONUS","is_prod":false,"is_daily":false,"chose_seed":false,"campfire_upgraded":1,"win_rate":0,"timestamp":1546556040,"path_taken":["M","?","M","M","M","R","E","R","T","E","?","?","?","M","R","BOSS"],"build_version":"2018-12-20","purchased_purges":0,"victory":false,"max_hp_per_floor":[72,65,65,65,65,65,65,65,65,65,65,65,65,65,65,65],"card_choices":[{"not_picked":["Deflect","Blade Dance"],"picked":"Flying Knee","floor":1},{"not_picked":["Blade Dance","Infinite Blades"],"picked":"Backstab","floor":3},{"not_picked":["Accuracy","Quick Slash"],"picked":"Dagger Spray","floor":4},{"not_picked":["Blur","Backflip"],"picked":"Bouncing Flask","floor":5},{"not_picked":["Eviscerate","Riddle With Holes","Deflect"],"picked":"SKIP","floor":7},{"not_picked":["A Thousand Cuts","Deadly Poison"],"picked":"Wraith Form v2","floor":10},{"not_picked":["Reflex","Slice","Heel Hook"],"picked":"SKIP","floor":12},{"not_picked":["Sucker Punch","Dagger Throw"],"picked":"Bane","floor":14}],"player_experience":1144416,"relics_obtained":[{"floor":7,"key":"Bottled Lightning"},{"floor":9,"key":"Turnip"},{"floor":10,"key":"Tingsha"}],"event_choices":[{"damage_healed":0,"gold_gain":0,"player_choice":"Lose Max HP","damage_taken":0,"relics_obtained":["Golden Idol"],"max_hp_gain":0,"max_hp_loss":7,"event_name":"Golden Idol","floor":2,"gold_loss":0},{"damage_healed":0,"gold_gain":0,"player_choice":"Gave Potion","damage_taken":0,"relics_obtained":["Letter Opener"],"max_hp_gain":0,"max_hp_loss":0,"event_name":"WeMeetAgain","floor":11,"gold_loss":0},{"damage_healed":0,"gold_gain":0,"player_choice":"Fled","damage_taken":5,"max_hp_gain":0,"max_hp_loss":0,"event_name":"Scrap Ooze","floor":13,"gold_loss":0}],"is_beta":false,"boss_relics":[],"items_purged_floors":[],"is_endless":false,"potions_floor_spawned":[3,10,12,14],"killed_by":"The Guardian","ascension_level":20}