{"gold_per_floor":[215,215,227,241,261,261,289,289,361,374,386,396,396,409,409,504,504,523,536,461,488,488,488,505,523,523,523,543,562,577,589,589,589],"floor_reached":33,"playtime":3358,"items_purged":[],"score":296,"play_id":"a8790398-acc9-4800-b21b-65f3d3c40136","local_time":"20190901234906","is_ascension_mode":true,"campfire_choices":[{"floor":6,"key":"RECALL"},{"floor":8,"key":"REST"},{"floor":13,"key":"REST"},{"floor":15,"key":"REST"},{"floor":23,"key":"REST"},{"data":"Defragment","floor":27,"key":"SMITH"},{"floor":32,"key":"REST"}],"neow_cost":"NONE","seed_source_timestamp":65687361161700,"circlet_count":0,"master_deck":["Strike_B","Strike_B","Strike_B","Defend_B","Defend_B+1","Defend_B","Defend_B","Zap","Dualcast","Chill+1","Barrage","Defragment+1","Cold Snap","Hologram","Sweeping Beam","Hello World","Sunder","Skim","Meteor Strike","Hologram","Glacier+1","Hologram","Skim","Barrage","Writhe","Coolheaded+1","Loop","Biased Cognition","Cold Snap"],"relics":["Cracked Core","Pocketwatch","Cursed Key","Red Mask","War Paint"],"potions_floor_usage":[7,16,16,21,28,33,33,33],"damage_taken":[{"damage":2,"enemies":"Jaw Worm","floor":1,"turns":4},{"damage":0,"enemies":"Cultist","floor":3,"turns":3},{"damage":0,"enemies":"Small Slimes","floor":4,"turns":3},{"damage":12,"enemies":"Exordium Wildlife","floor":5,"turns":4},{"damage":55,"enemies":"Gremlin Nob","floor":7,"turns":6},{"damage":4,"enemies":"Exordium Thugs","floor":10,"turns":4},{"damage":2,"enemies":"Blue Slaver","floor":11,"turns":4},{"damage":5,"enemies":"3 Louse","floor":12,"turns":3},{"damage":9,"enemies":"Lots of Slimes","floor":14,"turns":4},{"damage":26,"enemies":"The Guardian","floor":16,"turns":17},{"damage":7,"enemies":"Spheric Guardian","floor":18,"turns":6},{"damage":2,"enemies":"Shell Parasite","floor":19,"turns":8},{"damage":22,"enemies":"Masked Bandits","floor":21,"turns":6},{"damage":2,"enemies":"Centurion and Healer","floor":24,"turns":10},{"damage":10,"enemies":"Chosen and Byrds","floor":25,"turns":8},{"damage":34,"enemies":"3 Cultists","floor":28,"turns":8},{"damage":0,"enemies":"Sentry and Sphere","floor":29,"turns":10},{"damage":3,"enemies":"Snecko","floor":30,"turns":5},{"damage":0,"enemies":"Snake Plant","floor":31,"turns":6},{"damage":49,"enemies":"Champ","floor":33,"turns":13}],"seed_played":"-245163916089684281","potions_obtained":[{"floor":2,"key":"FocusPotion"},{"floor":2,"key":"SkillPotion"},{"floor":2,"key":"Explosive Potion"},{"floor":10,"key":"FearPotion"},{"floor":16,"key":"FearPotion"},{"floor":18,"key":"SkillPotion"},{"floor":25,"key":"SpeedPotion"},{"floor":28,"key":"SneckoOil"}],"is_trial":false,"path_per_floor":["M","?","M","M","M","R","E","R","T","M","M","M","R","M","R","B",null,"M","M","?","?","?","R","M","M","T","R","M","M","M","M","R","B"],"character_chosen":"DEFECT","items_purchased":[],"campfire_rested":5,"item_purchase_floors":[],"current_hp_per_floor":[73,73,73,73,61,61,6,28,28,24,22,17,39,30,52,26,75,68,66,66,44,44,66,64,54,54,54,20,20,17,17,39,0],"gold":589,"neow_bonus":"HUNDRED_GOLD","is_prod":false,"is_daily":false,"chose_seed":false,"campfire_upgraded":1,"win_rate":0,"timestamp":1567399746,"path_taken":["M","?","?","M","?","R","E","R","T","M","M","M","R","M","R","BOSS","M","M","?","?","?","R","M","?","T","R","M","M","M","M","R","BOSS"],"build_version":"2019-07-17","purchased_purges":0,"victory":false,"max_hp_per_floor":[75,75,75,75,75,75,75,75,75,75,75,75,75,75,75,75,75,75,75,75,75,75,75,75,75,75,75,75,75,75,75,75,75],"card_choices":[{"not_picked":["Go for the Eyes","Tempest"],"picked":"Chill","floor":1},{"not_picked":["Sweeping Beam","Stack"],"picked":"Barrage","floor":3},{"not_picked":["Darkness","Cold Snap"],"picked":"Defragment","floor":4},{"not_picked":["Steam","Beam Cell"],"picked":"Cold Snap","floor":5},{"not_picked":["Beam Cell","Scrape"],"picked":"Hologram","floor":7},{"not_picked":["Streamline","Rebound"],"picked":"Sweeping Beam","floor":10},{"not_picked":["Leap","Rainbow"],"picked":"Hello World","floor":11},{"not_picked":["Leap","Double Energy"],"picked":"Sunder","floor":12},{"not_picked":["Rebound","Storm"],"picked":"Skim","floor":14},{"not_picked":["Buffer","Reboot"],"picked":"Meteor Strike","floor":16},{"not_picked":["Steam Power","Stack"],"picked":"Hologram","floor":18},{"not_picked":["Auto Shields","Beam Cell"],"picked":"Glacier+1","floor":19},{"not_picked":["Melter","Undo"],"picked":"Hologram","floor":21},{"not_picked":["Scrape+1","Rebound"],"picked":"Skim","floor":24},{"not_picked":["Melter","Rebound"],"picked":"Barrage","floor":25},{"not_picked":["Double Energy","Rebound"],"picked":"Coolheaded+1","floor":28},{"not_picked":["Steam+1","Streamline"],"picked":"Loop","floor":29},{"not_picked":["Sunder","Sweeping Beam"],"picked":"Biased Cognition","floor":30},{"not_picked":["Blizzard","Conserve Battery+1"],"picked":"Cold Snap","floor":31}],"player_experience":275982,"relics_obtained":[{"floor":7,"key":"Pocketwatch"},{"floor":21,"key":"Red Mask"},{"floor":26,"key":"War Paint"}],"event_choices":[{"damage_healed":0,"gold_gain":0,"player_choice":"Got Potions","damage_taken":0,"max_hp_gain":0,"max_hp_loss":0,"event_name":"Lab","floor":2,"gold_loss":0},{"cards_removed":["Strike_B"],"damage_healed":0,"gold_gain":0,"player_choice":"Gave Gold","damage_taken":0,"max_hp_gain":0,"max_hp_loss":0,"event_name":"Beggar","floor":20,"gold_loss":75},{"damage_healed":0,"gold_gain":0,"player_choice":"Fought Bandits","damage_taken":0,"max_hp_gain":0,"max_hp_loss":0,"event_name":"Masked Bandits","floor":21,"gold_loss":0},{"damage_healed":0,"gold_gain":0,"player_choice":"Ignored","damage_taken":0,"max_hp_gain":0,"max_hp_loss":0,"event_name":"The Mausoleum","floor":22,"gold_loss":0}],"is_beta":false,"boss_relics":[{"not_picked":["Inserter","Eternal Feather"],"picked":"Cursed Key"}],"items_purged_floors":[],"is_endless":false,"potions_floor_spawned":[3,10,11,14,16,18,24,25,28,30],"killed_by":"Champ","ascension_level":3}