{"gold_per_floor":[119,130,149,24,37,37,68,79,79,79],"floor_reached":10,"playtime":390,"items_purged":["Strike_R"],"score":112,"play_id":"b9e7782d-5021-4ddc-920d-5731259e337c","local_time":"20181202194819","is_ascension_mode":true,"campfire_choices":[{"data":"Heavy Blade","floor":6,"key":"SMITH"}],"neow_cost":"NONE","seed_source_timestamp":3333383626220,"circlet_count":0,"master_deck":["AscendersBane","Strike_R","Strike_R","Strike_R","Strike_R","Defend_R","Defend_R","Defend_R","Defend_R","Bash","Bloodletting","Heavy Blade+1","Disarm","Flex","Sword Boomerang","Ghostly Armor"],"relics":["Burning Blood","Blue Candle","Paper Frog"],"potions_floor_usage":[7,7,8],"damage_taken":[{"damage":0,"enemies":"Small Slimes","floor":1,"turns":4},{"damage":4,"enemies":"Cultist","floor":2,"turns":3},{"damage":14,"enemies":"Jaw Worm","floor":3,"turns":3},{"damage":13,"enemies":"Looter","floor":5,"turns":4},{"damage":42,"enemies":"Lagavulin","floor":7,"turns":9},{"damage":3,"enemies":"3 Louse","floor":8,"turns":4},{"damage":53,"enemies":"3 Sentries","floor":10,"turns":7}],"seed_played":"8226618153710339189","potions_obtained":[{"floor":2,"key":"Dexterity Potion"},{"floor":5,"key":"BloodPotion"},{"floor":7,"key":"Fire Potion"}],"is_trial":false,"path_per_floor":["M","M","M","$","M","R","E","M","T","E"],"character_chosen":"IRONCLAD","items_purchased":["Flex"],"campfire_rested":0,"item_purchase_floors":[4],"current_hp_per_floor":[86,88,80,80,73,73,45,48,48,0],"gold":79,"neow_bonus":"TEN_PERCENT_HP_BONUS","is_prod":false,"is_daily":false,"chose_seed":false,"campfire_upgraded":1,"win_rate":0,"timestamp":1543798099,"path_taken":["M","M","M","$","M","R","E","M","T","E"],"build_version":"2018-11-15","purchased_purges":1,"victory":false,"max_hp_per_floor":[88,88,88,88,88,88,88,88,88,88],"card_choices":[{"not_picked":["Cleave","Clothesline"],"picked":"Bloodletting","floor":1},{"not_picked":["Iron Wave","Anger"],"picked":"Heavy Blade","floor":2},{"not_picked":["Headbutt","Dual Wield"],"picked":"Disarm","floor":3},{"not_picked":["Headbutt","Cleave"],"picked":"Sword Boomerang","floor":5},{"not_picked":["Pommel Strike","Iron Wave"],"picked":"Ghostly Armor","floor":7},{"not_picked":["Searing Blow","Bloodletting","Carnage"],"picked":"SKIP","floor":8}],"player_experience":768507,"relics_obtained":[{"floor":7,"key":"Blue Candle"},{"floor":9,"key":"Paper Frog"}],"event_choices":[],"is_beta":false,"boss_relics":[],"items_purged_floors":[4],"is_endless":false,"potions_floor_spawned":[2,5,7],"killed_by":"3 Sentries","ascension_level":12}