{"gold_per_floor":[114,114,189,204,214,243,418,418,469,488,64,78,90,109,109,205,205,223,148,165,165,165,165,185,217,242,242,242,255,266,286,286,286],"floor_reached":33,"playtime":1501,"items_purged":["Doubt"],"score":514,"play_id":"d224555e-8462-4ae6-abdd-6fd516d257f4","local_time":"20190702182001","is_ascension_mode":true,"campfire_choices":[{"floor":8,"key":"REST"},{"floor":15,"key":"REST"},{"floor":23,"key":"REST"},{"floor":27,"key":"REST"},{"floor":32,"key":"REST"}],"neow_cost":"TEN_PERCENT_HP_LOSS","seed_source_timestamp":11349867336202,"circlet_count":0,"master_deck":["AscendersBane","Strike_B","Defend_B","Defend_B","Defend_B","Defend_B","Zap","Dualcast","Biased Cognition","Streamline+1","Sweeping Beam","BootSequence","Core Surge","Ball Lightning","Glacier","Doom and Gloom","Turbo","Hologram","Compile Driver","Stack","Buffer","Conserve Battery","Consume","Necronomicurse","Redo+1","Cold Snap+1","Go for the Eyes","Leap","Cold Snap"],"relics":["Cracked Core","Blood Vial","Art of War","DataDisk","Empty Cage","Necronomicon","Boot","Bag of Preparation","Blue Candle"],"potions_floor_usage":[4,10,24,25],"damage_taken":[{"damage":5,"enemies":"Small Slimes","floor":1,"turns":4},{"damage":0,"enemies":"2 Louse","floor":4,"turns":1},{"damage":9,"enemies":"Jaw Worm","floor":5,"turns":3},{"damage":35,"enemies":"Gremlin Nob","floor":6,"turns":5},{"damage":0,"enemies":"3 Louse","floor":10,"turns":2},{"damage":14,"enemies":"Large Slime","floor":12,"turns":4},{"damage":1,"enemies":"Looter","floor":13,"turns":2},{"damage":0,"enemies":"Blue Slaver","floor":14,"turns":2},{"damage":0,"enemies":"Slime Boss","floor":16,"turns":10},{"damage":10,"enemies":"3 Byrds","floor":18,"turns":5},{"damage":8,"enemies":"Spheric Guardian","floor":20,"turns":5},{"damage":18,"enemies":"3 Cultists","floor":24,"turns":3},{"damage":14,"enemies":"Slavers","floor":25,"turns":4},{"damage":2,"enemies":"Chosen and Byrds","floor":29,"turns":5},{"damage":18,"enemies":"Centurion and Healer","floor":30,"turns":3},{"damage":20,"enemies":"Shelled Parasite and Fungi","floor":31,"turns":7},{"damage":59,"enemies":"Champ","floor":33,"turns":12}],"seed_played":"-8524692615340675718","potions_obtained":[{"floor":1,"key":"Explosive Potion"},{"floor":6,"key":"Explosive Potion"},{"floor":13,"key":"FearPotion"},{"floor":20,"key":"PowerPotion"},{"floor":24,"key":"LiquidBronze"},{"floor":25,"key":"Strength Potion"}],"is_trial":false,"path_per_floor":["M","?","?","M","M","E","?","R","T","M","$","M","M","M","R","B",null,"M","?","M","?","?","R","M","E","T","R","T","M","M","M","R","B"],"character_chosen":"DEFECT","items_purchased":["DataDisk","Glacier","Doom and Gloom","Turbo"],"campfire_rested":5,"item_purchase_floors":[11,11,11,11],"current_hp_per_floor":[63,63,52,52,43,8,8,28,28,30,30,18,19,21,41,43,62,54,54,48,32,32,52,36,24,24,44,44,44,28,10,30,0],"gold":286,"neow_bonus":"THREE_RARE_CARDS","is_prod":false,"is_daily":false,"chose_seed":false,"campfire_upgraded":0,"win_rate":0,"timestamp":1562055601,"path_taken":["M","?","?","M","M","E","?","R","T","M","$","M","M","M","R","BOSS","M","?","M","?","?","R","M","E","T","R","?","M","?","M","R","BOSS"],"build_version":"2019-07-01","purchased_purges":1,"victory":false,"max_hp_per_floor":[68,68,68,68,68,68,68,68,68,68,68,68,68,68,68,68,68,68,68,68,68,68,68,68,68,68,68,68,68,68,68,68,68],"card_choices":[{"not_picked":["Meteor Strike","Buffer"],"picked":"Biased Cognition","floor":0},{"not_picked":["Auto Shields","Gash"],"picked":"Streamline","floor":1},{"not_picked":["Leap","Chaos"],"picked":"Sweeping Beam","floor":4},{"not_picked":["Heatsinks","Turbo"],"picked":"BootSequence","floor":5},{"not_picked":["Doom and Gloom","Ball Lightning"],"picked":"Core Surge","floor":6},{"not_picked":["Consume","Darkness"],"picked":"Ball Lightning","floor":10},{"not_picked":["Tempest","Sweeping Beam"],"picked":"Hologram","floor":12},{"not_picked":["Ball Lightning","Hologram"],"picked":"Compile Driver","floor":13},{"not_picked":["Ball Lightning","Sweeping Beam"],"picked":"Stack","floor":14},{"not_picked":["Reboot","All For One"],"picked":"Buffer","floor":16},{"not_picked":["Leap","Storm+1"],"picked":"Conserve Battery","floor":18},{"not_picked":["Steam Power","Glacier"],"picked":"Consume","floor":20},{"not_picked":["Chill+1","Turbo"],"picked":"Redo+1","floor":24},{"not_picked":["Coolheaded","Streamline"],"picked":"Cold Snap+1","floor":25},{"not_picked":["Force Field","Redo+1"],"picked":"Go for the Eyes","floor":29},{"not_picked":["Sweeping Beam","Go for the Eyes"],"picked":"Leap","floor":30},{"not_picked":["Gash","Turbo"],"picked":"Cold Snap","floor":31}],"player_experience":895580,"relics_obtained":[{"floor":6,"key":"Blood Vial"},{"floor":9,"key":"Art of War"},{"floor":21,"key":"Necronomicon"},{"floor":25,"key":"Boot"},{"floor":26,"key":"Bag of Preparation"},{"floor":28,"key":"Blue Candle"}],"event_choices":[{"damage_healed":0,"gold_gain":0,"player_choice":"Grow","damage_taken":0,"max_hp_gain":0,"max_hp_loss":0,"event_name":"Living Wall","floor":2,"gold_loss":0,"cards_upgraded":["Streamline"]},{"damage_healed":0,"gold_gain":75,"player_choice":"Gather Gold","damage_taken":11,"max_hp_gain":0,"max_hp_loss":0,"event_name":"World of Goop","floor":3,"gold_loss":0},{"damage_healed":0,"gold_gain":175,"player_choice":"AGREE","damage_taken":0,"max_hp_gain":0,"max_hp_loss":0,"event_name":"Liars Game","floor":7,"gold_loss":0,"cards_obtained":["Doubt"]},{"cards_removed":["Strike_B"],"damage_healed":0,"gold_gain":0,"player_choice":"Gave Gold","damage_taken":0,"max_hp_gain":0,"max_hp_loss":0,"event_name":"Beggar","floor":19,"gold_loss":75},{"damage_healed":0,"gold_gain":0,"player_choice":"Obtained Book","damage_taken":16,"max_hp_gain":0,"max_hp_loss":0,"event_name":"Cursed Tome","floor":21,"gold_loss":0},{"damage_healed":0,"gold_gain":0,"player_choice":"Ignored","damage_taken":0,"max_hp_gain":0,"max_hp_loss":0,"event_name":"Ghosts","floor":22,"gold_loss":0}],"is_beta":false,"boss_relics":[{"not_picked":["White Beast Statue","Busted Crown"],"picked":"Empty Cage"}],"items_purged_floors":[11],"is_endless":false,"potions_floor_spawned":[1,6,13,20,24,25],"killed_by":"Champ","ascension_level":12}