{"gold_per_floor":[13,188,199,199,215,215,249,199,199,217,217,217,234,245,245,346,346,359,371,61,71,91,121,121,135,160,160,188,200,245,274,286,395,407,431,458,770,799,259,271,126,152,152,166,166,166,179,190,190,190],"floor_reached":50,"playtime":8308,"items_purged":["Writhe","Doubt"],"score":638,"play_id":"bbfe3cdc-9757-4ea1-b0ea-368790f514ee","local_time":"20190417224725","is_ascension_mode":false,"campfire_choices":[{"data":"Neutralize","floor":6,"key":"SMITH"},{"data":"Crippling Poison","floor":11,"key":"SMITH"},{"floor":15,"key":"REST"},{"floor":24,"key":"REST"},{"data":"Infinite Blades","floor":27,"key":"SMITH"},{"floor":29,"key":"REST"},{"floor":32,"key":"REST"},{"floor":46,"key":"REST"},{"floor":49,"key":"REST"}],"neow_cost":"NO_GOLD","seed_source_timestamp":0,"circlet_count":0,"master_deck":["Defend_G","Defend_G","Defend_G","Defend_G","Defend_G","Strike_G+1","Strike_G+1","Strike_G","Strike_G","Survivor","Neutralize+1","Footwork","Dagger Throw","Blade Dance","Poisoned Stab+1","Crippling Poison+1","PiercingWail","Infinite Blades+1","Corpse Explosion","Dash","Deflect","Deadly Poison","Caltrops+1","Poisoned Stab+1","Deflect","Dash+1","Leg Sweep","Bouncing Flask","Burst","Infinite Blades","Footwork","Sucker Punch+1","Prepared","Cloak And Dagger","Accuracy","Die Die Die","Poisoned Stab","Catalyst","Heel Hook+1","Dodge and Roll","Cloak And Dagger","Doubt","Blur+1","Shame","Finisher","Cloak And Dagger+1"],"special_seed":0,"relics":["Ring of the Snake","Mango","Pear","Cursed Key","The Specimen","Calipers","MawBank","Paper Crane","Orrery","Lantern","ClockworkSouvenir","StoneCalendar","Boot","Darkstone Periapt"],"potions_floor_usage":[3,10,16,21,33,33,38,42,44],"damage_taken":[{"damage":0.0,"enemies":"Small Slimes","floor":1.0,"turns":3.0},{"damage":0,"enemies":"Jaw Worm","floor":3,"turns":6},{"damage":0,"enemies":"Cultist","floor":5,"turns":5},{"damage":7,"enemies":"Lagavulin","floor":7,"turns":8},{"damage":10,"enemies":"Lots of Slimes","floor":10,"turns":7},{"damage":1,"enemies":"Gremlin Gang","floor":13,"turns":2},{"damage":16,"enemies":"Large Slime","floor":14,"turns":10},{"damage":69,"enemies":"Slime Boss","floor":16,"turns":15},{"damage":14,"enemies":"Chosen","floor":18,"turns":6},{"damage":0,"enemies":"3 Byrds","floor":19,"turns":3},{"damage":13,"enemies":"Sentry and Sphere","floor":21,"turns":10},{"damage":0,"enemies":"Chosen and Byrds","floor":22,"turns":4},{"damage":12,"enemies":"Book of Stabbing","floor":23,"turns":6},{"damage":17,"enemies":"Snecko","floor":25,"turns":5},{"damage":37,"enemies":"Gremlin Leader","floor":28,"turns":7},{"damage":28,"enemies":"Slavers","floor":30,"turns":5},{"damage":1,"enemies":"3 Cultists","floor":31,"turns":5},{"damage":39,"enemies":"Collector","floor":33,"turns":10},{"damage":9,"enemies":"3 Shapes","floor":35,"turns":3},{"damage":4,"enemies":"3 Darklings","floor":36,"turns":3},{"damage":24,"enemies":"Sphere and 2 Shapes","floor":38,"turns":8},{"damage":8,"enemies":"4 Shapes","floor":40,"turns":5},{"damage":47,"enemies":"Reptomancer","floor":42,"turns":7},{"damage":24,"enemies":"Jaw Worm Horde","floor":44,"turns":3},{"damage":18,"enemies":"Transient","floor":47,"turns":5},{"damage":17,"enemies":"Spire Growth","floor":48,"turns":6},{"damage":36,"enemies":"Donu and Deca","floor":50,"turns":4}],"seed_played":"6202368728052001283","potions_obtained":[{"floor":1.0,"key":"Fire Potion"},{"floor":5,"key":"SneckoOil"},{"floor":7,"key":"Regen Potion"},{"floor":14,"key":"Energy Potion"},{"floor":18,"key":"Swift Potion"},{"floor":22,"key":"SmokeBomb"},{"floor":30,"key":"FearPotion"},{"floor":31,"key":"SpeedPotion"},{"floor":35,"key":"SteroidPotion"},{"floor":40,"key":"Regen Potion"},{"floor":42,"key":"GamblersBrew"}],"is_trial":false,"path_per_floor":["M","?","M","?","M","R","E","?","T","M","R","?","M","M","R","B",null,"M","M","$","M","M","E","R","M","T","R","E","R","E","M","R","B",null,"M","M","?","M","$","M","$","E","T","M","T","R","M","M","R","B"],"character_chosen":"THE_SILENT","items_purchased":["The Specimen","Lantern","ClockworkSouvenir","Poisoned Stab","Catalyst","Dodge and Roll"],"campfire_rested":6,"item_purchase_floors":[20,39,39,39,39,41],"current_hp_per_floor":[84,84,84,67,67,67,74,74,84,86,86,86,85,69,101,32,108,94,94,94,81,81,69,101,84,84,84,47,79,51,50,82,43,108,99,95,95,71,71,63,63,31,31,7,7,39,21,4,36,0],"gold":190,"neow_bonus":"TWENTY_PERCENT_HP_BONUS","is_prod":false,"is_daily":false,"chose_seed":false,"campfire_upgraded":3,"win_rate":0,"timestamp":1555505245,"path_taken":["M","?","M","?","M","R","E","?","T","M","R","?","?","M","R","BOSS","M","?","$","M","M","E","R","?","T","R","E","R","E","M","R","BOSS","M","M","?","M","?","M","$","E","T","M","?","R","M","M","R","BOSS"],"build_version":"2019-01-23","purchased_purges":2,"victory":false,"max_hp_per_floor":[84,84,84,84,84,84,98,98,108,108,108,108,108,108,108,108,108,108,108,108,108,108,108,108,108,108,108,108,108,108,108,108,108,108,108,108,108,108,108,108,108,108,108,108,108,108,108,108,108,108],"card_choices":[{"not_picked":["Leg Sweep","Reflex"],"picked":"Footwork","floor":1.0},{"not_picked":["Slice","Riddle With Holes"],"picked":"Dagger Throw","floor":3},{"not_picked":["Backflip","Blur"],"picked":"Blade Dance","floor":5},{"not_picked":["Quick Slash","PiercingWail"],"picked":"Poisoned Stab","floor":7},{"not_picked":["Outmaneuver","Underhanded Strike"],"picked":"Crippling Poison","floor":10},{"not_picked":["Bullet Time","Concentrate"],"picked":"PiercingWail","floor":13},{"not_picked":["Skewer","Bane"],"picked":"Infinite Blades","floor":14},{"not_picked":["Glass Knife","Phantasmal Killer"],"picked":"Corpse Explosion","floor":16},{"not_picked":["Dagger Spray","Flechettes"],"picked":"Dash","floor":18},{"not_picked":["PiercingWail","Slice"],"picked":"Deflect","floor":19},{"not_picked":["Cloak And Dagger","Sucker Punch"],"picked":"Deadly Poison","floor":21},{"not_picked":["Catalyst","Concentrate"],"picked":"Caltrops+1","floor":22},{"not_picked":["Bane","Backflip"],"picked":"Poisoned Stab+1","floor":23},{"not_picked":["Sucker Punch","Backstab+1"],"picked":"Deflect","floor":25},{"not_picked":["All Out Attack","Setup"],"picked":"Dash+1","floor":28},{"not_picked":["Deflect","All Out Attack"],"picked":"Leg Sweep","floor":30},{"not_picked":["Eviscerate","Infinite Blades"],"picked":"Bouncing Flask","floor":31},{"not_picked":["Malaise","Storm of Steel"],"picked":"Burst","floor":33},{"not_picked":["Blade Dance+1","PiercingWail+1"],"picked":"Infinite Blades","floor":34},{"not_picked":["Terror","Backflip+1"],"picked":"Footwork","floor":34},{"not_picked":["Flying Knee","Eviscerate"],"picked":"Sucker Punch+1","floor":34},{"not_picked":["Riddle With Holes","Reflex"],"picked":"Prepared","floor":34},{"not_picked":["Flying Knee+1","PiercingWail+1"],"picked":"Cloak And Dagger","floor":34},{"not_picked":["Underhanded Strike","Outmaneuver+1","Calculated Gamble"],"picked":"SKIP","floor":35},{"not_picked":["Predator+1","Acrobatics+1"],"picked":"Accuracy","floor":36},{"not_picked":["Quick Slash","PiercingWail"],"picked":"Die Die Die","floor":38},{"not_picked":["Slice","Well Laid Plans"],"picked":"Heel Hook+1","floor":40},{"not_picked":["Blade Dance","Backstab"],"picked":"Cloak And Dagger","floor":42},{"not_picked":["Night Terror","Reflex"],"picked":"Blur+1","floor":44},{"not_picked":["Quick Slash+1","Endless Agony"],"picked":"Finisher","floor":47},{"not_picked":["Finisher+1","Dodge and Roll+1"],"picked":"Cloak And Dagger+1","floor":48}],"player_experience":301156,"relics_obtained":[{"floor":7,"key":"Mango"},{"floor":9,"key":"Pear"},{"floor":23,"key":"Calipers"},{"floor":28,"key":"MawBank"},{"floor":30,"key":"Paper Crane"},{"floor":42,"key":"StoneCalendar"},{"floor":43,"key":"Boot"},{"floor":45,"key":"Darkstone Periapt"}],"event_choices":[{"damage_healed":0.0,"max_hp_gain":0.0,"max_hp_loss":0.0,"gold_gain":175.0,"event_name":"Liars Game","player_choice":"AGREE","floor":2.0,"gold_loss":0.0,"damage_taken":0.0,"cards_obtained":["Doubt"]},{"damage_healed":0,"gold_gain":0,"player_choice":"Entered Light","damage_taken":17,"max_hp_gain":0,"max_hp_loss":0,"event_name":"Shining Light","floor":4,"gold_loss":0,"cards_upgraded":["Strike_G","Strike_G"]},{"cards_removed":["Strike_G"],"damage_healed":0,"gold_gain":0,"player_choice":"Card Removal","damage_taken":0,"max_hp_gain":0,"max_hp_loss":0,"event_name":"The Cleric","floor":8,"gold_loss":50},{"damage_healed":0,"gold_gain":0,"player_choice":"Upgraded","damage_taken":0,"max_hp_gain":0,"max_hp_loss":0,"event_name":"Upgrade Shrine","floor":12,"gold_loss":0,"cards_upgraded":["Poisoned Stab"]},{"damage_healed":0,"gold_gain":300,"player_choice":"Gold","damage_taken":0,"max_hp_gain":0,"max_hp_loss":0,"event_name":"Wheel of Change","floor":37,"gold_loss":0}],"is_beta":false,"boss_relics":[{"not_picked":["Ectoplasm","Tiny House"],"picked":"Cursed Key"},{"not_picked":["Calling Bell","Runic Dome"],"picked":"Orrery"}],"items_purged_floors":[39,41],"is_endless":false,"potions_floor_spawned":[1,5,7,14,18,22,30,31,35,40,42],"killed_by":"Donu and Deca","ascension_level":0}