{"gold_per_floor":[111,286,301,311,27,27,27,56,56,79,79,113,126,1,1,103,103,114,114,114,133,88,121,121,121,148,163,175,187,187,197,197,197],"floor_reached":33,"playtime":1056,"items_purged":["Regret"],"score":300,"play_id":"46572217-5cf7-458e-bf45-1144120da158","local_time":"20190328222813","is_ascension_mode":false,"campfire_choices":[{"data":"Infernal Blade","floor":6,"key":"SMITH"},{"data":"Bash","floor":11,"key":"SMITH"},{"floor":15,"key":"REST"},{"floor":24,"key":"REST"},{"floor":30,"key":"REST"},{"floor":32,"key":"REST"}],"neow_cost":"NONE","seed_source_timestamp":30098583788751,"circlet_count":0,"master_deck":["Strike_R","Strike_R","Strike_R","Strike_R","Defend_R+1","Defend_R","Defend_R+1","Bash+1","Pommel Strike","Doubt","Infernal Blade+1","Wild Strike","Headbutt","Twin Strike","Body Slam","Infernal Blade","Rampage","Reaper","Thunderclap","Pommel Strike","True Grit","Warcry","Flame Barrier","Entrench","Battle Trance","Sever Soul","Body Slam","Pommel Strike","Perfected Strike+1","Anger","Rage+1"],"relics":["Burning Blood","Ancient Tea Set","Shuriken","Calipers","War Paint","Kunai","Dream Catcher","Lantern","Runic Cube","Enchiridion","Oddly Smooth Stone","Boot"],"potions_floor_usage":[12,12,16,18,21,28,33,33],"damage_taken":[{"damage":6,"enemies":"Cultist","floor":1,"turns":3},{"damage":8,"enemies":"Jaw Worm","floor":3,"turns":3},{"damage":7,"enemies":"2 Louse","floor":4,"turns":3},{"damage":0,"enemies":"Gremlin Nob","floor":8,"turns":2},{"damage":19,"enemies":"Lagavulin","floor":12,"turns":4},{"damage":14,"enemies":"Looter","floor":13,"turns":3},{"damage":20,"enemies":"Slime Boss","floor":16,"turns":7},{"damage":4,"enemies":"2 Thieves","floor":18,"turns":2},{"damage":7,"enemies":"Chosen","floor":21,"turns":3},{"damage":46,"enemies":"Book of Stabbing","floor":23,"turns":5},{"damage":20,"enemies":"Snake Plant","floor":27,"turns":3},{"damage":28,"enemies":"3 Cultists","floor":28,"turns":6},{"damage":3,"enemies":"Centurion and Healer","floor":29,"turns":5},{"damage":8,"enemies":"Snecko","floor":31,"turns":3},{"damage":91,"enemies":"Automaton","floor":33,"turns":10}],"seed_played":"4812007875044505509","potions_obtained":[{"floor":3,"key":"Dexterity Potion"},{"floor":4,"key":"LiquidBronze"},{"floor":12,"key":"Energy Potion"},{"floor":16,"key":"Fire Potion"},{"floor":23,"key":"PowerPotion"},{"floor":27,"key":"FearPotion"},{"floor":29,"key":"BloodPotion"}],"is_trial":false,"path_per_floor":["M","?","M","M","$","R","?","E","T","T","R","E","M","$","R","B",null,"M","?","?","M","$","E","R","?","T","M","M","M","R","M","R","B"],"character_chosen":"IRONCLAD","items_purchased":["Shuriken","Headbutt","Energy Potion","True Grit"],"campfire_rested":4,"item_purchase_floors":[5,5,14,22],"current_hp_per_floor":[80,80,78,77,77,77,77,80,80,80,80,67,59,59,80,66,80,80,65,49,55,55,15,40,40,40,26,18,27,52,50,75,0],"gold":197,"neow_bonus":"RANDOM_COMMON_RELIC","is_prod":false,"is_daily":false,"chose_seed":false,"campfire_upgraded":2,"win_rate":0,"timestamp":1553776093,"path_taken":["M","?","M","M","$","R","?","E","T","?","R","E","M","$","R","BOSS","M","?","?","M","$","E","R","?","T","M","M","M","R","M","R","BOSS"],"build_version":"2019-01-23","purchased_purges":1,"victory":false,"max_hp_per_floor":[80,80,80,80,80,80,80,80,80,80,80,80,80,80,80,80,80,80,85,85,85,85,85,85,85,85,85,85,85,85,85,85,85],"card_choices":[{"not_picked":["Wild Strike","Inflame"],"picked":"Pommel Strike","floor":1},{"not_picked":["Corruption","Heavy Blade"],"picked":"Infernal Blade","floor":3},{"not_picked":["Ghostly Armor","Searing Blow"],"picked":"Wild Strike","floor":4},{"not_picked":["Rampage","Anger"],"picked":"Twin Strike","floor":8},{"not_picked":["Flex","Clash"],"picked":"Body Slam","floor":12},{"not_picked":["Sentinel","Shockwave"],"picked":"Infernal Blade","floor":13},{"not_picked":["Havoc","Cleave"],"picked":"Rampage","floor":15},{"not_picked":["Juggernaut","Impervious"],"picked":"Reaper","floor":16},{"not_picked":["Anger","Headbutt"],"picked":"Thunderclap","floor":18},{"not_picked":["Body Slam","Wild Strike"],"picked":"Pommel Strike","floor":21},{"not_picked":["Demon Form","Fiend Fire"],"picked":"Warcry","floor":23},{"not_picked":["Iron Wave","Thunderclap"],"picked":"Flame Barrier","floor":24},{"not_picked":["Cleave","Bloodletting"],"picked":"Sever Soul","floor":27},{"not_picked":["True Grit","Second Wind"],"picked":"Body Slam","floor":28},{"not_picked":["Twin Strike","Thunderclap"],"picked":"Pommel Strike","floor":29},{"not_picked":["Feel No Pain","Sword Boomerang"],"picked":"Perfected Strike+1","floor":30},{"not_picked":["Fiend Fire","Clash"],"picked":"Anger","floor":31},{"not_picked":["Pommel Strike","Headbutt"],"picked":"Rage+1","floor":32}],"player_experience":254535,"relics_obtained":[{"floor":8,"key":"War Paint"},{"floor":9,"key":"Kunai"},{"floor":10,"key":"Dream Catcher"},{"floor":12,"key":"Lantern"},{"floor":20,"key":"Enchiridion"},{"floor":23,"key":"Oddly Smooth Stone"},{"floor":26,"key":"Boot"}],"event_choices":[{"damage_healed":0,"gold_gain":175,"player_choice":"AGREE","damage_taken":0,"max_hp_gain":0,"max_hp_loss":0,"event_name":"Liars Game","floor":2,"gold_loss":0,"cards_obtained":["Doubt"]},{"damage_healed":0,"gold_gain":0,"player_choice":"Box","damage_taken":0,"relics_obtained":["Calipers"],"max_hp_gain":0,"max_hp_loss":0,"event_name":"Big Fish","floor":7,"gold_loss":0,"cards_obtained":["Regret"]},{"damage_healed":0,"gold_gain":0,"player_choice":"Shed Blood","damage_taken":20,"max_hp_gain":5,"max_hp_loss":0,"event_name":"Forgotten Altar","floor":19,"gold_loss":0},{"damage_healed":0,"gold_gain":0,"player_choice":"Obtained Book","damage_taken":16,"max_hp_gain":0,"max_hp_loss":0,"event_name":"Cursed Tome","floor":20,"gold_loss":0},{"damage_healed":0,"gold_gain":0,"cards_transformed":["Defend_R","Strike_R"],"player_choice":"Became Test Subject","damage_taken":0,"max_hp_gain":0,"max_hp_loss":0,"event_name":"Drug Dealer","floor":25,"gold_loss":0,"cards_obtained":["Entrench","Battle Trance"]}],"is_beta":false,"boss_relics":[{"not_picked":["Runic Dome","Sozu"],"picked":"Runic Cube"}],"items_purged_floors":[14],"is_endless":false,"potions_floor_spawned":[3,4,12,16,23,27,29],"killed_by":"Automaton","ascension_level":0}