{"gold_per_floor":[112,35,49,61,61,61,61,90,90,121,140,140,154,165,165,238,238,258,258,258],"floor_reached":20,"playtime":596,"items_purged":[],"score":350,"play_id":"519578d1-3c71-4cfe-9e50-fc10fbfbe434","local_time":"20190906074351","is_ascension_mode":true,"campfire_choices":[{"data":"Zap","floor":6.0,"key":"SMITH"},{"floor":12.0,"key":"REST"},{"floor":15.0,"key":"REST"}],"neow_cost":"NONE","seed_source_timestamp":70422468232326,"circlet_count":0,"master_deck":["AscendersBane","Zap+1","Dualcast","White Noise","Coolheaded","Cold Snap","Rebound","Auto Shields","Doom and Gloom","Sweeping Beam","Hologram","Genetic Algorithm","Loop+1","Buffer+1","Consume","Rainbow","Turbo","Reinforced Body","Rainbow","Loop+1","Turbo"],"special_seed":0,"relics":["Cracked Core","NeowsBlessing","The Courier","Pantograph","Frozen Egg 2","Smiling Mask","Pandora\u0027s Box"],"potions_floor_usage":[20,20],"damage_taken":[{"damage":0.0,"enemies":"Cultist","floor":1.0,"turns":1.0},{"damage":0.0,"enemies":"2 Louse","floor":3.0,"turns":1.0},{"damage":0.0,"enemies":"Jaw Worm","floor":4.0,"turns":1.0},{"damage":17.0,"enemies":"Lagavulin","floor":8.0,"turns":6.0},{"damage":13.0,"enemies":"3 Sentries","floor":10.0,"turns":5.0},{"damage":0.0,"enemies":"Exordium Wildlife","floor":11.0,"turns":4.0},{"damage":4.0,"enemies":"Looter","floor":13.0,"turns":3.0},{"damage":13.0,"enemies":"Large Slime","floor":14.0,"turns":5.0},{"damage":32.0,"enemies":"The Guardian","floor":16.0,"turns":14.0},{"damage":44.0,"enemies":"2 Thieves","floor":18.0,"turns":4.0},{"damage":22,"enemies":"Masked Bandits","floor":20,"turns":2}],"seed_played":"7007184688624203367","potions_obtained":[{"floor":1.0,"key":"Explosive Potion"},{"floor":4.0,"key":"FearPotion"},{"floor":8.0,"key":"Block Potion"},{"floor":14.0,"key":"Dexterity Potion"},{"floor":16.0,"key":"Strength Potion"},{"floor":18.0,"key":"Energy Potion"}],"is_trial":false,"path_per_floor":["M","$","M","M","?","R","?","E","T","E","M","R","M","M","R","B",null,"M","?","?"],"character_chosen":"DEFECT","items_purchased":["Coolheaded","Cold Snap"],"campfire_rested":2,"item_purchase_floors":[2,2],"current_hp_per_floor":[64,64,64,64,53,53,46,29,29,16,16,37,33,20,41,34,62,18,18,0],"gold":258,"neow_bonus":"THREE_ENEMY_KILL","is_prod":false,"is_daily":false,"chose_seed":false,"campfire_upgraded":1,"win_rate":0,"timestamp":1567719831,"path_taken":["M","$","M","M","?","R","?","E","T","E","M","R","M","?","R","BOSS","M","?","?"],"build_version":"2019-07-17","purchased_purges":0,"victory":false,"max_hp_per_floor":[71,71,71,71,71,71,71,71,71,71,71,71,71,71,71,71,71,71,71,71],"card_choices":[{"not_picked":["Tempest","Reinforced Body"],"picked":"White Noise","floor":1.0},{"not_picked":["Barrage","Hello World"],"picked":"Rebound","floor":3.0},{"not_picked":["Steam","Aggregate"],"picked":"Auto Shields","floor":4.0},{"not_picked":["Sweeping Beam","Melter"],"picked":"Doom and Gloom","floor":8.0},{"not_picked":["Lockon","Thunder Strike"],"picked":"Sweeping Beam","floor":10.0},{"not_picked":["Compile Driver","Beam Cell"],"picked":"Hologram","floor":11.0},{"not_picked":["Chaos","Rebound"],"picked":"Genetic Algorithm","floor":13.0},{"not_picked":["Fusion","Go for the Eyes"],"picked":"Loop+1","floor":14.0},{"not_picked":["All For One","Multi-Cast"],"picked":"Buffer+1","floor":16.0},{"not_picked":["Compile Driver","Auto Shields"],"picked":"Turbo","floor":18.0}],"player_experience":1255780,"relics_obtained":[{"floor":8.0,"key":"Pantograph"},{"floor":9.0,"key":"Frozen Egg 2"},{"floor":10.0,"key":"Smiling Mask"}],"event_choices":[{"damage_healed":0.0,"max_hp_gain":0.0,"max_hp_loss":0.0,"gold_gain":0.0,"event_name":"Scrap Ooze","player_choice":"Success","floor":5.0,"gold_loss":0.0,"damage_taken":11.0,"relics_obtained":["The Courier"]},{"cards_removed":["Strike_B"],"damage_healed":0.0,"max_hp_gain":0.0,"max_hp_loss":0.0,"gold_gain":0.0,"event_name":"Golden Wing","player_choice":"Card Removal","floor":7.0,"gold_loss":0.0,"damage_taken":7.0},{"cards_removed":["Hyperbeam"],"damage_healed":0,"gold_gain":0,"player_choice":"Elegance","damage_taken":0,"max_hp_gain":0,"max_hp_loss":0,"event_name":"Back to Basics","floor":19,"gold_loss":0},{"damage_healed":0,"gold_gain":0,"player_choice":"Fought Bandits","damage_taken":0,"max_hp_gain":0,"max_hp_loss":0,"event_name":"Masked Bandits","floor":20,"gold_loss":0}],"is_beta":false,"boss_relics":[{"not_picked":["FrozenCore","Velvet Choker"],"picked":"Pandora\u0027s Box"}],"items_purged_floors":[],"is_endless":false,"potions_floor_spawned":[1,4,8,14,16,18],"killed_by":"Masked Bandits","ascension_level":18}