{"gold_per_floor":[115,16,32,207,108,133,220,232,317,329,395,60,60,79,79,174,174,114,19,38,38,113,113,113],"floor_reached":24,"playtime":2301,"items_purged":[],"score":197,"play_id":"3d802a42-1de6-4ff7-987a-44ceaf3ede23","local_time":"20190910164757","is_ascension_mode":true,"campfire_choices":[{"floor":8,"key":"REST"},{"floor":10,"key":"REST"},{"data":"Creative AI","floor":15,"key":"SMITH"},{"floor":23,"key":"REST"}],"neow_cost":"NONE","seed_source_timestamp":9498810788762,"circlet_count":0,"master_deck":["Strike_B","Strike_B","Strike_B","Strike_B","Defend_B","Defend_B","Defend_B","Defend_B","Zap","Dualcast","Creative AI+1","Genetic Algorithm","Gash","Hologram","Consume","Doubt","Capacitor","Stack","Amplify","Coolheaded","Hello World","Hologram","Biased Cognition","Coolheaded","Defragment","Steam","Beam Cell+1"],"relics":["Cracked Core","MawBank","Mercury Hourglass","Happy Flower","Symbiotic Virus","Black Star"],"potions_floor_usage":[],"damage_taken":[{"damage":4,"enemies":"2 Louse","floor":1,"turns":4},{"damage":6,"enemies":"Jaw Worm","floor":3,"turns":3},{"damage":50,"enemies":"Lagavulin","floor":6,"turns":9},{"damage":4,"enemies":"Small Slimes","floor":14,"turns":3},{"damage":54,"enemies":"The Guardian","floor":16,"turns":11},{"damage":35,"enemies":"2 Thieves","floor":18,"turns":4},{"damage":0,"enemies":"Spheric Guardian","floor":20,"turns":4},{"damage":63,"enemies":"Gremlin Leader","floor":24,"turns":6}],"seed_played":"-2530709021703705968","potions_obtained":[{"floor":1,"key":"Swift Potion"},{"floor":6,"key":"Poison Potion"}],"is_trial":false,"path_per_floor":["M","$","M","?","$","E","?","R","T","R","T","$","?","M","R","B",null,"M","$","M","?","?","R","E"],"character_chosen":"DEFECT","items_purchased":["Gash","Hologram","Capacitor","Stack","Coolheaded","Symbiotic Virus","Hello World","Defragment","Steam"],"campfire_rested":3,"item_purchase_floors":[2,2,5,5,12,12,12,19,19],"current_hp_per_floor":[71,71,65,65,65,15,4,26,26,48,48,48,73,69,69,15,75,40,40,40,40,33,55,0],"gold":113,"neow_bonus":"ONE_RANDOM_RARE_CARD","is_prod":false,"is_daily":false,"chose_seed":false,"campfire_upgraded":1,"win_rate":0,"timestamp":1568144877,"path_taken":["M","$","M","?","$","E","?","R","T","R","?","$","?","M","R","BOSS","M","$","M","?","?","R","E"],"build_version":"2019-07-17","purchased_purges":0,"victory":false,"max_hp_per_floor":[75,75,75,75,75,75,75,75,75,75,75,75,75,75,75,75,75,75,75,75,75,75,75,75],"card_choices":[{"not_picked":["Leap","Go for the Eyes"],"picked":"Genetic Algorithm","floor":1},{"not_picked":["Rebound","Cold Snap"],"picked":"Consume","floor":3},{"not_picked":["Turbo","Compile Driver"],"picked":"Amplify","floor":6},{"not_picked":["Aggregate","Blizzard"],"picked":"Hologram","floor":14},{"not_picked":["Core Surge","Electrodynamics"],"picked":"Biased Cognition","floor":16},{"not_picked":["Ball Lightning","Rebound"],"picked":"Coolheaded","floor":18},{"not_picked":["Compile Driver+1","Fission"],"picked":"Beam Cell+1","floor":20}],"player_experience":89546,"relics_obtained":[{"floor":6,"key":"MawBank"},{"floor":9,"key":"Mercury Hourglass"},{"floor":11,"key":"Happy Flower"}],"event_choices":[{"damage_healed":0,"gold_gain":175,"player_choice":"AGREE","damage_taken":0,"max_hp_gain":0,"max_hp_loss":0,"event_name":"Liars Game","floor":4,"gold_loss":0,"cards_obtained":["Doubt"]},{"damage_healed":0,"gold_gain":75,"player_choice":"Gather Gold","damage_taken":11,"max_hp_gain":0,"max_hp_loss":0,"event_name":"World of Goop","floor":7,"gold_loss":0},{"damage_healed":25,"gold_gain":0,"player_choice":"Banana","damage_taken":0,"max_hp_gain":0,"max_hp_loss":0,"event_name":"Big Fish","floor":13,"gold_loss":0},{"damage_healed":0,"gold_gain":0,"player_choice":"Ignored","damage_taken":0,"max_hp_gain":0,"max_hp_loss":0,"event_name":"Vampires","floor":21,"gold_loss":0},{"damage_healed":0,"gold_gain":75,"player_choice":"Touch","damage_taken":7,"max_hp_gain":0,"max_hp_loss":0,"event_name":"FaceTrader","floor":22,"gold_loss":0}],"is_beta":false,"boss_relics":[{"not_picked":["Cursed Key","Eternal Feather"],"picked":"Black Star"}],"items_purged_floors":[],"is_endless":false,"potions_floor_spawned":[1,6],"killed_by":"Gremlin Leader","ascension_level":1}