{"gold_per_floor":[113,133,151,170,170,170,199,214,286,286,317,317,317,347,347,347],"floor_reached":16,"playtime":829,"items_purged":[],"score":240,"play_id":"027aa4d8-3474-4759-9985-185d6b06d1ab","local_time":"20190107112134","is_ascension_mode":true,"campfire_choices":[{"data":"Backstab","floor":6.0,"key":"SMITH"},{"floor":10.0,"key":"REST"},{"floor":12,"key":"REST"},{"data":"Dagger Spray","floor":15,"key":"SMITH"}],"neow_cost":"NONE","seed_source_timestamp":1072838268494118,"circlet_count":0,"master_deck":["AscendersBane","Defend_G","Defend_G","Defend_G","Defend_G","Defend_G","Strike_G","Strike_G","Strike_G","Strike_G","Survivor","Neutralize+1","Underhanded Strike","Quick Slash","Backstab+1","Slice","Backflip","Dagger Spray+1","Unload","Parasite","Deadly Poison"],"special_seed":0,"relics":["Ring of the Snake","Sundial","Turnip","Art of War"],"potions_floor_usage":[11,11,16],"damage_taken":[{"damage":0.0,"enemies":"Jaw Worm","floor":1.0,"turns":6.0},{"damage":0.0,"enemies":"2 Louse","floor":2.0,"turns":3.0},{"damage":0.0,"enemies":"Cultist","floor":3.0,"turns":3.0},{"damage":6.0,"enemies":"Looter","floor":4.0,"turns":4.0},{"damage":28.0,"enemies":"Gremlin Nob","floor":7.0,"turns":4.0},{"damage":2.0,"enemies":"Red Slaver","floor":8.0,"turns":3.0},{"damage":30,"enemies":"Lagavulin","floor":11,"turns":7},{"damage":7,"enemies":"3 Sentries","floor":14,"turns":8},{"damage":40,"enemies":"Slime Boss","floor":16,"turns":6}],"seed_played":"1964010617678646949","potions_obtained":[{"floor":3.0,"key":"Strength Potion"},{"floor":4.0,"key":"SpeedPotion"},{"floor":8.0,"key":"GamblersBrew"},{"floor":14,"key":"Poison Potion"}],"is_trial":false,"path_per_floor":["M","M","M","M","?","R","E","M","T","R","E","R","?","E","R","B"],"character_chosen":"THE_SILENT","items_purchased":[],"campfire_rested":2,"item_purchase_floors":[],"current_hp_per_floor":[59,59,59,53,53,53,25,23,23,42,12,31,47,40,40,0],"gold":347,"neow_bonus":"TRANSFORM_CARD","is_prod":false,"is_daily":false,"chose_seed":false,"campfire_upgraded":2,"win_rate":0,"timestamp":1546878094,"path_taken":["M","M","M","M","?","R","E","M","T","R","E","R","?","E","R","BOSS"],"build_version":"2019-01-03v4","purchased_purges":0,"victory":false,"max_hp_per_floor":[66,66,66,66,66,66,66,66,66,66,66,66,66,66,66,66],"card_choices":[{"not_picked":["Slice","Blade Dance"],"picked":"Quick Slash","floor":1.0},{"not_picked":["Backflip","Heel Hook","Outmaneuver"],"picked":"SKIP","floor":2.0},{"not_picked":["Backflip","Leg Sweep"],"picked":"Backstab","floor":3.0},{"not_picked":["Grand Finale","Deflect"],"picked":"Slice","floor":4.0},{"not_picked":["Outmaneuver","Bouncing Flask"],"picked":"Backflip","floor":7.0},{"not_picked":["Heel Hook","Tools of the Trade"],"picked":"Dagger Spray","floor":8.0},{"not_picked":["Concentrate","Underhanded Strike"],"picked":"Unload","floor":11},{"not_picked":["Cloak And Dagger","Slice"],"picked":"Deadly Poison","floor":14}],"player_experience":1169392,"relics_obtained":[{"floor":7.0,"key":"Sundial"},{"floor":11,"key":"Turnip"},{"floor":14,"key":"Art of War"}],"event_choices":[{"damage_healed":0.0,"max_hp_gain":0.0,"max_hp_loss":0.0,"gold_gain":0.0,"event_name":"Living Wall","player_choice":"Grow","floor":5.0,"gold_loss":0.0,"damage_taken":0.0,"cards_upgraded":["Neutralize"]},{"damage_healed":16,"gold_gain":0,"player_choice":"Healed and dodged fight","damage_taken":0,"max_hp_gain":0,"max_hp_loss":0,"event_name":"Mushrooms","floor":13,"gold_loss":0,"cards_obtained":["Parasite"]}],"is_beta":false,"boss_relics":[],"items_purged_floors":[],"is_endless":false,"potions_floor_spawned":[3,4,8,14],"killed_by":"Slime Boss","ascension_level":20}