{"path_per_floor":["M","M","$","M","M","R","M","R","T","M","M","?","?","M","R","B",null,"M","$","?","M","M","R"],"character_chosen":"IRONCLAD","items_purchased":["Ghostly Armor","Bag of Marbles","Metallicize","Heavy Blade","Havoc"],"gold_per_floor":[363,375,73,89,103,103,113,113,136,147,164,239,239,251,251,350,350,366,213,213,224,244,244],"floor_reached":24,"campfire_rested":1,"playtime":1307,"current_hp_per_floor":[45,51,51,50,56,56,58,80,80,80,78,67,67,68,68,36,80,68,68,68,67,55,65],"items_purged":["Defend_R"],"gold":244,"score":192,"play_id":"3e0540cd-8435-4f71-8a52-bec18a88491d","local_time":"20180321122956","is_prod":false,"is_daily":false,"is_ascension_mode":false,"campfire_upgraded":3,"timestamp":1521649796,"path_taken":["M","M","$","M","?","R","M","R","T","M","M","?","?","M","R","BOSS","M","?","?","M","?","R","E"],"build_version":"2018-03-15v3","purchased_purges":3,"victory":false,"master_deck":["Strike_R","Strike_R","Strike_R","Strike_R","Strike_R","Defend_R","Defend_R","Defend_R","Bash","Sever Soul","True Grit","Ghostly Armor","Clash","Iron Wave+1","Juggernaut+1","Flame Barrier","Feel No Pain+1","Shrug It Off","Impervious","Flex+1","Metallicize","Heavy Blade","Havoc","Armaments+1","Entrench","Sword Boomerang+1"],"max_hp_per_floor":[80,80,80,80,80,80,80,80,80,80,80,80,80,80,80,80,80,80,80,80,80,80,80],"relics":["Burning Blood","Bag of Marbles","Regal Pillow","Eternal Feather"],"card_choices":[{"not_picked":["Evolve","Twin Strike"],"picked":"Sever Soul"},{"not_picked":["Cleave","Shockwave"],"picked":"True Grit"},{"not_picked":["Wild Strike","Sever Soul"],"picked":"Clash"},{"not_picked":["Combust","Clash"],"picked":"Iron Wave"},{"not_picked":["Second Wind","Thunderclap"],"picked":"Juggernaut"},{"not_picked":["Battle Trance","Carnage"],"picked":"Flame Barrier"},{"not_picked":["Anger","Flex"],"picked":"Feel No Pain"},{"not_picked":["Clash","Thunderclap"],"picked":"Shrug It Off"},{"not_picked":["Bludgeon","Reaper"],"picked":"Impervious"},{"not_picked":["Warcry","Combust"],"picked":"Flex"},{"not_picked":["Havoc","Blood for Blood"],"picked":"Entrench"},{"not_picked":["Clash","Blood for Blood"],"picked":"Sword Boomerang"}],"player_experience":52491,"potions_floor_usage":[16,16,16,22,24,24],"damage_taken":[{"damage":1,"enemies":"Cultist","floor":1,"turns":3},{"damage":0,"enemies":"2 Louse","floor":2,"turns":2},{"damage":7,"enemies":"Small Slimes","floor":4,"turns":3},{"damage":0,"enemies":"Looter","floor":5,"turns":3},{"damage":4,"enemies":"2 Fungi Beasts","floor":7,"turns":4},{"damage":1,"enemies":"Lots of Slimes","floor":10,"turns":4},{"damage":8,"enemies":"3 Louse","floor":11,"turns":4},{"damage":5,"enemies":"Looter","floor":14,"turns":4},{"damage":38,"enemies":"Hexaghost","floor":16,"turns":10},{"damage":18,"enemies":"Chosen","floor":18,"turns":6},{"damage":7,"enemies":"Shell Parasite","floor":21,"turns":6},{"damage":18,"enemies":"Chosen and Byrds","floor":22,"turns":6},{"damage":83,"enemies":"Gremlin Leader","floor":24,"turns":6}],"event_choices":[{"event_name":"World of Goop","player_choice":"Gather Gold","floor":12,"damage_taken":0},{"event_name":"Living Wall","player_choice":"Grow","floor":13,"damage_taken":0},{"event_name":"The Library","player_choice":"Read","floor":20,"damage_taken":0}],"boss_relics":[{"not_picked":["Mark of Pain","Philosopher\u0027s Stone"],"picked":"Eternal Feather"}],"potions_floor_spawned":[1,2,11,16,18,21],"seed_played":"3317214314723430481","killed_by":"Gremlin Leader","ascension_level":0,"is_trial":false}