{"gold_per_floor":[111,122,84,102,119,119,119,129,129,129,160,160,181,146,146,241,241,256,166,166,180,197,197,214,214],"floor_reached":25,"playtime":1230,"items_purged":[],"score":305,"play_id":"a7ec44ae-2f75-4729-9585-fa2a92c3e01a","local_time":"20190607075945","is_ascension_mode":true,"campfire_choices":[{"data":"Warcry","floor":6,"key":"SMITH"},{"data":"Flex","floor":10,"key":"SMITH"},{"floor":12,"key":"REST"},{"data":"Armaments","floor":15,"key":"SMITH"},{"data":"Demon Form","floor":23,"key":"SMITH"}],"neow_cost":"NONE","seed_source_timestamp":46111450330210,"circlet_count":0,"master_deck":["AscendersBane","Strike_R","Strike_R","Strike_R","Defend_R","Defend_R","Defend_R","Defend_R","Bash","Heavy Blade","Dual Wield","Flex+1","Warcry+1","Flame Barrier","Disarm+1","Armaments+1","Power Through","Demon Form","Shrug It Off","Demon Form+1","Shrug It Off+1"],"relics":["Burning Blood","Juzu Bracelet","Odd Mushroom","Cursed Key","Nloth\u0027s Gift"],"potions_floor_usage":[13,16,21,25],"damage_taken":[{"damage":3,"enemies":"2 Louse","floor":1,"turns":3},{"damage":0,"enemies":"Small Slimes","floor":2,"turns":3},{"damage":7,"enemies":"Jaw Worm","floor":4,"turns":3},{"damage":22,"enemies":"Looter","floor":5,"turns":3},{"damage":17,"enemies":"Red Slaver","floor":8,"turns":4},{"damage":41,"enemies":"Lagavulin","floor":11,"turns":8},{"damage":16,"enemies":"The Mushroom Lair","floor":13,"turns":6},{"damage":21,"enemies":"The Guardian","floor":16,"turns":13},{"damage":1,"enemies":"3 Byrds","floor":18,"turns":6},{"damage":26,"enemies":"Spheric Guardian","floor":21,"turns":6},{"damage":9,"enemies":"Snake Plant","floor":22,"turns":6},{"damage":33,"enemies":"Cultist and Chosen","floor":24,"turns":7},{"damage":45,"enemies":"Slavers","floor":25,"turns":3}],"seed_played":"8993141437311533391","potions_obtained":[{"floor":1,"key":"SteroidPotion"},{"floor":5,"key":"EssenceOfSteel"},{"floor":8,"key":"Fire Potion"},{"floor":24,"key":"Regen Potion"}],"is_trial":false,"path_per_floor":["M","M","?","M","M","R","?","M","T","R","E","R","?","?","R","B",null,"M","?","?","M","M","R","M","E"],"character_chosen":"IRONCLAD","items_purchased":[],"campfire_rested":1,"item_purchase_floors":[],"current_hp_per_floor":[83,88,88,87,71,71,71,60,60,60,25,51,41,63,63,48,78,83,83,83,63,60,60,33,0],"gold":214,"neow_bonus":"TEN_PERCENT_HP_BONUS","is_prod":false,"is_daily":false,"chose_seed":false,"campfire_upgraded":4,"win_rate":0,"timestamp":1559858385,"path_taken":["M","M","?","M","M","R","?","M","T","R","E","R","?","?","R","BOSS","M","?","?","M","M","R","M","E"],"build_version":"2019-01-23","purchased_purges":0,"victory":false,"max_hp_per_floor":[88,88,88,88,88,88,88,88,88,88,88,88,88,88,88,88,88,88,88,88,88,88,88,88,88],"card_choices":[{"not_picked":["Combust","True Grit"],"picked":"Heavy Blade","floor":1},{"not_picked":["Second Wind","Sentinel"],"picked":"Dual Wield","floor":2},{"not_picked":["Havoc","Anger"],"picked":"Flex","floor":4},{"not_picked":["Second Wind","Pummel"],"picked":"Warcry","floor":5},{"not_picked":["Twin Strike","Fire Breathing"],"picked":"Disarm","floor":8},{"not_picked":["Heavy Blade","Fire Breathing"],"picked":"Armaments","floor":11},{"not_picked":["Intimidate","Bloodletting"],"picked":"Power Through","floor":13},{"not_picked":["Immolate","Reaper"],"picked":"Demon Form","floor":16},{"not_picked":["Spot Weakness","Perfected Strike"],"picked":"Shrug It Off","floor":18},{"not_picked":["Perfected Strike+1","Sentinel","Clash"],"picked":"SKIP","floor":21},{"not_picked":["Reckless Charge","Rupture"],"picked":"Demon Form","floor":22},{"not_picked":["Entrench","True Grit"],"picked":"Shrug It Off+1","floor":24}],"player_experience":823990,"relics_obtained":[{"floor":9,"key":"Juzu Bracelet"},{"floor":11,"key":"Orichalcum"},{"floor":13,"key":"Odd Mushroom"}],"event_choices":[{"damage_healed":0,"gold_gain":0,"player_choice":"Left Gold","damage_taken":0,"max_hp_gain":0,"max_hp_loss":0,"event_name":"World of Goop","floor":3,"gold_loss":38},{"damage_healed":0,"gold_gain":0,"cards_transformed":["Strike_R"],"player_choice":"Change","damage_taken":0,"max_hp_gain":0,"max_hp_loss":0,"event_name":"Living Wall","floor":7,"gold_loss":0,"cards_obtained":["Flame Barrier"]},{"damage_healed":0,"gold_gain":0,"player_choice":"Fought Mushrooms","damage_taken":0,"max_hp_gain":0,"max_hp_loss":0,"event_name":"Mushrooms","floor":13,"gold_loss":0},{"damage_healed":22,"gold_gain":0,"player_choice":"Healed","damage_taken":0,"max_hp_gain":0,"max_hp_loss":0,"event_name":"The Cleric","floor":14,"gold_loss":35},{"cards_removed":["Strike_R"],"damage_healed":0,"gold_gain":0,"player_choice":"Upgrade and Remove","damage_taken":0,"max_hp_gain":0,"max_hp_loss":0,"event_name":"Designer","floor":19,"gold_loss":90,"cards_upgraded":["Disarm"]},{"damage_healed":0,"gold_gain":0,"player_choice":"Traded Relic","damage_taken":0,"relics_obtained":["Nloth\u0027s Gift"],"max_hp_gain":0,"max_hp_loss":0,"event_name":"N\u0027loth","floor":20,"relics_lost":["Orichalcum"],"gold_loss":0}],"is_beta":false,"boss_relics":[{"not_picked":["Pandora\u0027s Box","Black Star"],"picked":"Cursed Key"}],"items_purged_floors":[],"is_endless":false,"potions_floor_spawned":[1,5,8,11,24],"killed_by":"Slavers","ascension_level":10}