{"gold_per_floor":[113,131,144,160,175,188,188,188,188,227,251,294,294,10,10,134,134,152,152,167,182,206,206,225,225,270,270,285,326,44,65,65,188,188,208,208,229,248,55,55,98,112,135,135,159,172,190,190,190,190],"floor_reached":50,"playtime":1583,"items_purged":["Strike_R","Strike_R"],"score":787,"play_id":"b51a5c07-501b-4180-8294-0e3d64e49029","local_time":"20181202223831","is_ascension_mode":true,"campfire_choices":[{"data":"Flex","floor":8,"key":"SMITH"},{"floor":15,"key":"REST"},{"data":"Whirlwind","floor":23,"key":"SMITH"},{"floor":25,"key":"REST"},{"data":"Carnage","floor":27,"key":"SMITH"},{"data":"Seeing Red","floor":32,"key":"SMITH"},{"data":"Flex","floor":40,"key":"SMITH"},{"floor":44,"key":"REST"},{"floor":49,"key":"REST"}],"neow_cost":"NONE","seed_source_timestamp":12350868001322,"circlet_count":0,"master_deck":["AscendersBane","Strike_R","Strike_R","Strike_R","Defend_R","Defend_R","Defend_R","Defend_R","Bash","Carnage+1","Pummel+1","Cleave","Iron Wave","Flex+1","Shrug It Off","Double Tap","Whirlwind+1","Necronomicurse","Thunderclap","Seeing Red+1","Impervious","Discovery","Flex+1","Dropkick"],"relics":["Burning Blood","Golden Idol","Dodecahedron","Paper Frog","Strawberry","Membership Card","Bag of Marbles","Busted Crown","Necronomicon","Lantern","Red Mask","Tiny Chest","Torii","Sozu","Ornamental Fan","Kunai","Bag of Preparation"],"potions_floor_usage":[12,18,33,33,33,33],"damage_taken":[{"damage":1,"enemies":"Cultist","floor":1,"turns":4},{"damage":7,"enemies":"Small Slimes","floor":2,"turns":3},{"damage":1,"enemies":"2 Louse","floor":3,"turns":2},{"damage":6,"enemies":"Looter","floor":4,"turns":2},{"damage":13,"enemies":"3 Louse","floor":5,"turns":3},{"damage":28,"enemies":"Exordium Wildlife","floor":6,"turns":6},{"damage":8,"enemies":"Gremlin Nob","floor":10,"turns":3},{"damage":0,"enemies":"Looter","floor":11,"turns":1},{"damage":44,"enemies":"Lagavulin","floor":12,"turns":7},{"damage":53,"enemies":"The Guardian","floor":16,"turns":12},{"damage":26,"enemies":"2 Thieves","floor":18,"turns":4},{"damage":9,"enemies":"Shell Parasite","floor":20,"turns":3},{"damage":0,"enemies":"3 Cultists","floor":21,"turns":2},{"damage":0,"enemies":"Centurion and Healer","floor":22,"turns":3},{"damage":18,"enemies":"Snecko","floor":24,"turns":3},{"damage":11,"enemies":"Snake Plant","floor":28,"turns":2},{"damage":0,"enemies":"Masked Bandits","floor":29,"turns":1},{"damage":6,"enemies":"Sentry and Sphere","floor":31,"turns":3},{"damage":50,"enemies":"Automaton","floor":33,"turns":7},{"damage":3,"enemies":"3 Shapes","floor":35,"turns":1},{"damage":12,"enemies":"Orb Walker","floor":37,"turns":2},{"damage":0,"enemies":"Maw","floor":38,"turns":4},{"damage":54,"enemies":"Reptomancer","floor":41,"turns":4},{"damage":19,"enemies":"Transient","floor":42,"turns":5},{"damage":0,"enemies":"4 Shapes","floor":45,"turns":3},{"damage":0,"enemies":"Maw","floor":46,"turns":2},{"damage":0,"enemies":"Spire Growth","floor":47,"turns":2},{"damage":87,"enemies":"Awakened One","floor":50,"turns":7}],"seed_played":"-2298935774738649223","potions_obtained":[{"floor":1,"key":"LiquidBronze"},{"floor":3,"key":"SpeedPotion"},{"floor":5,"key":"Weak Potion"},{"floor":16,"key":"GamblersBrew"},{"floor":18,"key":"SmokeBomb"},{"floor":24,"key":"Energy Potion"},{"floor":28,"key":"EntropicBrew"}],"is_trial":false,"path_per_floor":["M","M","M","M","M","M","?","R","T","E","M","E","?","$","R","B",null,"M","?","M","M","M","R","M","R","T","R","M","?","$","M","R","B",null,"M","?","M","M","$","R","E","M","T","R","M","M","M","?","R","B"],"character_chosen":"IRONCLAD","items_purchased":["Membership Card","Bag of Marbles","Tiny Chest","Torii","Thunderclap","Seeing Red","Flex","Ornamental Fan"],"campfire_rested":4,"item_purchase_floors":[14,14,30,30,30,30,39,39],"current_hp_per_floor":[85,84,88,88,81,59,59,59,59,57,63,32,32,32,58,11,69,49,33,30,36,42,42,30,56,56,56,51,57,57,57,57,13,69,72,72,66,72,72,72,24,11,11,37,43,49,55,55,80,0],"gold":190,"neow_bonus":"TEN_PERCENT_HP_BONUS","is_prod":false,"is_daily":false,"chose_seed":false,"campfire_upgraded":5,"win_rate":0,"timestamp":1543808311,"path_taken":["M","M","M","M","M","M","?","R","T","E","M","E","?","$","R","BOSS","M","?","M","M","M","R","M","R","T","R","M","?","$","M","R","BOSS","M","?","M","M","$","R","E","M","T","R","M","M","M","?","R","BOSS"],"build_version":"2018-11-15","purchased_purges":2,"victory":false,"max_hp_per_floor":[88,88,88,88,88,88,81,81,81,81,81,88,88,88,88,88,88,88,88,88,88,88,88,88,88,88,88,88,88,88,88,88,88,88,88,88,88,88,88,88,88,88,88,88,88,88,88,84,84,84],"card_choices":[{"not_picked":["Feel No Pain","Intimidate"],"picked":"Carnage","floor":1},{"not_picked":["Clash","Wild Strike"],"picked":"Pummel","floor":2},{"not_picked":["Havoc","Shockwave"],"picked":"Cleave","floor":3},{"not_picked":["Power Through","Wild Strike","Clash"],"picked":"SKIP","floor":4},{"not_picked":["Burning Pact","Perfected Strike"],"picked":"Iron Wave","floor":5},{"not_picked":["Wild Strike","Warcry"],"picked":"Flex","floor":6},{"not_picked":["Carnage","Hemokinesis","Havoc"],"picked":"SKIP","floor":10},{"not_picked":["Inflame","Headbutt"],"picked":"Shrug It Off","floor":11},{"not_picked":["Armaments","Sentinel","Body Slam"],"picked":"SKIP","floor":12},{"not_picked":["Feed","Impervious"],"picked":"Double Tap","floor":16},{"not_picked":[],"picked":"Whirlwind","floor":18},{"not_picked":["Wild Strike"],"picked":"SKIP","floor":20},{"not_picked":["Rage"],"picked":"SKIP","floor":21},{"not_picked":["Metallicize"],"picked":"SKIP","floor":22},{"not_picked":["Anger"],"picked":"SKIP","floor":24},{"not_picked":["Clothesline"],"picked":"SKIP","floor":28},{"not_picked":["Clash"],"picked":"SKIP","floor":31},{"not_picked":[],"picked":"Impervious","floor":33},{"not_picked":["Disarm"],"picked":"SKIP","floor":35},{"not_picked":[],"picked":"Discovery","floor":36},{"not_picked":["Twin Strike"],"picked":"SKIP","floor":37},{"not_picked":["Shrug It Off"],"picked":"SKIP","floor":38},{"not_picked":[],"picked":"Dropkick","floor":41},{"not_picked":["Power Through"],"picked":"SKIP","floor":42},{"not_picked":["Thunderclap"],"picked":"SKIP","floor":45},{"not_picked":["Cleave"],"picked":"SKIP","floor":46},{"not_picked":["True Grit"],"picked":"SKIP","floor":47}],"player_experience":777433,"relics_obtained":[{"floor":9,"key":"Dodecahedron"},{"floor":10,"key":"Paper Frog"},{"floor":12,"key":"Strawberry"},{"floor":19,"key":"Necronomicon"},{"floor":26,"key":"Lantern"},{"floor":29,"key":"Red Mask"},{"floor":41,"key":"Kunai"},{"floor":43,"key":"Bag of Preparation"}],"event_choices":[{"damage_healed":0,"gold_gain":0,"player_choice":"Lose Max HP","damage_taken":0,"relics_obtained":["Golden Idol"],"max_hp_gain":0,"max_hp_loss":7,"event_name":"Golden Idol","floor":7,"gold_loss":0},{"damage_healed":0,"gold_gain":0,"player_choice":"Forge","damage_taken":0,"max_hp_gain":0,"max_hp_loss":0,"event_name":"Accursed Blacksmith","floor":13,"gold_loss":0,"cards_upgraded":["Pummel"]},{"damage_healed":0,"gold_gain":0,"player_choice":"Obtained Book","damage_taken":16,"max_hp_gain":0,"max_hp_loss":0,"event_name":"Cursed Tome","floor":19,"gold_loss":0},{"damage_healed":0,"gold_gain":0,"player_choice":"Fought Bandits","damage_taken":0,"max_hp_gain":0,"max_hp_loss":0,"event_name":"Masked Bandits","floor":29,"gold_loss":0},{"damage_healed":0,"gold_gain":0,"player_choice":"Memory 1","damage_taken":0,"max_hp_gain":0,"max_hp_loss":0,"event_name":"SensoryStone","floor":36,"gold_loss":0},{"damage_healed":0,"gold_gain":0,"player_choice":"Max HP","damage_taken":0,"max_hp_gain":0,"max_hp_loss":4,"event_name":"Winding Halls","floor":48,"gold_loss":0}],"is_beta":false,"boss_relics":[{"not_picked":["Snecko Eye","White Beast Statue"],"picked":"Busted Crown"},{"not_picked":["Eternal Feather","Velvet Choker"],"picked":"Sozu"}],"items_purged_floors":[30,39],"is_endless":false,"potions_floor_spawned":[1,3,5,10,16,18,24,28,29,35,37,41],"killed_by":"Awakened One","ascension_level":12}