{"gold_per_floor":[112,112,112,6,6,46,67,67,124,74,94,115,115,146,146,146],"floor_reached":16,"playtime":508,"items_purged":[],"score":219,"play_id":"f9d578bb-95a1-46a5-b217-c7566cb5496d","local_time":"20190705015127","is_ascension_mode":true,"campfire_choices":[{"data":"Capacitor","floor":8,"key":"SMITH"},{"data":"Coolheaded","floor":15,"key":"SMITH"}],"neow_cost":"NONE","seed_source_timestamp":18736515886561,"circlet_count":0,"master_deck":["AscendersBane","Strike_B","Strike_B","Defend_B","Defend_B","Defend_B","Defend_B","Zap","Dualcast","Capacitor+1","Conserve Battery","Ball Lightning","White Noise","Coolheaded+1","Leap","Compile Driver"],"relics":["Cracked Core","NeowsBlessing","Mummified Hand","Golden Idol","Ancient Tea Set","Anchor","Tiny Chest","Art of War"],"potions_floor_usage":[16,16],"damage_taken":[{"damage":0,"enemies":"2 Louse","floor":1,"turns":1},{"damage":0,"enemies":"Gremlin Nob","floor":6,"turns":1},{"damage":0,"enemies":"Small Slimes","floor":7,"turns":1},{"damage":0,"enemies":"Cultist","floor":11,"turns":2},{"damage":1,"enemies":"3 Louse","floor":12,"turns":4},{"damage":10,"enemies":"3 Sentries","floor":14,"turns":8},{"damage":38,"enemies":"Hexaghost","floor":16,"turns":14}],"seed_played":"-5121680705335023280","potions_obtained":[{"floor":7,"key":"Swift Potion"},{"floor":11,"key":"SneckoOil"}],"is_trial":false,"path_per_floor":["M","?","?","$","?","E","M","R","T","?","M","M","?","E","R","B"],"character_chosen":"DEFECT","items_purchased":["Capacitor","Conserve Battery"],"campfire_rested":0,"item_purchase_floors":[4,4],"current_hp_per_floor":[68,56,56,56,56,56,56,56,56,56,56,55,48,38,38,0],"gold":146,"neow_bonus":"THREE_ENEMY_KILL","is_prod":false,"is_daily":false,"chose_seed":false,"campfire_upgraded":2,"win_rate":0,"timestamp":1562255487,"path_taken":["M","?","?","$","?","E","?","R","T","?","M","M","?","E","R","BOSS"],"build_version":"2019-07-01","purchased_purges":0,"victory":false,"max_hp_per_floor":[75,75,69,69,69,69,69,69,69,69,69,69,69,69,69,69],"card_choices":[{"not_picked":["Redo","Stack"],"picked":"Chaos","floor":1},{"not_picked":["Reprogram","Reinforced Body"],"picked":"Ball Lightning","floor":6},{"not_picked":["Blizzard","Ball Lightning"],"picked":"White Noise","floor":7},{"not_picked":["Hello World","Capacitor"],"picked":"Coolheaded","floor":11},{"not_picked":["Conserve Battery","Compile Driver"],"picked":"Leap","floor":12},{"not_picked":["Steam","Reboot"],"picked":"Compile Driver","floor":14}],"player_experience":927975,"relics_obtained":[{"floor":6,"key":"Anchor"},{"floor":9,"key":"Tiny Chest"},{"floor":14,"key":"Art of War"}],"event_choices":[{"damage_healed":0,"gold_gain":0,"player_choice":"Success","damage_taken":12,"relics_obtained":["Mummified Hand"],"max_hp_gain":0,"max_hp_loss":0,"event_name":"Scrap Ooze","floor":2,"gold_loss":0},{"damage_healed":0,"gold_gain":0,"player_choice":"Lose Max HP","damage_taken":0,"relics_obtained":["Golden Idol"],"max_hp_gain":0,"max_hp_loss":6,"event_name":"Golden Idol","floor":3,"gold_loss":0},{"cards_removed":["Chaos"],"damage_healed":0,"gold_gain":0,"player_choice":"Gave Card","damage_taken":0,"relics_obtained":["Ancient Tea Set"],"max_hp_gain":0,"max_hp_loss":0,"event_name":"WeMeetAgain","floor":5,"gold_loss":0},{"cards_removed":["Strike_B"],"damage_healed":0,"gold_gain":0,"player_choice":"Card Removal","damage_taken":0,"max_hp_gain":0,"max_hp_loss":0,"event_name":"The Cleric","floor":10,"gold_loss":50},{"cards_removed":["Strike_B"],"damage_healed":0,"gold_gain":0,"player_choice":"Card Removal","damage_taken":7,"max_hp_gain":0,"max_hp_loss":0,"event_name":"Golden Wing","floor":13,"gold_loss":0}],"is_beta":false,"boss_relics":[],"items_purged_floors":[],"is_endless":false,"potions_floor_spawned":[7,11,12],"killed_by":"Hexaghost","ascension_level":13}