{"gold_per_floor":[109,109,129,148,29,63,76,76,76,86,86,120,135,149,149,252,252,268,278,278,295,310,310,324,16,16,16,48,48,48,61,61,158,158,172,183,183,183],"floor_reached":38,"playtime":1452,"items_purged":[],"score":451,"play_id":"26bbb5b5-fe65-4f86-a8dc-85053a4e3cd4","local_time":"20190912150341","is_ascension_mode":true,"campfire_choices":[{"data":"FlyingSleeves","floor":8.0,"key":"SMITH"},{"floor":11.0,"key":"REST"},{"data":"CrushJoints","floor":15.0,"key":"SMITH"},{"floor":23,"key":"REST"},{"floor":27,"key":"REST"},{"data":"Establishment","floor":30,"key":"SMITH"},{"floor":32,"key":"REST"}],"neow_cost":"NONE","seed_source_timestamp":14908581633622,"circlet_count":0,"master_deck":["Strike_P","Strike_P","Strike_P","Strike_P","Defend_P","Defend_P","Defend_P","Eruption","Vigilance","Conclude+1","FlyingSleeves+1","TalkToTheHand","Sanctity","EmptyMind","EmptyBody","FearNoEvil","CrushJoints+1","Protect","SpiritShield","Judgement","TalkToTheHand","JustLucky","FollowUp","ClearTheMind+1","Establishment+1","Consecrate+1","Decay","Devotion","ReachHeaven+1","EmptyBody+1","Perseverance+1","Blind"],"special_seed":0,"relics":["PureWater","Sundial","Boot","Darkstone Periapt","Ancient Tea Set","Cursed Key","Molten Egg 2","Smiling Mask","Omamori","VioletLotus"],"potions_floor_usage":[33,33,35],"damage_taken":[{"damage":19.0,"enemies":"Jaw Worm","floor":1.0,"turns":2.0},{"damage":1.0,"enemies":"Cultist","floor":3.0,"turns":3.0},{"damage":0.0,"enemies":"2 Louse","floor":4.0,"turns":1.0},{"damage":8.0,"enemies":"Gremlin Nob","floor":6.0,"turns":3.0},{"damage":0.0,"enemies":"Lots of Slimes","floor":7.0,"turns":1.0},{"damage":7.0,"enemies":"Red Slaver","floor":10.0,"turns":2.0},{"damage":11.0,"enemies":"3 Sentries","floor":12.0,"turns":4.0},{"damage":0.0,"enemies":"Looter","floor":13.0,"turns":1.0},{"damage":3.0,"enemies":"Blue Slaver","floor":14.0,"turns":3.0},{"damage":30.0,"enemies":"The Guardian","floor":16.0,"turns":9.0},{"damage":0.0,"enemies":"Shell Parasite","floor":18.0,"turns":2.0},{"damage":0.0,"enemies":"Spheric Guardian","floor":19.0,"turns":2.0},{"damage":15.0,"enemies":"Shelled Parasite and Fungi","floor":21.0,"turns":5.0},{"damage":21,"enemies":"Snake Plant","floor":22,"turns":5},{"damage":18,"enemies":"Centurion and Healer","floor":24,"turns":3},{"damage":49,"enemies":"Book of Stabbing","floor":28,"turns":7},{"damage":3,"enemies":"Cultist and Chosen","floor":31,"turns":3},{"damage":9,"enemies":"Champ","floor":33,"turns":10},{"damage":65,"enemies":"3 Darklings","floor":35,"turns":5},{"damage":5,"enemies":"3 Shapes","floor":36,"turns":7},{"damage":10,"enemies":"3 Darklings","floor":38,"turns":1}],"seed_played":"6595056521785252408","potions_obtained":[{"floor":3.0,"key":"SteroidPotion"},{"floor":6.0,"key":"LiquidBronze"},{"floor":7.0,"key":"LiquidBronze"},{"floor":10.0,"key":"AttackPotion"},{"floor":12.0,"key":"LiquidBronze"},{"floor":21.0,"key":"Strength Potion"},{"floor":22,"key":"Dexterity Potion"}],"is_trial":false,"path_per_floor":["M","?","M","M","$","E","M","R","T","M","R","E","M","M","R","B",null,"M","M","?","M","M","R","M","$","T","R","E","?","R","M","R","B",null,"M","M","?","M"],"character_chosen":"WATCHER","items_purchased":["TalkToTheHand","Sanctity","Molten Egg 2","Consecrate+1"],"campfire_rested":4,"item_purchase_floors":[5,5,25,25],"current_hp_per_floor":[52,52,51,51,51,43,43,43,43,36,57,46,46,43,43,13,71,71,71,71,56,35,56,38,38,44,67,18,43,43,40,63,54,77,12,7,7,0],"gold":183,"neow_bonus":"TEN_PERCENT_HP_BONUS","is_prod":false,"is_daily":false,"chose_seed":false,"campfire_upgraded":3,"win_rate":0,"timestamp":1568264621,"path_taken":["M","?","M","M","$","E","M","R","T","M","R","E","?","M","R","BOSS","M","M","?","M","?","R","M","?","T","R","E","?","R","M","R","BOSS","M","M","?","M"],"build_version":"2019-09-10","purchased_purges":0,"victory":false,"max_hp_per_floor":[71,71,71,71,71,71,71,71,71,71,71,71,71,71,71,71,71,71,71,71,71,71,71,71,71,77,77,77,77,77,77,77,77,77,77,77,77,77],"card_choices":[{"not_picked":["EmptyFist","FollowUp"],"picked":"Conclude","floor":1.0},{"not_picked":["WindmillStrike","Vengeance"],"picked":"Conclude","floor":3.0},{"not_picked":["FollowUp","CutThroughFate"],"picked":"FlyingSleeves","floor":4.0},{"not_picked":["Tantrum","BowlingBash"],"picked":"EmptyMind","floor":6.0},{"not_picked":["EmptyFist","TalkToTheHand"],"picked":"EmptyBody","floor":7.0},{"not_picked":["Establishment","Adaptation"],"picked":"FearNoEvil","floor":10.0},{"not_picked":["Crescendo","Consecrate"],"picked":"CrushJoints","floor":12.0},{"not_picked":["Devotion","JustLucky"],"picked":"Protect","floor":13.0},{"not_picked":["Adaptation","Evaluate"],"picked":"SpiritShield","floor":14.0},{"not_picked":["Metaphysics","Pray"],"picked":"Judgement","floor":16.0},{"not_picked":["Perseverance","CleanseEvil"],"picked":"TalkToTheHand","floor":18.0},{"not_picked":["EmptyFist","WreathOfFlame"],"picked":"JustLucky","floor":19.0},{"not_picked":["CutThroughFate+1","SpiritShield"],"picked":"FollowUp","floor":21.0},{"not_picked":["Protect","CutThroughFate+1"],"picked":"ClearTheMind+1","floor":22},{"not_picked":["ThirdEye+1","Perseverance+1"],"picked":"Establishment","floor":24},{"not_picked":["CrushJoints+1","JustLucky+1","EmptyMind"],"picked":"SKIP","floor":28},{"not_picked":["PathToVictory","Crescendo"],"picked":"Devotion","floor":31},{"not_picked":["Blasphemy","Nirvana"],"picked":"ReachHeaven+1","floor":33},{"not_picked":["Weave+1","CrushJoints+1"],"picked":"EmptyBody+1","floor":35},{"not_picked":["PathToVictory+1","WaveOfTheHand+1"],"picked":"Perseverance+1","floor":36},{"not_picked":["Magnetism","Master of Strategy"],"picked":"Blind","floor":37}],"player_experience":1310931,"relics_obtained":[{"floor":6.0,"key":"Boot"},{"floor":9.0,"key":"Darkstone Periapt"},{"floor":12.0,"key":"Ancient Tea Set"},{"floor":26,"key":"Smiling Mask"},{"floor":28,"key":"Omamori"}],"event_choices":[{"cards_removed":["Conclude"],"damage_healed":0.0,"max_hp_gain":0.0,"max_hp_loss":0.0,"gold_gain":0.0,"event_name":"WeMeetAgain","player_choice":"Gave Card","floor":2.0,"gold_loss":0.0,"damage_taken":0.0,"relics_obtained":["Sundial"]},{"cards_removed":["Defend_P"],"damage_healed":0.0,"max_hp_gain":0.0,"max_hp_loss":0.0,"gold_gain":0.0,"event_name":"Purifier","player_choice":"Purged","floor":20.0,"gold_loss":0.0,"damage_taken":0.0},{"damage_healed":25,"gold_gain":0,"player_choice":"Heal","damage_taken":0,"max_hp_gain":0,"max_hp_loss":0,"event_name":"The Library","floor":29,"gold_loss":0},{"damage_healed":0,"gold_gain":0,"player_choice":"Memory 1","damage_taken":0,"max_hp_gain":0,"max_hp_loss":0,"event_name":"SensoryStone","floor":37,"gold_loss":0}],"is_beta":true,"boss_relics":[{"not_picked":["Ectoplasm","SlaversCollar"],"picked":"Cursed Key"},{"not_picked":["Calling Bell","Empty Cage"],"picked":"VioletLotus"}],"items_purged_floors":[],"is_endless":false,"potions_floor_spawned":[3,6,7,10,12,16,21,22,28,31],"killed_by":"3 Darklings","ascension_level":2}