{"gold_per_floor":[115,115,115,19,35,60,60,91,91,101,101,114,26,26,26,130,130,149,149,163,19,39,39,39,39,88,88,88],"floor_reached":28,"playtime":2410,"items_purged":[],"score":274,"play_id":"2ccfcb7d-9286-49c6-964e-ba347df482f6","local_time":"20190913021100","is_ascension_mode":true,"campfire_choices":[{"floor":7.0,"key":"REST"},{"data":"Hello World","floor":11.0,"key":"SMITH"},{"floor":15.0,"key":"REST"},{"floor":23,"key":"REST"},{"floor":27,"key":"REST"}],"neow_cost":"NONE","seed_source_timestamp":48878093974471,"circlet_count":0,"master_deck":["Strike_B","Strike_B","Strike_B","Strike_B","Defend_B","Defend_B","Defend_B","Defend_B","Zap","Dualcast","Go for the Eyes","Leap","Capacitor","Stack","Hello World+1","Go for the Eyes","Recycle","Skim","Heatsinks+1","Ball Lightning","Creative AI+1","Conserve Battery","Hello World","Auto Shields","Decay"],"special_seed":0,"relics":["Cracked Core","Gambling Chip","Juzu Bracelet","Calipers","Nunchaku","Inserter","Bag of Preparation","Nloth\u0027s Gift","Centennial Puzzle"],"potions_floor_usage":[20,20],"damage_taken":[{"damage":0.0,"enemies":"Small Slimes","floor":1.0,"turns":1.0},{"damage":0.0,"enemies":"2 Louse","floor":5.0,"turns":1.0},{"damage":0.0,"enemies":"Gremlin Nob","floor":6.0,"turns":1.0},{"damage":14.0,"enemies":"3 Sentries","floor":8.0,"turns":7.0},{"damage":7.0,"enemies":"Jaw Worm","floor":10.0,"turns":4.0},{"damage":12.0,"enemies":"Exordium Thugs","floor":12.0,"turns":5.0},{"damage":36.0,"enemies":"The Guardian","floor":16.0,"turns":13.0},{"damage":7.0,"enemies":"Shell Parasite","floor":18.0,"turns":10.0},{"damage":26,"enemies":"3 Byrds","floor":20,"turns":6},{"damage":37,"enemies":"Snake Plant","floor":22,"turns":5},{"damage":59,"enemies":"3 Cultists","floor":28,"turns":5}],"seed_played":"-1485866763378630394","potions_obtained":[{"floor":5.0,"key":"Fire Potion"},{"floor":10.0,"key":"Poison Potion"},{"floor":16.0,"key":"SteroidPotion"},{"floor":18.0,"key":"Strength Potion"}],"is_trial":false,"path_per_floor":["M","?","?","$","M","E","R","E","T","M","R","M","$","?","R","B",null,"M","?","M","$","M","R","?","?","T","R","M"],"character_chosen":"DEFECT","items_purchased":["Leap","Capacitor","Heatsinks","Ball Lightning","Bag of Preparation"],"campfire_rested":4,"item_purchase_floors":[4,4,13,13,21],"current_hp_per_floor":[75,75,50,50,50,50,72,58,58,51,51,39,39,39,61,25,75,68,68,42,42,5,27,27,27,27,49,0],"gold":88,"neow_bonus":"THREE_ENEMY_KILL","is_prod":false,"is_daily":false,"chose_seed":false,"campfire_upgraded":1,"win_rate":0,"timestamp":1568351460,"path_taken":["M","?","?","$","?","E","R","E","T","M","R","M","$","?","R","BOSS","M","?","M","?","M","R","?","?","T","R","M"],"build_version":"2019-07-17","purchased_purges":0,"victory":false,"max_hp_per_floor":[75,75,75,75,75,75,75,75,75,75,75,75,75,75,75,75,75,75,75,75,75,75,75,75,75,75,75,75],"card_choices":[{"not_picked":["Leap","Sweeping Beam"],"picked":"Go for the Eyes","floor":1.0},{"not_picked":["Consume","Turbo"],"picked":"Stack","floor":5.0},{"not_picked":["Lockon","Ball Lightning"],"picked":"Hello World","floor":6.0},{"not_picked":["Blizzard","Rip and Tear"],"picked":"Go for the Eyes","floor":8.0},{"not_picked":["Chill","Cold Snap"],"picked":"Recycle","floor":10.0},{"not_picked":["Chill","Redo"],"picked":"Skim","floor":12.0},{"not_picked":["Thunder Strike","Echo Form"],"picked":"Creative AI","floor":16.0},{"not_picked":["Coolheaded","Stack"],"picked":"Conserve Battery","floor":18.0},{"not_picked":["Stack+1","Cold Snap+1"],"picked":"Hello World","floor":20},{"not_picked":["Turbo+1","Coolheaded"],"picked":"Auto Shields","floor":22}],"player_experience":188406,"relics_obtained":[{"floor":6.0,"key":"Juzu Bracelet"},{"floor":8.0,"key":"Calipers"},{"floor":9.0,"key":"Nunchaku"},{"floor":26,"key":"Centennial Puzzle"}],"event_choices":[{"damage_healed":0.0,"max_hp_gain":0.0,"max_hp_loss":0.0,"gold_gain":0.0,"event_name":"Golden Idol","player_choice":"Ignored","floor":2.0,"gold_loss":0.0,"damage_taken":0.0},{"damage_healed":0.0,"max_hp_gain":0.0,"max_hp_loss":0.0,"gold_gain":0.0,"event_name":"Scrap Ooze","player_choice":"Success","floor":3.0,"gold_loss":0.0,"damage_taken":25.0,"relics_obtained":["Gambling Chip"]},{"damage_healed":0.0,"max_hp_gain":0.0,"max_hp_loss":0.0,"gold_gain":0.0,"event_name":"Living Wall","player_choice":"Grow","floor":14.0,"gold_loss":0.0,"damage_taken":0.0,"cards_upgraded":["Heatsinks"]},{"damage_healed":0.0,"max_hp_gain":0.0,"max_hp_loss":0.0,"gold_gain":0.0,"event_name":"Upgrade Shrine","player_choice":"Upgraded","floor":19.0,"gold_loss":0.0,"damage_taken":0.0,"cards_upgraded":["Creative AI"]},{"damage_healed":0,"gold_gain":0,"player_choice":"Traded Relic","damage_taken":0,"relics_obtained":["Nloth\u0027s Gift"],"max_hp_gain":0,"max_hp_loss":0,"event_name":"N\u0027loth","floor":24,"relics_lost":["NeowsBlessing"],"gold_loss":0},{"damage_healed":0,"gold_gain":0,"player_choice":"Smashed Altar","damage_taken":0,"max_hp_gain":0,"max_hp_loss":0,"event_name":"Forgotten Altar","floor":25,"gold_loss":0,"cards_obtained":["Decay"]}],"is_beta":false,"boss_relics":[{"not_picked":["Ectoplasm","Velvet Choker"],"picked":"Inserter"}],"items_purged_floors":[],"is_endless":false,"potions_floor_spawned":[5,10,16,18],"killed_by":"3 Cultists","ascension_level":2}