{"gold_per_floor":[213,288,114,125,125,125,159,159,182,198,209,220,239,50,50,151,151,162,12,22,40,139,139,139],"floor_reached":24,"playtime":1798,"items_purged":["Strike_G","Strike_G"],"score":267,"play_id":"d8cc57f7-31e8-47af-be86-2bd3609abe3e","local_time":"20180812123848","is_ascension_mode":true,"campfire_choices":[{"data":"Survivor","floor":6,"key":"SMITH"},{"floor":8,"key":"REST"},{"floor":15,"key":"REST"},{"floor":23,"key":"REST"}],"neow_cost":"NONE","seed_source_timestamp":2740197196645106,"circlet_count":0,"master_deck":["Defend_G","Defend_G","Defend_G","Defend_G","Defend_G","Strike_G","Strike_G+1","Strike_G","Survivor+1","Neutralize","Infinite Blades","Cloak And Dagger+1","Underhanded Strike+1","Tactician","Envenom","Distraction","Dodge and Roll","Bane","Leg Sweep","Flash of Steel","Unload","Prepared","Blade Dance"],"relics":["Ring of the Snake","Bottled Lightning","Whetstone","WristBlade","Snake Skull"],"potions_floor_usage":[7,16,16,21,24],"damage_taken":[{"damage":5,"enemies":"Small Slimes","floor":1,"turns":5},{"damage":2,"enemies":"Jaw Worm","floor":4,"turns":5},{"damage":16,"enemies":"Gremlin Nob","floor":7,"turns":4},{"damage":0,"enemies":"Cultist","floor":10,"turns":3},{"damage":4,"enemies":"Gremlin Gang","floor":11,"turns":5},{"damage":7,"enemies":"Exordium Wildlife","floor":12,"turns":6},{"damage":6,"enemies":"3 Louse","floor":13,"turns":4},{"damage":33,"enemies":"Slime Boss","floor":16,"turns":11},{"damage":12,"enemies":"3 Byrds","floor":18,"turns":7},{"damage":9,"enemies":"Shell Parasite","floor":20,"turns":6},{"damage":18,"enemies":"Cultist and Chosen","floor":21,"turns":7},{"damage":43,"enemies":"Book of Stabbing","floor":24,"turns":4}],"seed_played":"6172967447459401597","potions_obtained":[{"floor":4,"key":"Strength Potion"},{"floor":12,"key":"Fire Potion"},{"floor":13,"key":"AttackPotion"},{"floor":16,"key":"Swift Potion"},{"floor":18,"key":"GhostInAJar"}],"is_trial":false,"path_per_floor":["M","?","$","M","?","R","E","R","T","M","M","M","M","$","R","B",null,"M","$","M","M","?","R"],"character_chosen":"THE_SILENT","items_purchased":["Cloak And Dagger","Underhanded Strike","Flash of Steel","Snake Skull"],"campfire_rested":3,"item_purchase_floors":[3,3,14,19],"current_hp_per_floor":[58,47,47,45,45,45,29,50,50,50,46,39,33,33,54,21,58,46,46,37,19,19,40,0],"gold":139,"neow_bonus":"HUNDRED_GOLD","is_prod":false,"is_daily":false,"chose_seed":false,"campfire_upgraded":1,"win_rate":0,"timestamp":1534091928,"path_taken":["M","?","$","?","?","R","E","R","T","?","M","M","M","$","R","BOSS","M","$","M","M","?","R","E"],"build_version":"2018-08-09","purchased_purges":2,"victory":false,"max_hp_per_floor":[70,70,70,70,70,70,70,70,70,70,70,70,70,70,70,70,70,70,70,70,70,70,70,70],"card_choices":[{"not_picked":["Dagger Throw","Prepared"],"picked":"Infinite Blades","floor":1},{"not_picked":["Underhanded Strike","Bane"],"picked":"Tactician","floor":4},{"not_picked":["Masterful Stab","Bane"],"picked":"Envenom","floor":7},{"not_picked":["Backflip","Poisoned Stab"],"picked":"Distraction","floor":10},{"not_picked":["Outmaneuver","Finisher"],"picked":"Dodge and Roll","floor":11},{"not_picked":["Dodge and Roll","Choke"],"picked":"Bane","floor":12},{"not_picked":["Blur","Backflip"],"picked":"Leg Sweep","floor":13},{"not_picked":["Wraith Form v2","Adrenaline"],"picked":"Unload","floor":16},{"not_picked":["Dodge and Roll","Sucker Punch"],"picked":"Prepared","floor":18},{"not_picked":["Well Laid Plans","Outmaneuver","Distraction"],"picked":"SKIP","floor":20},{"not_picked":["Flechettes","PiercingWail"],"picked":"Blade Dance","floor":21}],"player_experience":414185,"relics_obtained":[{"floor":7,"key":"Bottled Lightning"},{"floor":9,"key":"Whetstone"}],"event_choices":[{"event_name":"World of Goop","player_choice":"Gather Gold","floor":2,"damage_taken":0},{"event_name":"Accursed Blacksmith","player_choice":"Forge","floor":5,"damage_taken":0},{"event_name":"Nest","player_choice":"Stole From Cult","floor":22,"damage_taken":0}],"is_beta":false,"boss_relics":[{"not_picked":["Fusion Hammer","Cursed Key"],"picked":"WristBlade"}],"items_purged_floors":[3,14],"is_endless":false,"potions_floor_spawned":[4,12,13,16,18],"killed_by":"Book of Stabbing","ascension_level":7}