{"gold_per_floor":[116,116,166,186,26,26,40,65,91,91,123,136,136],"floor_reached":13,"playtime":496,"items_purged":[],"score":192,"play_id":"84661cea-e728-4a55-be01-812382cc8302","local_time":"20190804170347","is_ascension_mode":true,"campfire_choices":[{"data":"Bouncing Flask","floor":6,"key":"SMITH"},{"data":"Neutralize","floor":10,"key":"SMITH"}],"neow_cost":"NONE","seed_source_timestamp":6394026755033,"circlet_count":0,"master_deck":["AscendersBane","Strike_G","Strike_G","Strike_G","Strike_G","Strike_G","Defend_G","Defend_G","Defend_G","Defend_G","Defend_G","Survivor","Neutralize+1","Quick Slash","Bouncing Flask+1","Deadly Poison","Tools of the Trade","Sucker Punch","Bane"],"relics":["Ring of the Snake","Boot","Potion Belt","Mango","Bronze Scales","Art of War"],"potions_floor_usage":[8,12,13,13],"damage_taken":[{"damage":2,"enemies":"Small Slimes","floor":1,"turns":4},{"damage":3,"enemies":"Jaw Worm","floor":4,"turns":4},{"damage":0,"enemies":"Cultist","floor":7,"turns":3},{"damage":10,"enemies":"Lagavulin","floor":8,"turns":7},{"damage":25,"enemies":"Gremlin Nob","floor":11,"turns":4},{"damage":12,"enemies":"Exordium Thugs","floor":12,"turns":3},{"damage":10,"enemies":"3 Sentries","floor":13,"turns":2}],"seed_played":"-141971599528079310","potions_obtained":[{"floor":1,"key":"Weak Potion"},{"floor":7,"key":"Explosive Potion"},{"floor":11,"key":"AttackPotion"},{"floor":12,"key":"LiquidBronze"}],"is_trial":false,"path_per_floor":["M","?","?","M","$","R","M","E","T","R","E","M","E"],"character_chosen":"THE_SILENT","items_purchased":["Potion Belt"],"campfire_rested":0,"item_purchase_floors":[5],"current_hp_per_floor":[63,52,45,42,42,42,42,46,46,46,21,9,0],"gold":136,"neow_bonus":"TEN_PERCENT_HP_BONUS","is_prod":false,"is_daily":false,"chose_seed":false,"campfire_upgraded":2,"win_rate":0,"timestamp":1564902227,"path_taken":["M","?","?","?","?","R","M","E","T","R","E","M","E"],"build_version":"2019-07-17","purchased_purges":0,"victory":false,"max_hp_per_floor":[72,72,72,72,72,72,72,86,86,86,86,86,86],"card_choices":[{"not_picked":["Riddle With Holes","Setup"],"picked":"Quick Slash","floor":1},{"not_picked":["Endless Agony","Eviscerate"],"picked":"Bouncing Flask","floor":4},{"not_picked":["Tactician","Masterful Stab"],"picked":"Deadly Poison","floor":7},{"not_picked":["Calculated Gamble","Eviscerate"],"picked":"Tools of the Trade","floor":8},{"not_picked":["Prepared","Calculated Gamble"],"picked":"Sucker Punch","floor":11},{"not_picked":["Deflect","Reflex"],"picked":"Bane","floor":12}],"player_experience":1110848,"relics_obtained":[{"floor":8,"key":"Mango"},{"floor":9,"key":"Bronze Scales"},{"floor":11,"key":"Art of War"}],"event_choices":[{"damage_healed":0,"gold_gain":0,"player_choice":"Success","damage_taken":11,"relics_obtained":["Boot"],"max_hp_gain":0,"max_hp_loss":0,"event_name":"Scrap Ooze","floor":2,"gold_loss":0},{"damage_healed":0,"gold_gain":50,"player_choice":"Touch","damage_taken":7,"max_hp_gain":0,"max_hp_loss":0,"event_name":"FaceTrader","floor":3,"gold_loss":0}],"is_beta":false,"boss_relics":[],"items_purged_floors":[],"is_endless":false,"potions_floor_spawned":[1,7,11,12],"killed_by":"3 Sentries","ascension_level":16}