{"gold_per_floor":[365,375,84,84,84,84,116,73,150,175,185,11,11,46,46,117,117,129,129,129,329,340,340,340],"floor_reached":24,"playtime":860,"items_purged":["Doubt","Strike_G"],"score":424,"play_id":"56823682-7926-4542-ae72-94deb75c20a4","local_time":"20181228203354","is_ascension_mode":true,"campfire_choices":[{"floor":6.0,"key":"REST"},{"floor":13,"key":"REST"},{"data":"1","floor":15,"key":"LIFT"},{"data":"2","floor":23,"key":"LIFT"}],"neow_cost":"CURSE","seed_source_timestamp":673863154574955,"circlet_count":0,"master_deck":["AscendersBane","Defend_G","Defend_G","Defend_G+1","Defend_G","Defend_G+1","Survivor","Neutralize","Dagger Spray","Noxious Fumes","Riddle With Holes","All Out Attack","Blur","Footwork","Terror","Envenom","Bite","Bite","Bite","Bite","Bite"],"special_seed":0,"relics":["Ring of the Snake","TwistedFunnel","Vajra","Shuriken","Girya","Happy Flower","Sozu"],"potions_floor_usage":[7,14,16],"damage_taken":[{"damage":3.0,"enemies":"2 Louse","floor":1.0,"turns":3.0},{"damage":4.0,"enemies":"Small Slimes","floor":2.0,"turns":4.0},{"damage":30,"enemies":"Lagavulin","floor":7,"turns":9},{"damage":18,"enemies":"3 Sentries","floor":10,"turns":7},{"damage":0,"enemies":"Jaw Worm","floor":11,"turns":2},{"damage":1,"enemies":"Lagavulin","floor":14,"turns":5},{"damage":8,"enemies":"Hexaghost","floor":16,"turns":9},{"damage":0,"enemies":"Chosen","floor":18,"turns":5},{"damage":19,"enemies":"2 Thieves","floor":22,"turns":3},{"damage":31,"enemies":"Gremlin Leader","floor":24,"turns":4}],"seed_played":"4207525537034667532","potions_obtained":[{"floor":1.0,"key":"Explosive Potion"},{"floor":10,"key":"LiquidBronze"},{"floor":11,"key":"SteroidPotion"},{"floor":16,"key":"Poison Potion"}],"is_trial":false,"path_per_floor":["M","M","$","?","?","R","E","?","T","E","M","$","R","E","R","B",null,"M","?","?","?","M","R","E"],"character_chosen":"THE_SILENT","items_purchased":["TwistedFunnel","Footwork"],"campfire_rested":2,"item_purchase_floors":[3,12],"current_hp_per_floor":[56,52,52,52,32,51,21,21,21,3,3,3,22,21,21,13,53,53,35,35,35,22,22,0],"gold":340,"neow_bonus":"TWO_FIFTY_GOLD","is_prod":false,"is_daily":false,"chose_seed":false,"campfire_upgraded":0,"win_rate":0,"timestamp":1546047234,"path_taken":["M","M","$","?","?","R","E","?","T","E","M","$","R","E","R","BOSS","M","?","?","?","M","R","E"],"build_version":"2018-12-20","purchased_purges":2,"victory":false,"max_hp_per_floor":[66,66,66,66,66,66,66,66,66,66,66,66,66,66,66,66,66,66,71,49,49,49,49,49],"card_choices":[{"not_picked":["Footwork","Sucker Punch"],"picked":"Dagger Spray","floor":1.0},{"not_picked":["Dagger Throw","Cloak And Dagger"],"picked":"Noxious Fumes","floor":2.0},{"not_picked":["Backflip","Calculated Gamble"],"picked":"Riddle With Holes","floor":7},{"not_picked":["Dagger Throw","After Image"],"picked":"All Out Attack","floor":10},{"not_picked":["Poisoned Stab","Noxious Fumes"],"picked":"Blur","floor":11},{"not_picked":["Crippling Poison","Grand Finale"],"picked":"Terror","floor":14},{"not_picked":["Grand Finale","Bullet Time"],"picked":"Envenom","floor":16},{"not_picked":["Sucker Punch","PiercingWail","Poisoned Stab"],"picked":"SKIP","floor":18},{"not_picked":["Poisoned Stab","Dagger Throw","Deadly Poison"],"picked":"SKIP","floor":22}],"player_experience":1072141,"relics_obtained":[{"floor":7,"key":"Vajra"},{"floor":9,"key":"Shuriken"},{"floor":10,"key":"Girya"},{"floor":14,"key":"Happy Flower"}],"event_choices":[{"damage_healed":0.0,"max_hp_gain":0.0,"max_hp_loss":0.0,"gold_gain":0.0,"event_name":"Liars Game","player_choice":"Ignored","floor":4.0,"gold_loss":0.0,"damage_taken":0.0},{"damage_healed":0.0,"max_hp_gain":0.0,"max_hp_loss":0.0,"gold_gain":0.0,"event_name":"Shining Light","player_choice":"Entered Light","floor":5.0,"gold_loss":0.0,"damage_taken":20.0,"cards_upgraded":["Defend_G","Defend_G"]},{"damage_healed":0,"gold_gain":0,"player_choice":"Left Gold","damage_taken":0,"max_hp_gain":0,"max_hp_loss":0,"event_name":"World of Goop","floor":8,"gold_loss":43},{"damage_healed":0,"gold_gain":0,"player_choice":"Shed Blood","damage_taken":23,"max_hp_gain":5,"max_hp_loss":0,"event_name":"Forgotten Altar","floor":19,"gold_loss":0},{"damage_healed":0,"gold_gain":0,"player_choice":"Became a vampire","damage_taken":0,"max_hp_gain":0,"max_hp_loss":22,"event_name":"Vampires","floor":20,"gold_loss":0,"cards_obtained":["Bite","Bite","Bite","Bite","Bite"]},{"damage_healed":0,"gold_gain":200,"player_choice":"Gold","damage_taken":0,"max_hp_gain":0,"max_hp_loss":0,"event_name":"Wheel of Change","floor":21,"gold_loss":0}],"is_beta":false,"boss_relics":[{"not_picked":["White Beast Statue","Black Star"],"picked":"Sozu"}],"items_purged_floors":[3,12],"is_endless":false,"potions_floor_spawned":[1,10,11,16,22],"killed_by":"Gremlin Leader","ascension_level":18}