{"gold_per_floor":[117,292,392,403,420,420,420,438,489,516,516,532,12,27,27,98,98,98,98,98,98,98,98],"floor_reached":23,"playtime":1012,"items_purged":["Strike_G"],"score":335,"play_id":"b5de1e10-9485-4302-b245-259931cfb0b3","local_time":"20181220150022","is_ascension_mode":true,"campfire_choices":[{"data":"Underhanded Strike","floor":6.0,"key":"SMITH"},{"floor":11.0,"key":"RECALL"},{"data":"Skewer","floor":15.0,"key":"SMITH"}],"neow_cost":"NONE","seed_source_timestamp":0,"circlet_count":0,"master_deck":["AscendersBane","Defend_G","Defend_G","Defend_G","Defend_G+1","Defend_G","Strike_G","Strike_G","Strike_G","Strike_G","Survivor+1","Neutralize","Acrobatics","Underhanded Strike+1","Underhanded Strike","Die Die Die","Dodge and Roll","Skewer+1","Poisoned Stab","Corpse Explosion","Backflip","Underhanded Strike"],"special_seed":0,"relics":["Ring of the Snake","NeowsBlessing","Snake Skull","Vajra","War Paint","Pear","Ectoplasm"],"potions_floor_usage":[23,23],"damage_taken":[{"damage":0.0,"enemies":"Small Slimes","floor":1.0,"turns":1.0},{"damage":0.0,"enemies":"Cultist","floor":4.0,"turns":1.0},{"damage":0.0,"enemies":"2 Louse","floor":5.0,"turns":1.0},{"damage":6.0,"enemies":"Gremlin Gang","floor":8.0,"turns":5.0},{"damage":8.0,"enemies":"Gremlin Nob","floor":10.0,"turns":3.0},{"damage":0.0,"enemies":"2 Fungi Beasts","floor":12.0,"turns":2.0},{"damage":2.0,"enemies":"Looter","floor":14.0,"turns":3.0},{"damage":18.0,"enemies":"Slime Boss","floor":16.0,"turns":11.0},{"damage":0.0,"enemies":"3 Byrds","floor":18.0,"turns":3.0},{"damage":10.0,"enemies":"Chosen","floor":19.0,"turns":6.0},{"damage":19.0,"enemies":"Sentry and Sphere","floor":20.0,"turns":5.0},{"damage":6.0,"enemies":"Centurion and Healer","floor":21.0,"turns":6.0},{"damage":22,"enemies":"Snake Plant","floor":22,"turns":4},{"damage":9,"enemies":"Slavers","floor":23,"turns":1}],"seed_played":"3317895984379129623","potions_obtained":[{"floor":4.0,"key":"AttackPotion"},{"floor":8.0,"key":"FearPotion"},{"floor":10.0,"key":"PowerPotion"},{"floor":12.0,"key":"GamblersBrew"},{"floor":18.0,"key":"Strength Potion"},{"floor":19.0,"key":"Ancient Potion"}],"is_trial":false,"path_per_floor":["M","?","?","M","M","R","?","M","T","E","R","M","$","M","R","B",null,"M","M","M","M","M","E"],"character_chosen":"THE_SILENT","items_purchased":["War Paint","Skewer","Pear"],"campfire_rested":0,"item_purchase_floors":[13,13,13],"current_hp_per_floor":[59,59,59,59,59,59,59,53,53,45,45,45,55,53,53,35,66,66,56,37,31,9,0],"gold":98,"neow_bonus":"THREE_ENEMY_KILL","is_prod":false,"is_daily":false,"chose_seed":false,"campfire_upgraded":2,"win_rate":0,"timestamp":1545336022,"path_taken":["M","?","?","M","?","R","?","M","T","E","R","M","$","M","R","BOSS","M","M","M","M","?","E"],"build_version":"2018-12-13","purchased_purges":1,"victory":false,"max_hp_per_floor":[66,66,66,66,66,66,66,66,66,66,66,66,76,76,76,76,76,76,76,76,76,76,76],"card_choices":[{"not_picked":["Blade Dance","Infinite Blades"],"picked":"Acrobatics","floor":1.0},{"not_picked":["Blur","Prepared"],"picked":"Underhanded Strike","floor":4.0},{"not_picked":["Reflex","Expertise"],"picked":"Underhanded Strike","floor":5.0},{"not_picked":["Dagger Throw","Dodge and Roll"],"picked":"Die Die Die","floor":8.0},{"not_picked":["Backflip","Outmaneuver"],"picked":"Dodge and Roll","floor":10.0},{"not_picked":["Choke","All Out Attack","Deflect"],"picked":"SKIP","floor":12.0},{"not_picked":["Bane","Acrobatics"],"picked":"Poisoned Stab","floor":14.0},{"not_picked":["Venomology","Malaise"],"picked":"Corpse Explosion","floor":16.0},{"not_picked":["Dodge and Roll","Dash","Masterful Stab"],"picked":"SKIP","floor":18.0},{"not_picked":["Slice","Noxious Fumes"],"picked":"Backflip","floor":19.0},{"not_picked":["Crippling Poison","Dodge and Roll","Finisher"],"picked":"SKIP","floor":20.0},{"not_picked":["Deadly Poison","Deflect","Flying Knee"],"picked":"SKIP","floor":21.0},{"not_picked":["Wraith Form v2","Blade Dance"],"picked":"Underhanded Strike","floor":22}],"player_experience":929395,"relics_obtained":[{"floor":9.0,"key":"Snake Skull"},{"floor":10.0,"key":"Vajra"}],"event_choices":[{"damage_healed":0.0,"max_hp_gain":0.0,"max_hp_loss":0.0,"gold_gain":175.0,"event_name":"Liars Game","player_choice":"AGREE","floor":2.0,"gold_loss":0.0,"damage_taken":0.0,"cards_obtained":["Doubt"]},{"damage_healed":0.0,"max_hp_gain":0.0,"max_hp_loss":0.0,"gold_gain":100.0,"event_name":"Wheel of Change","player_choice":"Gold","floor":3.0,"gold_loss":0.0,"damage_taken":0.0},{"cards_removed":["Doubt"],"damage_healed":0.0,"max_hp_gain":0.0,"max_hp_loss":0.0,"gold_gain":0.0,"event_name":"Purifier","player_choice":"Purged","floor":7.0,"gold_loss":0.0,"damage_taken":0.0}],"is_beta":false,"boss_relics":[{"not_picked":["Orrery","Snecko Eye"],"picked":"Ectoplasm"}],"items_purged_floors":[13],"is_endless":false,"potions_floor_spawned":[4,8,10,12,18,19,22],"killed_by":"Slavers","ascension_level":14}