{"gold_per_floor":[116,134,146,165,215,247,247,258,258,284,284,310,324,344,344,421,421,431,356,366,383,383,383,409,409,409,428,428,34,60,78,78,150,150,164,183,64,114,132,157,157,183,183,0,400,417,417,444,444,444,444,444,444,2,29,29],"floor_reached":57,"playtime":5179,"items_purged":["Strike_R","Strike_R"],"score":3104,"play_id":"2d5d4395-b96b-4c6a-b261-5c1abfb3d307","local_time":"20190802173858","is_ascension_mode":true,"campfire_choices":[{"data":"Feel No Pain","floor":7.0,"key":"SMITH"},{"data":"Armaments","floor":11.0,"key":"SMITH"},{"floor":15.0,"key":"DIG"},{"floor":23.0,"key":"DIG"},{"floor":25.0,"key":"DIG"},{"floor":28.0,"key":"DIG"},{"floor":32.0,"key":"DIG"},{"floor":41.0,"key":"DIG"},{"floor":47.0,"key":"DIG"},{"floor":49.0,"key":"RECALL"},{"floor":53.0,"key":"DIG"}],"neow_cost":"NONE","seed_source_timestamp":521519946817706,"circlet_count":0,"master_deck":["AscendersBane","Strike_R+1","Strike_R+1","Defend_R","Defend_R","Defend_R","Defend_R","Bash","Twin Strike","Cleave","Shockwave","Corruption","Feel No Pain+1","Armaments+1","Dual Wield","Seeing Red","Disarm","Juggernaut","Shrug It Off","Sentinel+1","Shrug It Off","Feel No Pain+1","Body Slam","Entrench","Metallicize+1","Barricade+1","Shrug It Off","Impervious","Burning Pact+1","Shrug It Off","Warcry+1","Dark Embrace+1","Feel No Pain+1","Finesse"],"special_seed":0,"relics":["Burning Blood","Whetstone","Bag of Marbles","Mummified Hand","Centennial Puzzle","Shovel","Bronze Scales","Black Star","Frozen Egg 2","Pantograph","Kunai","Paper Frog","Gremlin Horn","Meat on the Bone","The Courier","Letter Opener","Dodecahedron","Runic Dome","Turnip","Bottled Tornado","Ancient Tea Set","Darkstone Periapt","Vajra","Boot","Red Mask","Old Coin","Question Card","Blue Candle","Strawberry","Ornamental Fan","Shuriken","Orichalcum","Self Forming Clay"],"potions_floor_usage":[56],"damage_taken":[{"damage":2.0,"enemies":"Cultist","floor":1.0,"turns":4.0},{"damage":2.0,"enemies":"Jaw Worm","floor":2.0,"turns":3.0},{"damage":4.0,"enemies":"Small Slimes","floor":3.0,"turns":3.0},{"damage":14.0,"enemies":"Exordium Wildlife","floor":4.0,"turns":4.0},{"damage":35.0,"enemies":"Lagavulin","floor":6.0,"turns":8.0},{"damage":8.0,"enemies":"Looter","floor":8.0,"turns":3.0},{"damage":18.0,"enemies":"Gremlin Nob","floor":10.0,"turns":4.0},{"damage":0.0,"enemies":"Lagavulin","floor":12.0,"turns":7.0},{"damage":7.0,"enemies":"Large Slime","floor":13.0,"turns":4.0},{"damage":4.0,"enemies":"Exordium Wildlife","floor":14.0,"turns":5.0},{"damage":52.0,"enemies":"The Guardian","floor":16.0,"turns":13.0},{"damage":11.0,"enemies":"Shell Parasite","floor":18.0,"turns":3.0},{"damage":16.0,"enemies":"Spheric Guardian","floor":20.0,"turns":5.0},{"damage":9.0,"enemies":"Centurion and Healer","floor":21.0,"turns":7.0},{"damage":0.0,"enemies":"Book of Stabbing","floor":24.0,"turns":6.0},{"damage":8.0,"enemies":"Sentry and Sphere","floor":27.0,"turns":6.0},{"damage":14.0,"enemies":"Gremlin Leader","floor":30.0,"turns":4.0},{"damage":21.0,"enemies":"Shelled Parasite and Fungi","floor":31.0,"turns":4.0},{"damage":14.0,"enemies":"Champ","floor":33.0,"turns":10.0},{"damage":17.0,"enemies":"3 Shapes","floor":35.0,"turns":5.0},{"damage":23.0,"enemies":"Orb Walker","floor":36.0,"turns":6.0},{"damage":10.0,"enemies":"2 Orb Walkers","floor":38.0,"turns":4.0},{"damage":0.0,"enemies":"Sphere and 2 Shapes","floor":39.0,"turns":5.0},{"damage":0.0,"enemies":"Nemesis","floor":40.0,"turns":5.0},{"damage":0.0,"enemies":"Reptomancer","floor":42.0,"turns":4.0},{"damage":0.0,"enemies":"Mind Bloom Boss Battle","floor":45.0,"turns":6.0},{"damage":0.0,"enemies":"4 Shapes","floor":46.0,"turns":2.0},{"damage":4.0,"enemies":"Giant Head","floor":48.0,"turns":5.0},{"damage":20.0,"enemies":"Time Eater","floor":50.0,"turns":6.0},{"damage":5.0,"enemies":"Donu and Deca","floor":51.0,"turns":4.0},{"damage":25.0,"enemies":"Shield and Spear","floor":55.0,"turns":5.0},{"damage":1,"enemies":"The Heart","floor":56,"turns":7}],"seed_played":"-4546700993199705113","potions_obtained":[{"floor":3.0,"key":"FairyPotion"},{"floor":6.0,"key":"BloodPotion"},{"floor":8.0,"key":"Dexterity Potion"},{"floor":14.0,"key":"PowerPotion"},{"floor":18.0,"key":"Explosive Potion"},{"floor":21.0,"key":"SkillPotion"},{"floor":30.0,"key":"Regen Potion"},{"floor":31.0,"key":"Swift Potion"},{"floor":35.0,"key":"Weak Potion"},{"floor":36.0,"key":"EssenceOfSteel"},{"floor":38.0,"key":"GamblersBrew"},{"floor":48.0,"key":"Strength Potion"}],"is_trial":false,"path_per_floor":["M","M","M","M","?","E","R","M","T","E","R","E","M","M","R","B",null,"M","?","M","M","?","R","E","R","T","M","R","$","E","M","R","B",null,"M","M","$","?","M","E","R","E","T","?","?","M","R","E","R","B","B",null,"R","$","E","B",null],"character_chosen":"IRONCLAD","items_purchased":["Meat on the Bone","Entrench","Impervious","Shuriken","Feel No Pain+1","Finesse"],"campfire_rested":0,"item_purchase_floors":[29,29,37,54,54,54],"current_hp_per_floor":[72,75,75,67,67,38,38,54,54,42,42,48,47,49,49,13,60,55,55,45,42,42,42,48,48,48,46,46,46,50,47,47,64,72,61,44,44,52,58,64,64,70,70,70,75,75,75,82,82,68,82,82,82,82,63,82],"gold":29,"neow_bonus":"RANDOM_COMMON_RELIC","is_prod":false,"is_daily":false,"chose_seed":false,"campfire_upgraded":2,"win_rate":0,"timestamp":1564781938,"path_taken":["M","M","M","?","?","E","R","M","T","E","R","E","M","M","R","BOSS","M","?","M","M","?","R","E","R","T","?","R","$","E","?","R","BOSS","M","M","$","?","M","E","R","E","T","?","?","M","R","E","R","BOSS","BOSS","R","$","E","BOSS"],"build_version":"2019-07-17","purchased_purges":2,"victory":true,"max_hp_per_floor":[75,75,75,75,75,75,75,75,75,75,75,75,75,75,75,75,75,75,75,75,75,75,75,75,75,75,75,75,75,75,75,75,75,75,75,75,75,75,75,75,75,75,75,75,75,75,75,82,82,82,82,82,82,82,82,82],"card_choices":[{"not_picked":["Heavy Blade","Anger"],"picked":"Twin Strike","floor":1.0},{"not_picked":["Armaments","Body Slam"],"picked":"Cleave","floor":2.0},{"not_picked":["Combust","Pommel Strike"],"picked":"Shockwave","floor":3.0},{"not_picked":["Anger","Armaments"],"picked":"Corruption","floor":4.0},{"not_picked":["Uppercut","Demon Form"],"picked":"Feel No Pain","floor":6.0},{"not_picked":["Havoc","Body Slam"],"picked":"Armaments","floor":8.0},{"not_picked":["Armaments","Pommel Strike"],"picked":"Dual Wield","floor":10.0},{"not_picked":["Havoc","Rampage"],"picked":"Seeing Red","floor":12.0},{"not_picked":["Combust","Pummel","Iron Wave"],"picked":"SKIP","floor":13.0},{"not_picked":["Wild Strike","Seeing Red"],"picked":"Disarm","floor":14.0},{"not_picked":["Immolate","Impervious"],"picked":"Juggernaut","floor":16.0},{"not_picked":["Carnage","Spot Weakness"],"picked":"Shrug It Off","floor":18.0},{"not_picked":["Headbutt","Perfected Strike"],"picked":"Sentinel+1","floor":20.0},{"not_picked":["Twin Strike","Body Slam"],"picked":"Shrug It Off","floor":21.0},{"not_picked":["Flex","Twin Strike"],"picked":"Body Slam","floor":24.0},{"not_picked":["Pommel Strike","Headbutt","Heavy Blade+1"],"picked":"SKIP","floor":27.0},{"not_picked":["Carnage","Uppercut"],"picked":"Metallicize+1","floor":30.0},{"not_picked":["Immolate","Perfected Strike","Clash"],"picked":"SKIP","floor":31.0},{"not_picked":["Feed","Brutality+1"],"picked":"Barricade+1","floor":33.0},{"not_picked":["Sever Soul","Cleave","True Grit"],"picked":"SKIP","floor":35.0},{"not_picked":["Anger+1","Flex"],"picked":"Shrug It Off","floor":36.0},{"not_picked":["Heavy Blade","Carnage"],"picked":"Burning Pact+1","floor":39.0},{"not_picked":["Iron Wave","Searing Blow"],"picked":"Shrug It Off","floor":40.0},{"not_picked":["Sword Boomerang","Cleave"],"picked":"Warcry+1","floor":42.0},{"not_picked":["Headbutt","Wild Strike","Reckless Charge+1"],"picked":"SKIP","floor":46.0},{"not_picked":["Shockwave","Sword Boomerang","Carnage+1"],"picked":"Dark Embrace+1","floor":48.0},{"not_picked":["Clash","Evolve+1","Twin Strike","Uppercut"],"picked":"SKIP","floor":55.0}],"player_experience":1675350,"relics_obtained":[{"floor":6.0,"key":"Bag of Marbles"},{"floor":9.0,"key":"Mummified Hand"},{"floor":10.0,"key":"Centennial Puzzle"},{"floor":12.0,"key":"Shovel"},{"floor":15.0,"key":"Bronze Scales"},{"floor":23.0,"key":"Frozen Egg 2"},{"floor":24.0,"key":"Pantograph"},{"floor":24.0,"key":"Kunai"},{"floor":26.0,"key":"Paper Frog"},{"floor":28.0,"key":"Gremlin Horn"},{"floor":30.0,"key":"The Courier"},{"floor":30.0,"key":"Letter Opener"},{"floor":32.0,"key":"Dodecahedron"},{"floor":38.0,"key":"Turnip"},{"floor":40.0,"key":"Bottled Tornado"},{"floor":40.0,"key":"Ancient Tea Set"},{"floor":41.0,"key":"Darkstone Periapt"},{"floor":42.0,"key":"Vajra"},{"floor":42.0,"key":"Boot"},{"floor":45.0,"key":"Old Coin"},{"floor":47.0,"key":"Question Card"},{"floor":48.0,"key":"Blue Candle"},{"floor":48.0,"key":"Strawberry"},{"floor":53.0,"key":"Ornamental Fan"},{"floor":55.0,"key":"Orichalcum"},{"floor":55.0,"key":"Self Forming Clay"}],"event_choices":[{"damage_healed":0.0,"max_hp_gain":0.0,"max_hp_loss":0.0,"gold_gain":50.0,"event_name":"Golden Shrine","player_choice":"Pray","floor":5.0,"gold_loss":0.0,"damage_taken":0.0},{"cards_removed":["Strike_R"],"damage_healed":0.0,"max_hp_gain":0.0,"max_hp_loss":0.0,"gold_gain":0.0,"event_name":"Beggar","player_choice":"Gave Gold","floor":19.0,"gold_loss":75.0,"damage_taken":0.0},{"damage_healed":0.0,"max_hp_gain":0.0,"max_hp_loss":0.0,"gold_gain":0.0,"event_name":"Duplicator","player_choice":"Copied","floor":22.0,"gold_loss":0.0,"damage_taken":0.0,"cards_obtained":["Feel No Pain"]},{"damage_healed":0.0,"max_hp_gain":0.0,"max_hp_loss":0.0,"gold_gain":0.0,"event_name":"Mysterious Sphere","player_choice":"Fight","floor":38.0,"gold_loss":0.0,"damage_taken":0.0},{"damage_healed":0.0,"max_hp_gain":0.0,"max_hp_loss":0.0,"gold_gain":0.0,"event_name":"Tomb of Lord Red Mask","player_choice":"Paid","floor":44.0,"gold_loss":183.0,"damage_taken":0.0,"relics_obtained":["Red Mask"]},{"damage_healed":0.0,"max_hp_gain":0.0,"max_hp_loss":0.0,"gold_gain":0.0,"event_name":"MindBloom","player_choice":"Fight","floor":45.0,"gold_loss":0.0,"damage_taken":0.0}],"is_beta":false,"boss_relics":[{"not_picked":["Cursed Key","Busted Crown"],"picked":"Black Star"},{"not_picked":["Pandora\u0027s Box","Coffee Dripper"],"picked":"Runic Dome"}],"items_purged_floors":[29,54],"is_endless":false,"potions_floor_spawned":[3,6,8,14,18,21,30,31,35,36,38,48],"ascension_level":20}