{"gold_per_floor":[112,112,131,33,33,60,60,80,149,149,176,176,191,206,206,281,281,301,181,0,0,20,20,39,39,39,39,39,64,64,84,84,160,160,179,179,18,18,36,36,61,61,87,120,1,32,46,64,64,64],"floor_reached":51,"playtime":3421,"items_purged":["Injury"],"score":1467,"play_id":"d593f1cc-ed0b-47ce-bc8a-77c0f9434aeb","local_time":"20190825125621","is_ascension_mode":true,"campfire_choices":[{"floor":7,"key":"REST"},{"data":"Evolve","floor":10,"key":"SMITH"},{"data":"Corruption","floor":12,"key":"SMITH"},{"floor":15,"key":"REST"},{"data":"Armaments","floor":23,"key":"SMITH"},{"floor":25,"key":"REST"},{"data":"Intimidate","floor":27,"key":"SMITH"},{"floor":30,"key":"REST"},{"data":"Barricade","floor":32,"key":"SMITH"},{"floor":40,"key":"REST"},{"data":"Burning Pact","floor":42,"key":"SMITH"},{"data":"Armaments","floor":49,"key":"SMITH"}],"neow_cost":"CURSE","seed_source_timestamp":22055019335757,"circlet_count":0,"master_deck":["AscendersBane","Strike_R","Strike_R","Defend_R","Defend_R","Defend_R","Defend_R","Bash","Juggernaut","Pommel Strike+1","Cleave","Evolve+1","Shrug It Off","Second Wind","Iron Wave","Corruption+1","Armaments+1","Infernal Blade","Impervious","Intimidate+1","Headbutt","True Grit","Barricade+1","Havoc","Rampage","Bash+1","Rupture","Reaper","Seeing Red","Flex","True Grit+1","Reaper","Feel No Pain+1","Fiend Fire+1","Armaments+1","Madness","Madness","Burning Pact+1","Warcry+1","Infernal Blade","Armaments+1","Seeing Red+1","Flame Barrier+1"],"relics":["Burning Blood","Centennial Puzzle","Dead Branch","Self Forming Clay","Odd Mushroom","Orrery","StoneCalendar","Bird Faced Urn","Astrolabe","Red Skull","Whetstone","Art of War","Ice Cream","Happy Flower"],"potions_floor_usage":[29],"damage_taken":[{"damage":25,"enemies":"2 Louse","floor":1,"turns":4},{"damage":2,"enemies":"Jaw Worm","floor":3,"turns":3},{"damage":32,"enemies":"Gremlin Nob","floor":6,"turns":4},{"damage":7,"enemies":"Cultist","floor":8,"turns":4},{"damage":8,"enemies":"The Mushroom Lair","floor":11,"turns":2},{"damage":16,"enemies":"3 Louse","floor":13,"turns":3},{"damage":6,"enemies":"Exordium Wildlife","floor":14,"turns":4},{"damage":21,"enemies":"Slime Boss","floor":16,"turns":7},{"damage":11,"enemies":"Spheric Guardian","floor":18,"turns":6},{"damage":17,"enemies":"2 Thieves","floor":19,"turns":5},{"damage":15,"enemies":"3 Cultists","floor":22,"turns":7},{"damage":14,"enemies":"Cultist and Chosen","floor":24,"turns":4},{"damage":56,"enemies":"Gremlin Leader","floor":29,"turns":7},{"damage":16,"enemies":"Snecko","floor":31,"turns":5},{"damage":38,"enemies":"Automaton","floor":33,"turns":7},{"damage":77,"enemies":"3 Darklings","floor":35,"turns":7},{"damage":14,"enemies":"Orb Walker","floor":39,"turns":3},{"damage":0,"enemies":"Giant Head","floor":44,"turns":7},{"damage":40,"enemies":"Reptomancer","floor":46,"turns":7},{"damage":6,"enemies":"Sphere and 2 Shapes","floor":47,"turns":5},{"damage":6,"enemies":"Maw","floor":48,"turns":5},{"damage":39,"enemies":"Donu and Deca","floor":50,"turns":6}],"seed_played":"-5905375083178727818","potions_obtained":[{"floor":3,"key":"Regen Potion"},{"floor":6,"key":"SpeedPotion"},{"floor":8,"key":"BloodPotion"},{"floor":29,"key":"Fire Potion"},{"floor":35,"key":"FairyPotion"},{"floor":47,"key":"BloodPotion"}],"is_trial":false,"path_per_floor":["M","?","M","$","?","E","R","M","T","R","?","R","M","M","R","B",null,"M","M","?","?","M","R","M","R","T","R","$","E","R","M","R","B",null,"M","?","$","?","M","R","T","R","T","E","$","E","M","M","R","B",null],"character_chosen":"IRONCLAD","items_purchased":["Evolve","Shrug It Off","Red Skull","Infernal Blade"],"campfire_rested":5,"item_purchase_floors":[4,4,37,45],"current_hp_per_floor":[49,49,53,53,53,27,49,48,48,48,46,46,36,36,58,43,67,62,51,51,51,42,42,34,56,56,56,56,24,46,44,44,30,64,41,27,27,27,27,49,49,49,49,75,75,63,75,75,75,73],"gold":64,"neow_bonus":"THREE_RARE_CARDS","is_prod":false,"is_daily":false,"chose_seed":false,"campfire_upgraded":7,"win_rate":0,"timestamp":1566701781,"path_taken":["M","?","M","$","?","E","R","?","T","R","?","R","M","M","R","BOSS","M","M","?","?","M","R","?","R","T","R","$","E","R","M","R","BOSS","M","?","$","?","?","R","?","R","T","E","?","E","M","M","R","BOSS"],"build_version":"2019-07-17","purchased_purges":1,"victory":true,"max_hp_per_floor":[75,75,75,75,75,75,75,75,75,75,75,75,75,75,75,75,75,75,75,75,75,75,75,75,75,75,75,75,75,75,75,75,75,75,75,75,75,75,75,75,75,75,75,75,75,75,75,75,75,75],"card_choices":[{"not_picked":["Limit Break","Brutality"],"picked":"Juggernaut","floor":0},{"not_picked":["Pummel","Twin Strike"],"picked":"Pommel Strike","floor":1},{"not_picked":["True Grit","Body Slam"],"picked":"Cleave","floor":3},{"not_picked":["Warcry","Havoc"],"picked":"Second Wind","floor":6},{"not_picked":["Reckless Charge","Combust"],"picked":"Iron Wave","floor":8},{"not_picked":["Spot Weakness","Bloodletting"],"picked":"Corruption","floor":11},{"not_picked":["Pommel Strike","Sword Boomerang"],"picked":"Armaments","floor":13},{"not_picked":["Flex","Shrug It Off"],"picked":"Infernal Blade","floor":14},{"not_picked":["Bludgeon","Juggernaut"],"picked":"Impervious","floor":16},{"not_picked":["Perfected Strike","Bloodletting"],"picked":"Intimidate","floor":17},{"not_picked":["Dropkick","Warcry"],"picked":"Headbutt","floor":17},{"not_picked":["Anger","Shrug It Off"],"picked":"True Grit","floor":17},{"not_picked":["Warcry","Burning Pact"],"picked":"Barricade","floor":17},{"not_picked":["Corruption","True Grit"],"picked":"Havoc","floor":18},{"not_picked":["Wild Strike","Warcry"],"picked":"Rampage","floor":19},{"not_picked":["Havoc","Perfected Strike"],"picked":"Reaper","floor":22},{"not_picked":["Warcry","Dropkick"],"picked":"Seeing Red","floor":24},{"not_picked":["Sword Boomerang","Clash"],"picked":"Flex","floor":29},{"not_picked":["Pummel","Inflame"],"picked":"True Grit+1","floor":31},{"not_picked":["Brutality","Immolate"],"picked":"Reaper","floor":33},{"not_picked":["Cleave","Fire Breathing","Pommel Strike+1"],"picked":"SKIP","floor":35},{"not_picked":["Iron Wave+1","Havoc"],"picked":"Burning Pact","floor":39},{"not_picked":["Wild Strike+1","Headbutt+1"],"picked":"Warcry+1","floor":44},{"not_picked":["Blood for Blood+1","True Grit"],"picked":"Armaments","floor":46},{"not_picked":["Havoc","Double Tap"],"picked":"Seeing Red+1","floor":47},{"not_picked":["Warcry+1","Flex"],"picked":"Flame Barrier+1","floor":48}],"player_experience":1217715,"relics_obtained":[{"floor":6,"key":"Dead Branch"},{"floor":9,"key":"Self Forming Clay"},{"floor":11,"key":"Odd Mushroom"},{"floor":26,"key":"StoneCalendar"},{"floor":29,"key":"Bird Faced Urn"},{"floor":41,"key":"Whetstone"},{"floor":43,"key":"Art of War"},{"floor":44,"key":"Ice Cream"},{"floor":46,"key":"Happy Flower"}],"event_choices":[{"cards_removed":["Pain"],"damage_healed":0,"gold_gain":0,"player_choice":"Forget","damage_taken":0,"max_hp_gain":0,"max_hp_loss":0,"event_name":"Living Wall","floor":2,"gold_loss":0},{"damage_healed":0,"gold_gain":0,"player_choice":"Gave Potion","damage_taken":0,"relics_obtained":["Centennial Puzzle"],"max_hp_gain":0,"max_hp_loss":0,"event_name":"WeMeetAgain","floor":5,"gold_loss":0},{"damage_healed":0,"gold_gain":0,"player_choice":"Fought Mushrooms","damage_taken":0,"max_hp_gain":0,"max_hp_loss":0,"event_name":"Mushrooms","floor":11,"gold_loss":0},{"damage_healed":0,"gold_gain":0,"player_choice":"Paid Fearfully","damage_taken":0,"max_hp_gain":0,"max_hp_loss":0,"event_name":"Masked Bandits","floor":20,"gold_loss":181},{"damage_healed":0,"gold_gain":0,"player_choice":"2 cards matched","damage_taken":0,"max_hp_gain":0,"max_hp_loss":0,"event_name":"Match and Keep!","floor":21,"gold_loss":0,"cards_obtained":["Bash","Rupture"]},{"damage_healed":0,"gold_gain":0,"player_choice":"Embrace Madness","damage_taken":14,"max_hp_gain":0,"max_hp_loss":0,"event_name":"Winding Halls","floor":36,"gold_loss":0,"cards_obtained":["Madness","Madness"]},{"damage_healed":0,"gold_gain":0,"player_choice":"1 cards matched","damage_taken":0,"max_hp_gain":0,"max_hp_loss":0,"event_name":"Match and Keep!","floor":38,"gold_loss":0,"cards_obtained":["Injury"]}],"is_beta":false,"boss_relics":[{"not_picked":["Sozu","Tiny House"],"picked":"Orrery"},{"not_picked":["Runic Dome","Black Star"],"picked":"Astrolabe"}],"items_purged_floors":[45],"is_endless":false,"potions_floor_spawned":[3,6,8,18,29,35,46,47],"ascension_level":18}