{"gold_per_floor":[109,109,129,145,160,160,171,197,197,224,224,255,255,235,235,306,306,319,11,31,42,72,87,98,131,202,202,231,231,331,348,348,348],"floor_reached":33,"playtime":2165,"items_purged":[],"score":649,"play_id":"e4614aef-a36e-48c0-a1f0-b2a11c2583e3","local_time":"20181225040557","is_ascension_mode":true,"campfire_choices":[{"data":"Barrage","floor":6.0,"key":"SMITH"},{"floor":11.0,"key":"REST"},{"floor":13.0,"key":"REST"},{"floor":15.0,"key":"REST"},{"floor":27.0,"key":"REST"},{"floor":29.0,"key":"REST"},{"data":"Fission","floor":32.0,"key":"SMITH"}],"neow_cost":"NONE","seed_source_timestamp":353842184059750,"circlet_count":0,"master_deck":["AscendersBane","Strike_B","Strike_B","Strike_B","Strike_B","Defend_B","Defend_B","Defend_B","Defend_B","Zap+1","Dualcast","Barrage+1","Hologram","Chill","Fusion","Genetic Algorithm","Genetic Algorithm","Steam","BootSequence","Core Surge","Fission+1","Double Energy","Stack+1","Static Discharge+1"],"special_seed":0,"relics":["Cracked Core","Dead Branch","Darkstone Periapt","StoneCalendar","Ginger","Torii","Nuclear Battery","Oddly Smooth Stone","Red Mask","Ice Cream","Mummified Hand","Turnip"],"potions_floor_usage":[33],"damage_taken":[{"damage":1.0,"enemies":"Cultist","floor":1.0,"turns":3.0},{"damage":9.0,"enemies":"Small Slimes","floor":3.0,"turns":3.0},{"damage":13.0,"enemies":"2 Louse","floor":4.0,"turns":3.0},{"damage":0.0,"enemies":"Exordium Thugs","floor":5.0,"turns":4.0},{"damage":6.0,"enemies":"Large Slime","floor":7.0,"turns":5.0},{"damage":16.0,"enemies":"Gremlin Nob","floor":8.0,"turns":3.0},{"damage":9.0,"enemies":"3 Sentries","floor":10.0,"turns":6.0},{"damage":29.0,"enemies":"Gremlin Nob","floor":12.0,"turns":5.0},{"damage":0.0,"enemies":"Slime Boss","floor":16.0,"turns":7.0},{"damage":16.0,"enemies":"3 Byrds","floor":18.0,"turns":7.0},{"damage":9.0,"enemies":"Chosen","floor":20.0,"turns":5.0},{"damage":12.0,"enemies":"Centurion and Healer","floor":21.0,"turns":6.0},{"damage":1.0,"enemies":"Masked Bandits","floor":22.0,"turns":4.0},{"damage":0.0,"enemies":"Chosen and Byrds","floor":23.0,"turns":6.0},{"damage":0.0,"enemies":"3 Cultists","floor":24.0,"turns":2.0},{"damage":0.0,"enemies":"Slavers","floor":25.0,"turns":4.0},{"damage":29.0,"enemies":"Gremlin Leader","floor":28.0,"turns":9.0},{"damage":0.0,"enemies":"Shelled Parasite and Fungi","floor":31.0,"turns":3.0},{"damage":71,"enemies":"Automaton","floor":33,"turns":6}],"seed_played":"5704939259564396837","potions_obtained":[{"floor":1.0,"key":"FocusPotion"},{"floor":3.0,"key":"Strength Potion"},{"floor":8.0,"key":"Block Potion"},{"floor":12.0,"key":"SkillPotion"},{"floor":14.0,"key":"Ancient Potion"},{"floor":16.0,"key":"Strength Potion"},{"floor":22.0,"key":"SteroidPotion"},{"floor":25.0,"key":"SkillPotion"},{"floor":31.0,"key":"Ancient Potion"}],"is_trial":false,"path_per_floor":["M","T","M","M","M","R","M","E","T","E","R","E","R","?","R","B",null,"M","$","M","M","?","M","M","E","T","R","E","R","?","M","R","B"],"character_chosen":"DEFECT","items_purchased":["Fission","Oddly Smooth Stone"],"campfire_rested":5,"item_purchase_floors":[19,19],"current_hp_per_floor":[63,63,54,41,41,41,35,19,19,10,31,2,23,23,44,44,64,48,48,39,27,26,26,26,26,26,47,18,39,39,39,39,0],"gold":348,"neow_bonus":"UPGRADE_CARD","is_prod":false,"is_daily":false,"chose_seed":false,"campfire_upgraded":2,"win_rate":0,"timestamp":1545728757,"path_taken":["M","?","M","M","M","R","M","E","T","E","R","E","R","?","R","BOSS","M","$","M","M","?","M","M","E","T","R","E","R","?","M","R","BOSS"],"build_version":"2018-12-20","purchased_purges":0,"victory":false,"max_hp_per_floor":[71,71,71,71,71,71,71,71,71,71,71,71,71,71,71,71,71,71,71,71,71,71,71,71,71,71,71,71,71,71,71,71,71],"card_choices":[{"not_picked":["FTL","Steam Power"],"picked":"Barrage","floor":1.0},{"not_picked":["Gash","Skim"],"picked":"Hologram","floor":3.0},{"not_picked":["Go for the Eyes","Glacier"],"picked":"Chill","floor":4.0},{"not_picked":["Steam","Ball Lightning"],"picked":"Fusion","floor":5.0},{"not_picked":["Go for the Eyes","Compile Driver"],"picked":"Genetic Algorithm","floor":7.0},{"not_picked":["Gash","Streamline"],"picked":"Genetic Algorithm","floor":8.0},{"not_picked":["Rebound","Coolheaded"],"picked":"Steam","floor":10.0},{"not_picked":["Sunder","Rebound"],"picked":"BootSequence","floor":12.0},{"not_picked":["Amplify","Rainbow"],"picked":"Core Surge","floor":16.0},{"not_picked":["Stack","Compile Driver","Streamline"],"picked":"SKIP","floor":18.0},{"not_picked":["Sweeping Beam+1","Go for the Eyes","Lockon+1"],"picked":"SKIP","floor":20.0},{"not_picked":["Steam","Leap","Biased Cognition"],"picked":"SKIP","floor":21.0},{"not_picked":["Go for the Eyes","Heatsinks"],"picked":"Double Energy","floor":23.0},{"not_picked":["Steam","Streamline"],"picked":"Stack+1","floor":24.0},{"not_picked":["Gash","Amplify","Go for the Eyes"],"picked":"SKIP","floor":25.0},{"not_picked":["Go for the Eyes","Self Repair"],"picked":"Static Discharge+1","floor":28.0},{"not_picked":["Stack","Steam","Cold Snap"],"picked":"SKIP","floor":31.0}],"player_experience":980112,"relics_obtained":[{"floor":2.0,"key":"Dead Branch"},{"floor":8.0,"key":"Darkstone Periapt"},{"floor":9.0,"key":"StoneCalendar"},{"floor":10.0,"key":"Ginger"},{"floor":12.0,"key":"Torii"},{"floor":22.0,"key":"Red Mask"},{"floor":25.0,"key":"Ice Cream"},{"floor":26.0,"key":"Mummified Hand"},{"floor":28.0,"key":"Turnip"}],"event_choices":[{"damage_healed":0.0,"max_hp_gain":0.0,"max_hp_loss":0.0,"gold_gain":0.0,"event_name":"The Woman in Blue","player_choice":"Bought 1 Potion","floor":14.0,"gold_loss":0.0,"damage_taken":0.0},{"damage_healed":0.0,"max_hp_gain":0.0,"max_hp_loss":0.0,"gold_gain":0.0,"event_name":"Masked Bandits","player_choice":"Fought Bandits","floor":22.0,"gold_loss":0.0,"damage_taken":0.0},{"damage_healed":0.0,"max_hp_gain":0.0,"max_hp_loss":0.0,"gold_gain":100.0,"event_name":"Golden Shrine","player_choice":"Pray","floor":30.0,"gold_loss":0.0,"damage_taken":0.0}],"is_beta":false,"boss_relics":[{"not_picked":["Snecko Eye","Empty Cage"],"picked":"Nuclear Battery"}],"items_purged_floors":[],"is_endless":false,"potions_floor_spawned":[1,3,8,12,16,18,22,25,31],"killed_by":"Automaton","ascension_level":14}