{"gold_per_floor":[132,167,197,257,106,106,106,147,147,172],"floor_reached":10,"playtime":488,"items_purged":["Strike_B"],"score":75,"play_id":"09568fca-4ad3-4604-b055-50b4905c4b1b","local_time":"20190310211415","is_ascension_mode":true,"campfire_choices":[{"data":"HandOfGreed","floor":6,"key":"SMITH"}],"neow_cost":"PERCENT_DAMAGE","seed_source_timestamp":2245906569416599,"circlet_count":0,"master_deck":["Strike_B","Strike_B","Strike_B","Defend_B","Defend_B","Defend_B","Defend_B","Zap","Dualcast","HandOfGreed+1","Finesse","Auto Shields","Consume","Reprogram","Stack","Multi-Cast","Leap"],"relics":["Cracked Core","Ornamental Fan"],"potions_floor_usage":[8,8],"damage_taken":[{"damage":0,"enemies":"Cultist","floor":1,"turns":3},{"damage":6,"enemies":"Jaw Worm","floor":2,"turns":5},{"damage":1,"enemies":"2 Louse","floor":3,"turns":2},{"damage":16,"enemies":"Exordium Thugs","floor":4,"turns":3},{"damage":0,"enemies":"Looter","floor":8,"turns":3},{"damage":44,"enemies":"Gremlin Gang","floor":10,"turns":3}],"seed_played":"-4297002193600103708","potions_obtained":[{"floor":1,"key":"SkillPotion"},{"floor":4,"key":"FearPotion"},{"floor":8,"key":"Strength Potion"}],"is_trial":false,"path_per_floor":["M","M","M","M","$","R","?","M","T","M"],"character_chosen":"DEFECT","items_purchased":["Multi-Cast"],"campfire_rested":0,"item_purchase_floors":[5],"current_hp_per_floor":[54,48,47,31,31,31,31,31,31,0],"gold":172,"neow_bonus":"RANDOM_COLORLESS_2","is_prod":false,"is_daily":false,"chose_seed":false,"campfire_upgraded":1,"win_rate":0,"timestamp":1552277655,"path_taken":["M","M","?","?","$","R","?","M","T","M"],"build_version":"2019-01-23","purchased_purges":1,"victory":false,"max_hp_per_floor":[75,75,75,75,75,75,75,75,75,75],"card_choices":[{"not_picked":["Sweeping Beam","Turbo"],"picked":"Auto Shields","floor":1},{"not_picked":["Coolheaded","Go for the Eyes"],"picked":"Consume","floor":2},{"not_picked":["Recycle","All For One"],"picked":"Reprogram","floor":3},{"not_picked":["Conserve Battery","Gash"],"picked":"Stack","floor":4},{"not_picked":["Stack","Fusion"],"picked":"Leap","floor":8}],"player_experience":238600,"relics_obtained":[{"floor":9,"key":"Ornamental Fan"}],"event_choices":[{"damage_healed":0,"gold_gain":0,"player_choice":"Ignored","damage_taken":0,"max_hp_gain":0,"max_hp_loss":0,"event_name":"Liars Game","floor":7,"gold_loss":0}],"is_beta":false,"boss_relics":[],"items_purged_floors":[5],"is_endless":false,"potions_floor_spawned":[1,4,8],"killed_by":"Gremlin Gang","ascension_level":5}