{"gold_per_floor":[113,131,281,296,296,296,356,391,391,391,391,409,409,349,349,349],"floor_reached":16,"playtime":482,"items_purged":[],"score":181,"play_id":"36bd3ff6-7235-4718-a75d-1e238247b116","local_time":"20190811101714","is_ascension_mode":true,"campfire_choices":[{"data":"True Grit","floor":6.0,"key":"SMITH"},{"floor":10,"key":"REST"},{"floor":13,"key":"REST"},{"data":"Clothesline","floor":15,"key":"SMITH"}],"neow_cost":"NONE","seed_source_timestamp":10533629090964,"circlet_count":0,"master_deck":["AscendersBane","Strike_R","Strike_R","Strike_R","Strike_R","Strike_R","Defend_R","Defend_R","Defend_R","Defend_R","Bash+1","Clothesline+1","Iron Wave","True Grit+1","Anger","Reaper","Thunderclap"],"special_seed":0,"relics":["Burning Blood","Lantern","Kunai","Strawberry","Bottled Lightning"],"potions_floor_usage":[16],"damage_taken":[{"damage":18.0,"enemies":"Jaw Worm","floor":1.0,"turns":7.0},{"damage":7.0,"enemies":"Small Slimes","floor":2.0,"turns":3.0},{"damage":1.0,"enemies":"Cultist","floor":4.0,"turns":4.0},{"damage":47.0,"enemies":"Lagavulin Event","floor":7.0,"turns":8.0},{"damage":32,"enemies":"Lagavulin","floor":8,"turns":7},{"damage":0,"enemies":"3 Louse","floor":12,"turns":3},{"damage":83,"enemies":"Slime Boss","floor":16,"turns":9}],"seed_played":"6542249362068769695","potions_obtained":[{"floor":4.0,"key":"Regen Potion"},{"floor":8,"key":"AttackPotion"},{"floor":12,"key":"LiquidBronze"}],"is_trial":false,"path_per_floor":["M","M","?","M","?","R","?","E","T","R","?","M","R","?","R","B"],"character_chosen":"IRONCLAD","items_purchased":[],"campfire_rested":2,"item_purchase_floors":[],"current_hp_per_floor":[56,55,55,60,60,60,34,15,15,39,39,45,69,69,69,0],"gold":349,"neow_bonus":"RANDOM_COMMON_RELIC","is_prod":false,"is_daily":false,"chose_seed":false,"campfire_upgraded":2,"win_rate":0,"timestamp":1565482634,"path_taken":["M","M","?","M","?","R","?","E","T","R","?","?","R","?","R","BOSS"],"build_version":"2019-07-17","purchased_purges":0,"victory":false,"max_hp_per_floor":[75,75,75,75,75,75,75,82,82,82,82,82,82,82,82,82],"card_choices":[{"not_picked":["Twin Strike","Ghostly Armor"],"picked":"Clothesline","floor":1.0},{"not_picked":["Clash","Disarm"],"picked":"Iron Wave","floor":2.0},{"not_picked":["Wild Strike","Burning Pact"],"picked":"True Grit","floor":4.0},{"not_picked":["Whirlwind","Pummel"],"picked":"Anger","floor":7.0},{"not_picked":["Headbutt","Infernal Blade"],"picked":"Reaper","floor":8},{"not_picked":["Iron Wave","Reckless Charge"],"picked":"Thunderclap","floor":12}],"player_experience":1186979,"relics_obtained":[{"floor":7.0,"key":"Kunai"},{"floor":8,"key":"Strawberry"},{"floor":9,"key":"Bottled Lightning"}],"event_choices":[{"damage_healed":0.0,"max_hp_gain":0.0,"max_hp_loss":0.0,"gold_gain":150.0,"event_name":"Liars Game","player_choice":"AGREE","floor":3.0,"gold_loss":0.0,"damage_taken":0.0,"cards_obtained":["Doubt"]},{"cards_removed":["Doubt"],"damage_healed":0.0,"max_hp_gain":0.0,"max_hp_loss":0.0,"gold_gain":0.0,"event_name":"Living Wall","player_choice":"Forget","floor":5.0,"gold_loss":0.0,"damage_taken":0.0},{"damage_healed":0.0,"max_hp_gain":0.0,"max_hp_loss":0.0,"gold_gain":0.0,"event_name":"Dead Adventurer","player_choice":"Searched \u00272\u0027 times","floor":7.0,"gold_loss":0.0,"damage_taken":0.0},{"damage_healed":0,"gold_gain":0,"player_choice":"Upgraded","damage_taken":0,"max_hp_gain":0,"max_hp_loss":0,"event_name":"Upgrade Shrine","floor":11,"gold_loss":0,"cards_upgraded":["Bash"]},{"damage_healed":0,"gold_gain":0,"player_choice":"Left Gold","damage_taken":0,"max_hp_gain":0,"max_hp_loss":0,"event_name":"World of Goop","floor":14,"gold_loss":60}],"is_beta":false,"boss_relics":[],"items_purged_floors":[],"is_endless":false,"potions_floor_spawned":[4,8,12],"killed_by":"Slime Boss","ascension_level":17}