{"gold_per_floor":[113,129,14,14,27,27,44,44,121,153,171,171,22,37,37,132,132,148,164,176,176,176,176,176,176,176,192,202,202,215,227,227,330,330,343,355,375,385,397,397,397],"floor_reached":41,"playtime":2463,"items_purged":[],"score":646,"play_id":"4e3594ba-6639-4798-9aec-134e9b2f57e9","local_time":"20190601222253","is_ascension_mode":true,"campfire_choices":[{"data":"Neutralize","floor":6,"key":"SMITH"},{"data":"Cloak And Dagger","floor":8,"key":"SMITH"},{"floor":12,"key":"REST"},{"floor":15,"key":"REST"},{"floor":23,"key":"REST"},{"data":"Well Laid Plans","floor":25,"key":"SMITH"},{"data":"Footwork","floor":29,"key":"SMITH"},{"floor":32,"key":"REST"},{"floor":40,"key":"REST"}],"neow_cost":"NONE","seed_source_timestamp":12487588966316,"circlet_count":0,"master_deck":["Survivor","Neutralize+1","Caltrops","Cloak And Dagger+1","Well Laid Plans+1","All Out Attack","Acrobatics","Prepared","Quick Slash","Caltrops","Backflip+1","Deadly Poison+1","Leg Sweep+1","Malaise+1","Masterful Stab","Adrenaline+1","Catalyst+1","Dodge and Roll+1","Acrobatics+1","Burst+1","Malaise+1","Concentrate+1","Phantasmal Killer+1","Dagger Throw","Footwork+1","Caltrops","Caltrops+1","PiercingWail+1","Distraction+1","Underhanded Strike+1","Burst+1","Poisoned Stab","Prepared+1","Footwork+1","Finisher","Cloak And Dagger+1"],"relics":["Ring of the Snake","Toxic Egg 2","PreservedInsect","Pandora\u0027s Box","Vajra","Enchiridion","Blue Candle","HoveringKite"],"potions_floor_usage":[7,33,33,38,39,41],"damage_taken":[{"damage":1,"enemies":"Small Slimes","floor":1,"turns":4},{"damage":2,"enemies":"Cultist","floor":2,"turns":4},{"damage":0,"enemies":"2 Louse","floor":5,"turns":3},{"damage":0,"enemies":"Looter","floor":7,"turns":3},{"damage":28,"enemies":"Gremlin Nob","floor":10,"turns":5},{"damage":14,"enemies":"Lots of Slimes","floor":11,"turns":2},{"damage":9,"enemies":"Large Slime","floor":14,"turns":6},{"damage":5,"enemies":"The Guardian","floor":16,"turns":11},{"damage":12,"enemies":"Shell Parasite","floor":18,"turns":5},{"damage":0,"enemies":"3 Byrds","floor":19,"turns":1},{"damage":15,"enemies":"Shelled Parasite and Fungi","floor":20,"turns":4},{"damage":0,"enemies":"Chosen and Byrds","floor":27,"turns":2},{"damage":1,"enemies":"Snake Plant","floor":28,"turns":4},{"damage":18,"enemies":"Snecko","floor":30,"turns":4},{"damage":10,"enemies":"Sentry and Sphere","floor":31,"turns":6},{"damage":31,"enemies":"Collector","floor":33,"turns":9},{"damage":6,"enemies":"Orb Walker","floor":35,"turns":5},{"damage":4,"enemies":"3 Shapes","floor":36,"turns":6},{"damage":2,"enemies":"Maw","floor":37,"turns":7},{"damage":30,"enemies":"Sphere and 2 Shapes","floor":38,"turns":9},{"damage":17,"enemies":"Jaw Worm Horde","floor":39,"turns":9},{"damage":31,"enemies":"Transient","floor":41,"turns":3}],"seed_played":"2570610081202132337","potions_obtained":[{"floor":1,"key":"AttackPotion"},{"floor":11,"key":"Ancient Potion"},{"floor":14,"key":"Weak Potion"},{"floor":16,"key":"SkillPotion"},{"floor":33,"key":"SpeedPotion"},{"floor":39,"key":"Energy Potion"}],"is_trial":false,"path_per_floor":["M","M","$","?","M","R","M","R","T","E","M","R","$","M","R","B",null,"M","M","M","?","?","R","?","R","T","M","M","R","M","M","R","B",null,"M","M","M","M","M","R","M"],"character_chosen":"THE_SILENT","items_purchased":["Well Laid Plans","All Out Attack","Backflip+1","Deadly Poison+1","PowerPotion"],"campfire_rested":5,"item_purchase_floors":[3,3,13,13,13],"current_hp_per_floor":[69,67,67,67,67,67,67,67,67,39,25,48,48,39,62,57,72,60,60,45,45,29,52,52,52,52,52,51,51,33,23,46,15,62,56,52,50,20,3,26,0],"gold":397,"neow_bonus":"TEN_PERCENT_HP_BONUS","is_prod":false,"is_daily":false,"chose_seed":false,"campfire_upgraded":4,"win_rate":0,"timestamp":1559391773,"path_taken":["M","M","$","?","M","R","M","R","T","E","M","R","$","M","R","BOSS","M","?","M","?","?","R","?","R","T","M","M","R","M","M","R","BOSS","M","M","?","M","M","R","M"],"build_version":"2019-01-23","purchased_purges":0,"victory":false,"max_hp_per_floor":[77,77,77,77,77,77,77,77,77,77,77,77,77,77,77,77,77,77,77,77,77,77,77,77,77,77,77,77,77,77,77,77,77,77,77,77,77,77,77,77,77],"card_choices":[{"not_picked":["Underhanded Strike","Bane"],"picked":"Caltrops","floor":1},{"not_picked":["Heel Hook","Dagger Throw"],"picked":"Cloak And Dagger","floor":2},{"not_picked":["Dagger Spray","Blade Dance"],"picked":"Acrobatics","floor":5},{"not_picked":["Deadly Poison","Eviscerate"],"picked":"Prepared","floor":7},{"not_picked":["Blade Dance+1","Prepared+1"],"picked":"Quick Slash","floor":10},{"not_picked":["All Out Attack","Slice"],"picked":"Caltrops","floor":11},{"not_picked":["Accuracy","Flying Knee"],"picked":"Leg Sweep+1","floor":14},{"not_picked":["Phantasmal Killer+1","Die Die Die"],"picked":"Malaise+1","floor":16},{"not_picked":["Finisher+1","Poisoned Stab"],"picked":"Dagger Throw","floor":18},{"not_picked":["Underhanded Strike","Accuracy+1"],"picked":"Footwork","floor":19},{"not_picked":["Bane","Endless Agony+1"],"picked":"Caltrops","floor":20},{"not_picked":["All Out Attack","Terror+1"],"picked":"Caltrops+1","floor":27},{"not_picked":["Infinite Blades","Setup+1"],"picked":"PiercingWail+1","floor":28},{"not_picked":["Cloak And Dagger+1","Tactician+1"],"picked":"Distraction+1","floor":30},{"not_picked":["Backstab","Quick Slash+1"],"picked":"Underhanded Strike+1","floor":31},{"not_picked":["Phantasmal Killer+1","Unload"],"picked":"Burst+1","floor":33},{"not_picked":["Riddle With Holes+1","Flying Knee+1"],"picked":"Poisoned Stab","floor":35},{"not_picked":["Underhanded Strike","Setup+1"],"picked":"Prepared+1","floor":36},{"not_picked":["Dagger Spray+1","Poisoned Stab"],"picked":"Footwork+1","floor":37},{"not_picked":["Flechettes+1","Underhanded Strike"],"picked":"Finisher","floor":38},{"not_picked":["Flying Knee+1","Deflect+1"],"picked":"Cloak And Dagger+1","floor":39}],"player_experience":779779,"relics_obtained":[{"floor":9,"key":"Toxic Egg 2"},{"floor":10,"key":"PreservedInsect"},{"floor":22,"key":"Enchiridion"},{"floor":26,"key":"Blue Candle"}],"event_choices":[{"cards_removed":["Strike_G"],"damage_healed":0,"gold_gain":0,"player_choice":"Purged","damage_taken":0,"max_hp_gain":0,"max_hp_loss":0,"event_name":"Purifier","floor":4,"gold_loss":0},{"damage_healed":0,"gold_gain":0,"player_choice":"Opened","damage_taken":0,"relics_obtained":["Vajra"],"max_hp_gain":0,"max_hp_loss":0,"event_name":"The Mausoleum","floor":21,"gold_loss":0},{"damage_healed":0,"gold_gain":0,"player_choice":"Obtained Book","damage_taken":16,"max_hp_gain":0,"max_hp_loss":0,"event_name":"Cursed Tome","floor":22,"gold_loss":0},{"damage_healed":0,"gold_gain":0,"player_choice":"Got Potions","damage_taken":0,"max_hp_gain":0,"max_hp_loss":0,"event_name":"Lab","floor":24,"gold_loss":0}],"is_beta":false,"boss_relics":[{"not_picked":["Ectoplasm","Velvet Choker"],"picked":"Pandora\u0027s Box"},{"not_picked":["Busted Crown","Ring of the Serpent"],"picked":"HoveringKite"}],"items_purged_floors":[],"is_endless":false,"potions_floor_spawned":[1,11,14,16,18,27,33,39],"killed_by":"Transient","ascension_level":8}