{"gold_per_floor":[117,137,149,159,18,53,53,86,132,154,166,196,233,205],"floor_reached":14,"playtime":1125,"items_purged":[],"score":224,"play_id":"10b1e1a6-b084-4b62-a3d4-11f8b20f7bdc","local_time":"20190806144802","is_ascension_mode":true,"campfire_choices":[{"data":"Loop","floor":7,"key":"SMITH"},{"data":"Loop","floor":11,"key":"SMITH"}],"neow_cost":"NONE","seed_source_timestamp":861172224548091,"circlet_count":0,"master_deck":["AscendersBane","Strike_B","Strike_B","Strike_B","Strike_B","Defend_B","Defend_B","Defend_B","Defend_B","Zap","Dualcast","Redo","Rebound","Melter","Loop+1","Glacier","Ball Lightning","Loop+1","Sweeping Beam","Fusion","Streamline","Beam Cell"],"relics":["Cracked Core","Pear","Darkstone Periapt","MawBank","Blood Vial"],"potions_floor_usage":[2,6,6,6,8,12,13,14],"damage_taken":[{"damage":4,"enemies":"2 Louse","floor":1,"turns":3},{"damage":0,"enemies":"Small Slimes","floor":2,"turns":2},{"damage":1,"enemies":"Cultist","floor":3,"turns":3},{"damage":5,"enemies":"2 Fungi Beasts","floor":4,"turns":3},{"damage":10,"enemies":"3 Sentries","floor":6,"turns":5},{"damage":11,"enemies":"Lagavulin","floor":8,"turns":7},{"damage":9,"enemies":"Red Slaver","floor":10,"turns":4},{"damage":0,"enemies":"Lots of Slimes","floor":12,"turns":2},{"damage":24,"enemies":"Gremlin Nob","floor":13,"turns":4},{"damage":22,"enemies":"Exordium Thugs","floor":14,"turns":2}],"seed_played":"4131012504706882529","potions_obtained":[{"floor":0,"key":"FocusPotion"},{"floor":0,"key":"EntropicBrew"},{"floor":2,"key":"FocusPotion"},{"floor":6,"key":"AttackPotion"},{"floor":8,"key":"Energy Potion"},{"floor":12,"key":"Energy Potion"}],"is_trial":false,"path_per_floor":["M","M","M","M","$","E","R","E","T","M","R","M","E","M"],"character_chosen":"DEFECT","items_purchased":["Glacier","Ball Lightning"],"campfire_rested":0,"item_purchase_floors":[5,5],"current_hp_per_floor":[60,60,59,54,54,54,54,43,43,34,34,34,10,0],"gold":205,"neow_bonus":"THREE_SMALL_POTIONS","is_prod":false,"is_daily":false,"chose_seed":false,"campfire_upgraded":2,"win_rate":0,"timestamp":1565117282,"path_taken":["M","M","M","M","$","E","R","E","T","M","R","M","E","M"],"build_version":"2019-07-17","purchased_purges":0,"victory":false,"max_hp_per_floor":[71,71,71,71,71,81,81,81,81,81,81,81,81,81],"card_choices":[{"not_picked":["Static Discharge","Steam"],"picked":"Redo","floor":1},{"not_picked":["Coolheaded","Leap"],"picked":"Rebound","floor":2},{"not_picked":["Rainbow","Rebound"],"picked":"Melter","floor":3},{"not_picked":["Hello World","Genetic Algorithm"],"picked":"Loop","floor":4},{"not_picked":["Coolheaded","Redo"],"picked":"Loop","floor":6},{"not_picked":["White Noise","Heatsinks"],"picked":"Sweeping Beam","floor":8},{"not_picked":["Tempest","Steam Power"],"picked":"Fusion","floor":10},{"not_picked":["Redo","Turbo"],"picked":"Streamline","floor":12},{"not_picked":["Sweeping Beam","Steam Power"],"picked":"Beam Cell","floor":13}],"player_experience":1722388,"relics_obtained":[{"floor":6,"key":"Pear"},{"floor":8,"key":"Darkstone Periapt"},{"floor":9,"key":"MawBank"},{"floor":13,"key":"Blood Vial"}],"event_choices":[],"is_beta":false,"boss_relics":[],"items_purged_floors":[],"is_endless":false,"potions_floor_spawned":[2,3,6,8,12],"killed_by":"Exordium Thugs","ascension_level":20}