{"gold_per_floor":[368,379,19,194,194,194,220,220,220,2,2,35,35,68,68,168,168,178,23,49,75,104,116,157,169,181,225,237,24,38,38,38,142,142,155,171,71,71,71,99,99,115,115,115,131,160,160,260,260,260],"floor_reached":51,"playtime":3164,"items_purged":["Doubt","Strike_G"],"score":956,"play_id":"392f21a8-c1d3-41ca-84fb-61b22cbe85fb","local_time":"20190519150638","is_ascension_mode":true,"campfire_choices":[{"floor":6,"key":"REST"},{"data":"Apotheosis","floor":8,"key":"SMITH"},{"data":"Neutralize","floor":11,"key":"SMITH"},{"floor":13,"key":"REST"},{"floor":15,"key":"REST"},{"floor":23,"key":"REST"},{"data":"Tools of the Trade","floor":25,"key":"SMITH"},{"floor":28,"key":"REST"},{"floor":32,"key":"REST"},{"data":"Heel Hook","floor":41,"key":"SMITH"},{"data":"Trip","floor":44,"key":"SMITH"},{"floor":47,"key":"REST"},{"floor":49,"key":"REST"}],"neow_cost":"PERCENT_DAMAGE","seed_source_timestamp":8930798240788,"circlet_count":0,"master_deck":["Defend_G+1","Defend_G","Defend_G+1","Defend_G","Defend_G","Survivor","Neutralize+1","Tactician","Backflip","Apotheosis+1","Deflect","Leg Sweep","Deadly Poison","Acrobatics","Underhanded Strike","Dash","Caltrops","After Image","Leg Sweep+1","Poisoned Stab+1","Slice+1","Prepared","Dagger Throw+1","Bane","Tools of the Trade+1","Backstab+1","Dodge and Roll+1","After Image","Dodge and Roll+1","Noxious Fumes","Trip+1","Writhe","Heel Hook+1","Masterful Stab+1","Blur+1","Heel Hook+1","Footwork+1"],"relics":["Ring of the Snake","PreservedInsect","Pen Nib","Ninja Scroll","Medical Kit","Bag of Preparation","War Paint","Astrolabe","Art of War","MawBank","Centennial Puzzle","Darkstone Periapt","Bag of Marbles","Oddly Smooth Stone","Sozu","Strawberry","Anchor","FossilizedHelix","Ginger"],"potions_floor_usage":[7,35,45],"damage_taken":[{"damage":2,"enemies":"Jaw Worm","floor":1,"turns":4},{"damage":0,"enemies":"Small Slimes","floor":2,"turns":4},{"damage":19,"enemies":"3 Sentries","floor":7,"turns":9},{"damage":12,"enemies":"Lagavulin","floor":12,"turns":9},{"damage":15,"enemies":"Gremlin Nob","floor":14,"turns":4},{"damage":14,"enemies":"Hexaghost","floor":16,"turns":10},{"damage":7,"enemies":"Chosen","floor":18,"turns":6},{"damage":0,"enemies":"3 Byrds","floor":21,"turns":4},{"damage":1,"enemies":"Centurion and Healer","floor":22,"turns":6},{"damage":23,"enemies":"Book of Stabbing","floor":24,"turns":6},{"damage":15,"enemies":"Gremlin Leader","floor":27,"turns":8},{"damage":7,"enemies":"Snake Plant","floor":30,"turns":2},{"damage":30,"enemies":"Automaton","floor":33,"turns":15},{"damage":6,"enemies":"3 Darklings","floor":35,"turns":6},{"damage":1,"enemies":"3 Shapes","floor":36,"turns":3},{"damage":4,"enemies":"Reptomancer","floor":40,"turns":8},{"damage":17,"enemies":"Maw","floor":42,"turns":8},{"damage":10,"enemies":"Writhing Mass","floor":45,"turns":6},{"damage":10,"enemies":"Nemesis","floor":46,"turns":5},{"damage":0,"enemies":"Mind Bloom Boss Battle","floor":48,"turns":7},{"damage":21,"enemies":"Awakened One","floor":50,"turns":21}],"seed_played":"-6846035749086603331","potions_obtained":[{"floor":2,"key":"Fire Potion"},{"floor":12,"key":"Swift Potion"},{"floor":22,"key":"EssenceOfSteel"},{"floor":24,"key":"Strength Potion"},{"floor":30,"key":"Dexterity Potion"}],"is_trial":false,"path_per_floor":["M","M","$","?","?","R","E","R","T","$","R","E","R","E","R","B",null,"M","$","T","M","M","R","E","R","T","E","R","$","M","?","R","B",null,"M","M","$","?","?","E","R","M","T","R","M","E","R","?","R","B",null],"character_chosen":"THE_SILENT","items_purchased":["PreservedInsect","Apotheosis","Deflect","Medical Kit","Underhanded Strike","Art of War","Oddly Smooth Stone"],"campfire_rested":8,"item_purchase_floors":[3,3,3,10,10,19,29],"current_hp_per_floor":[47,47,47,47,47,68,49,49,49,49,49,37,58,43,64,50,65,58,58,58,58,57,70,47,47,47,32,53,53,46,46,67,37,62,56,55,55,55,76,79,79,62,62,62,52,42,66,66,83,62],"gold":260,"neow_bonus":"TWO_FIFTY_GOLD","is_prod":false,"is_daily":false,"chose_seed":false,"campfire_upgraded":5,"win_rate":0,"timestamp":1558242398,"path_taken":["M","M","$","?","?","R","E","R","T","$","R","E","R","E","R","BOSS","M","$","?","?","M","R","E","R","T","E","R","$","M","?","R","BOSS","M","?","$","?","?","E","R","M","T","R","M","E","R","?","R","BOSS"],"build_version":"2019-01-23","purchased_purges":2,"victory":true,"max_hp_per_floor":[70,70,70,70,70,70,70,70,70,70,70,70,70,70,70,70,70,70,70,70,70,70,70,70,70,70,70,70,70,70,70,70,70,70,70,70,70,70,76,83,83,83,83,83,83,83,83,83,83,83],"card_choices":[{"not_picked":["Dagger Spray","Underhanded Strike"],"picked":"Tactician","floor":1},{"not_picked":["Bane","Acrobatics"],"picked":"Backflip","floor":2},{"not_picked":["Bane","Outmaneuver"],"picked":"Acrobatics","floor":7},{"not_picked":["Leg Sweep","Phantasmal Killer"],"picked":"Dash","floor":12},{"not_picked":["Sucker Punch","Escape Plan"],"picked":"Caltrops","floor":14},{"not_picked":["Venomology","Envenom"],"picked":"After Image","floor":16},{"not_picked":["All Out Attack+1","Bane"],"picked":"Prepared","floor":18},{"not_picked":["Noxious Fumes","Expertise"],"picked":"Dagger Throw+1","floor":21},{"not_picked":["Deadly Poison","Dagger Throw"],"picked":"Bane","floor":22},{"not_picked":["Deflect","Poisoned Stab"],"picked":"Tools of the Trade","floor":24},{"not_picked":["Sucker Punch","Slice+1"],"picked":"Backstab+1","floor":27},{"not_picked":["Slice","Calculated Gamble+1"],"picked":"Dodge and Roll+1","floor":30},{"not_picked":["Venomology","Burst"],"picked":"After Image","floor":33},{"not_picked":["Blade Dance+1","Backflip+1"],"picked":"Dodge and Roll+1","floor":35},{"not_picked":["Acrobatics","Deadly Poison+1"],"picked":"Noxious Fumes","floor":36},{"not_picked":["HandOfGreed","Flash of Steel"],"picked":"Trip","floor":38},{"not_picked":["Flying Knee+1","Dodge and Roll"],"picked":"Heel Hook","floor":40},{"not_picked":["Blade Dance+1","PiercingWail+1"],"picked":"Masterful Stab+1","floor":42},{"not_picked":["Slice+1","Masterful Stab"],"picked":"Blur+1","floor":45},{"not_picked":["Storm of Steel","Dodge and Roll"],"picked":"Heel Hook+1","floor":46},{"not_picked":["Bouncing Flask","Flying Knee"],"picked":"Footwork+1","floor":48}],"player_experience":650437,"relics_obtained":[{"floor":7,"key":"Pen Nib"},{"floor":9,"key":"Ninja Scroll"},{"floor":12,"key":"Bag of Preparation"},{"floor":14,"key":"War Paint"},{"floor":20,"key":"MawBank"},{"floor":24,"key":"Centennial Puzzle"},{"floor":26,"key":"Darkstone Periapt"},{"floor":27,"key":"Bag of Marbles"},{"floor":40,"key":"Strawberry"},{"floor":43,"key":"Anchor"},{"floor":46,"key":"FossilizedHelix"},{"floor":48,"key":"Ginger"}],"event_choices":[{"damage_healed":0,"gold_gain":175,"player_choice":"AGREE","damage_taken":0,"max_hp_gain":0,"max_hp_loss":0,"event_name":"Liars Game","floor":4,"gold_loss":0,"cards_obtained":["Doubt"]},{"damage_healed":0,"gold_gain":0,"player_choice":"2 cards matched","damage_taken":0,"max_hp_gain":0,"max_hp_loss":0,"event_name":"Match and Keep!","floor":5,"gold_loss":0,"cards_obtained":["Leg Sweep","Deadly Poison"]},{"damage_healed":0,"gold_gain":0,"player_choice":"2 cards matched","damage_taken":0,"max_hp_gain":0,"max_hp_loss":0,"event_name":"Match and Keep!","floor":5,"gold_loss":0,"cards_obtained":["Leg Sweep","Deadly Poison"]},{"cards_removed":["Strike_G"],"damage_healed":0,"gold_gain":0,"player_choice":"Offered Basic","damage_taken":0,"max_hp_gain":0,"max_hp_loss":0,"event_name":"Bonfire Elementals","floor":31,"gold_loss":0},{"damage_healed":0,"gold_gain":0,"player_choice":"Memory 1","damage_taken":0,"max_hp_gain":0,"max_hp_loss":0,"event_name":"SensoryStone","floor":38,"gold_loss":0},{"damage_healed":18,"gold_gain":0,"player_choice":"Writhe","damage_taken":0,"max_hp_gain":0,"max_hp_loss":0,"event_name":"Winding Halls","floor":39,"gold_loss":0,"cards_obtained":["Writhe"]},{"damage_healed":0,"gold_gain":0,"player_choice":"Fight","damage_taken":0,"max_hp_gain":0,"max_hp_loss":0,"event_name":"MindBloom","floor":48,"gold_loss":0}],"is_beta":false,"boss_relics":[{"not_picked":["Ectoplasm","Lizard Tail"],"picked":"Astrolabe"},{"not_picked":["White Beast Statue","HoveringKite"],"picked":"Sozu"}],"items_purged_floors":[29,37],"is_endless":false,"potions_floor_spawned":[2,12,22,24,30,33,40,46],"ascension_level":5}