{"gold_per_floor":[114,132,82,95,107,107,107,119,195,205,215,215,230,230,230,307,307,322,334,354,13,24,24,35,46,46,46,74,74,74,100,100,176,176,188,205,205],"floor_reached":37,"playtime":2030,"items_purged":[],"score":717,"play_id":"0da20b6a-bc5b-4ad5-b7e1-baaa7dd76d17","local_time":"20190706060655","is_ascension_mode":true,"campfire_choices":[{"data":"Neutralize","floor":6,"key":"SMITH"},{"floor":12,"key":"REST"},{"data":"Footwork","floor":15,"key":"SMITH"},{"floor":23,"key":"REST"},{"floor":27,"key":"REST"},{"floor":29,"key":"REST"},{"data":"Noxious Fumes","floor":32,"key":"SMITH"}],"neow_cost":"NONE","seed_source_timestamp":17909436702809,"circlet_count":0,"master_deck":["AscendersBane","Strike_G","Strike_G","Strike_G","Strike_G","Defend_G","Defend_G+1","Defend_G","Defend_G","Defend_G","Survivor+1","Neutralize+1","Infinite Blades","Backflip","Noxious Fumes+1","Dagger Throw","Footwork+1","Poisoned Stab","PiercingWail","Die Die Die","Dagger Spray","Caltrops","A Thousand Cuts","Deflect+1","Tools of the Trade","Cloak And Dagger","Bullet Time","Burst","Deflect+1","Crippling Poison"],"relics":["Eternal Feather","StoneCalendar","Mercury Hourglass","Runic Pyramid","War Paint","Mango","Orichalcum","Gremlin Horn","HoveringKite"],"potions_floor_usage":[13,16,19,20,22,22,25,36,36,37],"damage_taken":[{"damage":4,"enemies":"Jaw Worm","floor":1,"turns":8},{"damage":3,"enemies":"2 Louse","floor":2,"turns":4},{"damage":2,"enemies":"Cultist","floor":4,"turns":4},{"damage":3,"enemies":"2 Fungi Beasts","floor":5,"turns":4},{"damage":9,"enemies":"Looter","floor":8,"turns":4},{"damage":7,"enemies":"Exordium Wildlife","floor":10,"turns":5},{"damage":5,"enemies":"3 Louse","floor":11,"turns":4},{"damage":13,"enemies":"Exordium Thugs","floor":13,"turns":5},{"damage":24,"enemies":"Slime Boss","floor":16,"turns":8},{"damage":13,"enemies":"3 Byrds","floor":18,"turns":5},{"damage":20,"enemies":"Spheric Guardian","floor":19,"turns":7},{"damage":10,"enemies":"3 Cultists","floor":20,"turns":4},{"damage":15,"enemies":"Centurion and Healer","floor":22,"turns":7},{"damage":9,"enemies":"Chosen and Byrds","floor":24,"turns":7},{"damage":15,"enemies":"Snecko","floor":25,"turns":6},{"damage":61,"enemies":"Gremlin Leader","floor":28,"turns":7},{"damage":25,"enemies":"Book of Stabbing","floor":31,"turns":7},{"damage":27,"enemies":"Champ","floor":33,"turns":16},{"damage":43,"enemies":"Orb Walker","floor":35,"turns":6},{"damage":14,"enemies":"3 Shapes","floor":36,"turns":5},{"damage":38,"enemies":"Transient","floor":37,"turns":3}],"seed_played":"-293030022191489022","potions_obtained":[{"floor":1,"key":"Energy Potion"},{"floor":4,"key":"SneckoOil"},{"floor":13,"key":"Fruit Juice"},{"floor":19,"key":"Fire Potion"},{"floor":20,"key":"EssenceOfSteel"},{"floor":24,"key":"AttackPotion"},{"floor":33,"key":"AttackPotion"},{"floor":35,"key":"Block Potion"},{"floor":36,"key":"GhostInAJar"}],"is_trial":false,"path_per_floor":["M","M","?","M","M","R","?","M","T","M","M","R","M","?","R","B",null,"M","M","M","$","M","R","M","M","T","R","E","R","?","E","R","B",null,"M","M","M"],"character_chosen":"THE_SILENT","items_purchased":["A Thousand Cuts","War Paint","PowerPotion"],"campfire_rested":4,"item_purchase_floors":[21,21,21],"current_hp_per_floor":[55,52,52,50,47,56,44,35,35,28,23,51,38,38,50,31,61,48,28,18,18,3,36,27,12,26,66,5,45,95,70,85,58,86,43,29,0],"gold":205,"neow_bonus":"BOSS_RELIC","is_prod":false,"is_daily":false,"chose_seed":false,"campfire_upgraded":3,"win_rate":0,"timestamp":1562357215,"path_taken":["M","M","?","M","M","R","?","?","T","M","M","R","M","?","R","BOSS","M","M","M","$","M","R","M","M","T","R","E","R","?","E","R","BOSS","M","M","?"],"build_version":"2019-07-01","purchased_purges":0,"victory":false,"max_hp_per_floor":[66,66,66,66,66,66,66,66,66,66,66,66,66,66,66,71,71,71,71,71,71,71,71,71,71,85,85,85,85,95,95,95,95,95,95,95,95],"card_choices":[{"not_picked":["Acrobatics","Finisher"],"picked":"Infinite Blades","floor":1},{"not_picked":["Masterful Stab","Flying Knee"],"picked":"Backflip","floor":2},{"not_picked":["Blade Dance","Bane"],"picked":"Noxious Fumes","floor":4},{"not_picked":["Distraction","Choke"],"picked":"Dagger Throw","floor":5},{"not_picked":["Cloak And Dagger","Deflect"],"picked":"Footwork","floor":8},{"not_picked":["Reflex","Dagger Spray"],"picked":"Malaise","floor":10},{"not_picked":["Underhanded Strike","Dagger Throw"],"picked":"Poisoned Stab","floor":11},{"not_picked":["Flechettes","Eviscerate"],"picked":"PiercingWail","floor":13},{"not_picked":["Bullet Time","Glass Knife"],"picked":"Die Die Die","floor":16},{"not_picked":["Bane","Outmaneuver","Expertise"],"picked":"SKIP","floor":18},{"not_picked":["Underhanded Strike","Footwork"],"picked":"Dagger Spray","floor":19},{"not_picked":["Dodge and Roll","Choke+1"],"picked":"Caltrops","floor":20},{"not_picked":["Flying Knee","Prepared","Dagger Throw"],"picked":"SKIP","floor":22},{"not_picked":["Calculated Gamble","Underhanded Strike+1"],"picked":"Deflect+1","floor":24},{"not_picked":["Masterful Stab","Blur"],"picked":"Tools of the Trade","floor":25},{"not_picked":["Dodge and Roll","PiercingWail"],"picked":"Cloak And Dagger","floor":28},{"not_picked":["Dagger Throw","Acrobatics"],"picked":"Bullet Time","floor":31},{"not_picked":["Tools of the Trade","Glass Knife"],"picked":"Burst","floor":33},{"not_picked":["Dodge and Roll","Skewer+1"],"picked":"Deflect+1","floor":35},{"not_picked":["Prepared","Dagger Spray"],"picked":"Crippling Poison","floor":36}],"player_experience":943030,"relics_obtained":[{"floor":9,"key":"Mercury Hourglass"},{"floor":26,"key":"Mango"},{"floor":28,"key":"Orichalcum"},{"floor":31,"key":"Gremlin Horn"}],"event_choices":[{"cards_removed":["Strike_G"],"damage_healed":0,"gold_gain":0,"player_choice":"Card Removal","damage_taken":0,"max_hp_gain":0,"max_hp_loss":0,"event_name":"The Cleric","floor":3,"gold_loss":50},{"damage_healed":0,"gold_gain":0,"player_choice":"Success","damage_taken":12,"relics_obtained":["StoneCalendar"],"max_hp_gain":0,"max_hp_loss":0,"event_name":"Scrap Ooze","floor":7,"gold_loss":0},{"damage_healed":0,"gold_gain":0,"player_choice":"Ignored","damage_taken":0,"max_hp_gain":0,"max_hp_loss":0,"event_name":"Liars Game","floor":14,"gold_loss":0},{"cards_removed":["Malaise"],"damage_healed":40,"gold_gain":0,"player_choice":"Offered Rare","damage_taken":0,"max_hp_gain":10,"max_hp_loss":0,"event_name":"Bonfire Elementals","floor":30,"gold_loss":0}],"is_beta":false,"boss_relics":[{"not_picked":["Astrolabe","Coffee Dripper"],"picked":"Runic Pyramid"},{"not_picked":["Empty Cage","Runic Dome"],"picked":"HoveringKite"}],"items_purged_floors":[],"is_endless":false,"potions_floor_spawned":[1,4,11,13,19,20,24,33,35,36],"killed_by":"Transient","ascension_level":14}