{"gold_per_floor":[18,34,34,52,52,83,103,103,128,303,343,343,44,68,68,196,196,216,216,243,257,282,282,91,91,117,161,174,174,174,195,195,195],"floor_reached":33,"playtime":1510,"items_purged":["Doubt"],"score":369,"play_id":"b99956cf-4407-455d-a24e-0d7950837803","local_time":"20190503231632","is_ascension_mode":true,"campfire_choices":[{"data":"Body Slam","floor":8,"key":"SMITH"},{"floor":12,"key":"REST"},{"data":"Inflame","floor":15,"key":"SMITH"},{"data":"Offering","floor":23,"key":"SMITH"},{"data":"Double Tap","floor":29,"key":"SMITH"},{"data":"Intimidate","floor":32,"key":"SMITH"}],"neow_cost":"NO_GOLD","seed_source_timestamp":40511688449138,"circlet_count":0,"master_deck":["Defend_R","Defend_R","Defend_R","Defend_R","Bash","Cleave","Inflame+1","Rampage","Injury","Shrug It Off","Body Slam+1","Dropkick","Double Tap+1","Headbutt","Offering+1","Intimidate+1","Dual Wield","Seeing Red+1","Shrug It Off","Bite","Bite","Bite","Bite","Bite","Metallicize","Heavy Blade","Cleave+1"],"relics":["Burning Blood","FossilizedHelix","Golden Idol","Bag of Marbles","Pen Nib","Happy Flower","Red Skull","Eternal Feather","Centennial Puzzle","Oddly Smooth Stone","Bronze Scales","Letter Opener"],"potions_floor_usage":[6,11,11,16,19,33,33],"damage_taken":[{"damage":6,"enemies":"Jaw Worm","floor":1,"turns":4},{"damage":0,"enemies":"Small Slimes","floor":2,"turns":3},{"damage":0,"enemies":"2 Louse","floor":4,"turns":2},{"damage":32,"enemies":"Lagavulin","floor":6,"turns":7},{"damage":3,"enemies":"Blue Slaver","floor":7,"turns":5},{"damage":34,"enemies":"3 Sentries","floor":11,"turns":9},{"damage":0,"enemies":"Large Slime","floor":14,"turns":5},{"damage":24,"enemies":"Hexaghost","floor":16,"turns":9},{"damage":11,"enemies":"Spheric Guardian","floor":18,"turns":3},{"damage":19,"enemies":"Colosseum Slavers","floor":19,"turns":4},{"damage":6,"enemies":"Chosen","floor":21,"turns":3},{"damage":22,"enemies":"Snake Plant","floor":22,"turns":3},{"damage":32,"enemies":"Slavers","floor":27,"turns":4},{"damage":6,"enemies":"Cultist and Chosen","floor":28,"turns":3},{"damage":6,"enemies":"Chosen and Byrds","floor":31,"turns":4},{"damage":95,"enemies":"Collector","floor":33,"turns":6}],"seed_played":"-3926957704640812116","potions_obtained":[{"floor":2,"key":"SkillPotion"},{"floor":6,"key":"SpeedPotion"},{"floor":7,"key":"PowerPotion"},{"floor":14,"key":"Weak Potion"},{"floor":16,"key":"Regen Potion"},{"floor":27,"key":"Swift Potion"},{"floor":31,"key":"PowerPotion"}],"is_trial":false,"path_per_floor":["M","M","?","M","?","E","M","R","T","?","E","R","$","M","R","B",null,"M","?","T","M","M","R","$","?","T","E","M","R","?","M","R","B"],"character_chosen":"IRONCLAD","items_purchased":["Double Tap","Red Skull","Oddly Smooth Stone","Shrug It Off"],"campfire_rested":1,"item_purchase_floors":[13,13,24,24],"current_hp_per_floor":[80,80,80,80,80,54,57,57,57,57,29,53,53,59,59,41,70,65,64,64,64,48,60,60,56,56,38,46,56,56,56,56,0],"gold":195,"neow_bonus":"ONE_RARE_RELIC","is_prod":false,"is_daily":false,"chose_seed":false,"campfire_upgraded":5,"win_rate":0,"timestamp":1556889392,"path_taken":["M","M","?","M","?","E","M","R","T","?","E","R","?","M","R","BOSS","M","?","?","M","?","R","$","?","T","E","M","R","?","M","R","BOSS"],"build_version":"2019-01-23","purchased_purges":1,"victory":false,"max_hp_per_floor":[80,80,80,80,80,80,80,80,80,80,80,80,80,80,80,80,80,80,80,80,80,80,80,80,56,56,56,56,56,56,56,56,56],"card_choices":[{"not_picked":["Warcry","Iron Wave"],"picked":"Cleave","floor":1},{"not_picked":["Iron Wave","Armaments"],"picked":"Inflame","floor":2},{"not_picked":["Warcry","Thunderclap"],"picked":"Rampage","floor":4},{"not_picked":["Perfected Strike","Anger"],"picked":"Shrug It Off","floor":6},{"not_picked":["Twin Strike","Seeing Red"],"picked":"Body Slam","floor":7},{"not_picked":["Sword Boomerang","Heavy Blade"],"picked":"Dropkick","floor":11},{"not_picked":["Brutality","Armaments"],"picked":"Headbutt","floor":14},{"not_picked":["Immolate","Double Tap"],"picked":"Offering","floor":16},{"not_picked":["Sever Soul","Clash"],"picked":"Intimidate","floor":18},{"not_picked":["Reckless Charge","Headbutt"],"picked":"Dual Wield","floor":21},{"not_picked":["Perfected Strike","Pummel"],"picked":"Seeing Red+1","floor":22},{"not_picked":["Wild Strike","Combust"],"picked":"Metallicize","floor":27},{"not_picked":["Clash","True Grit"],"picked":"Heavy Blade","floor":28},{"not_picked":["Pommel Strike","Clash"],"picked":"Cleave+1","floor":31}],"player_experience":602307,"relics_obtained":[{"floor":6,"key":"Bag of Marbles"},{"floor":9,"key":"Pen Nib"},{"floor":11,"key":"Happy Flower"},{"floor":20,"key":"Centennial Puzzle"},{"floor":26,"key":"Bronze Scales"},{"floor":27,"key":"Letter Opener"}],"event_choices":[{"damage_healed":0,"gold_gain":0,"player_choice":"Leave","damage_taken":0,"max_hp_gain":0,"max_hp_loss":0,"event_name":"The Cleric","floor":3,"gold_loss":0},{"damage_healed":0,"gold_gain":0,"player_choice":"Take Wound","damage_taken":0,"relics_obtained":["Golden Idol"],"max_hp_gain":0,"max_hp_loss":0,"event_name":"Golden Idol","floor":5,"gold_loss":0,"cards_obtained":["Injury"]},{"damage_healed":0,"gold_gain":175,"player_choice":"AGREE","damage_taken":0,"max_hp_gain":0,"max_hp_loss":0,"event_name":"Liars Game","floor":10,"gold_loss":0,"cards_obtained":["Doubt"]},{"damage_healed":0,"gold_gain":0,"player_choice":"Fight","damage_taken":0,"max_hp_gain":0,"max_hp_loss":0,"event_name":"Colosseum","floor":19,"gold_loss":0},{"damage_healed":0,"gold_gain":0,"player_choice":"Fled From Nobs","damage_taken":0,"max_hp_gain":0,"max_hp_loss":0,"event_name":"Colosseum","floor":19,"gold_loss":0},{"damage_healed":0,"gold_gain":0,"player_choice":"Became a vampire","damage_taken":0,"max_hp_gain":0,"max_hp_loss":24,"event_name":"Vampires","floor":25,"gold_loss":0,"cards_obtained":["Bite","Bite","Bite","Bite","Bite"]},{"damage_healed":0,"gold_gain":0,"player_choice":"Ignored","damage_taken":0,"max_hp_gain":0,"max_hp_loss":0,"event_name":"Ghosts","floor":30,"gold_loss":0}],"is_beta":false,"boss_relics":[{"not_picked":["Tiny House","White Beast Statue"],"picked":"Eternal Feather"}],"items_purged_floors":[13],"is_endless":false,"potions_floor_spawned":[2,6,7,14,16,19,27,31],"killed_by":"Collector","ascension_level":5}