{"gold_per_floor":[118,132,132,5,29,67,85,85,109,109,109,143,143,143,143,143],"floor_reached":16,"playtime":870,"items_purged":["Injury"],"score":189,"play_id":"f7a5788f-a52f-4ea6-991e-35c0816e8457","local_time":"20190718215407","is_ascension_mode":true,"campfire_choices":[{"floor":8,"key":"REST"},{"floor":11,"key":"REST"},{"data":"Burst","floor":13,"key":"SMITH"},{"floor":15,"key":"REST"}],"neow_cost":"PERCENT_DAMAGE","seed_source_timestamp":5339478678256,"circlet_count":0,"master_deck":["AscendersBane","Strike_G","Strike_G","Strike_G","Strike_G","Defend_G","Defend_G","Defend_G","Defend_G","Defend_G","Survivor","Neutralize","Dagger Spray","Masterful Stab","Sucker Punch","Poisoned Stab","Cloak And Dagger","Burst+1","Skewer+1","Well Laid Plans"],"relics":["Ring of the Snake","WingedGreaves","Golden Idol","Centennial Puzzle","Boot","Juzu Bracelet"],"potions_floor_usage":[6,7,16],"damage_taken":[{"damage":2,"enemies":"Jaw Worm","floor":1,"turns":5},{"damage":2,"enemies":"2 Louse","floor":2,"turns":3},{"damage":0,"enemies":"Small Slimes","floor":5,"turns":2},{"damage":31,"enemies":"Lagavulin","floor":6,"turns":7},{"damage":5,"enemies":"Red Slaver","floor":7,"turns":3},{"damage":14,"enemies":"3 Sentries","floor":12,"turns":9},{"damage":51,"enemies":"Slime Boss","floor":16,"turns":13}],"seed_played":"6520741136392524625","potions_obtained":[{"floor":5,"key":"Fire Potion"},{"floor":6,"key":"Weak Potion"},{"floor":12,"key":"Weak Potion"}],"is_trial":false,"path_per_floor":["M","M","?","$","M","E","M","R","T","?","R","E","R","?","R","B"],"character_chosen":"THE_SILENT","items_purchased":["Sucker Punch"],"campfire_rested":3,"item_purchase_floors":[4],"current_hp_per_floor":[42,40,40,40,40,9,4,23,23,23,42,28,28,28,47,0],"gold":143,"neow_bonus":"ONE_RARE_RELIC","is_prod":false,"is_daily":false,"chose_seed":false,"campfire_upgraded":1,"win_rate":0,"timestamp":1563450847,"path_taken":["M","M","?","$","M","E","M","R","T","?","R","E","R","?","R","BOSS"],"build_version":"2019-07-17","purchased_purges":1,"victory":false,"max_hp_per_floor":[66,66,66,66,66,66,66,66,66,66,66,66,66,66,66,66],"card_choices":[{"not_picked":["Choke","Bane"],"picked":"Dagger Spray","floor":1},{"not_picked":["Flechettes","Reflex"],"picked":"Masterful Stab","floor":2},{"not_picked":["Slice","Outmaneuver"],"picked":"Poisoned Stab","floor":5},{"not_picked":["Backflip","Flying Knee"],"picked":"Cloak And Dagger","floor":6},{"not_picked":["Quick Slash","Deadly Poison"],"picked":"Burst","floor":7},{"not_picked":["Bane","Dagger Spray"],"picked":"Well Laid Plans","floor":12}],"player_experience":1032809,"relics_obtained":[{"floor":6,"key":"Centennial Puzzle"},{"floor":9,"key":"Boot"},{"floor":12,"key":"Juzu Bracelet"}],"event_choices":[{"damage_healed":0,"gold_gain":0,"player_choice":"Take Wound","damage_taken":0,"relics_obtained":["Golden Idol"],"max_hp_gain":0,"max_hp_loss":0,"event_name":"Golden Idol","floor":3,"gold_loss":0,"cards_obtained":["Injury"]},{"damage_healed":0,"gold_gain":0,"cards_transformed":["Strike_G"],"player_choice":"Change","damage_taken":0,"max_hp_gain":0,"max_hp_loss":0,"event_name":"Living Wall","floor":10,"gold_loss":0,"cards_obtained":["Skewer"]},{"damage_healed":0,"gold_gain":0,"player_choice":"Upgraded","damage_taken":0,"max_hp_gain":0,"max_hp_loss":0,"event_name":"Upgrade Shrine","floor":14,"gold_loss":0,"cards_upgraded":["Skewer"]}],"is_beta":false,"boss_relics":[],"items_purged_floors":[4],"is_endless":false,"potions_floor_spawned":[5,6,12],"killed_by":"Slime Boss","ascension_level":15}