{"gold_per_floor":[119,69,84,84,8,33,33,58,106,106,121,135,135,160,160,265,265,281,281,297,297,13,13,42,42,65,65,65,96,108,140,152,164],"floor_reached":33,"playtime":2181,"items_purged":[],"score":462,"play_id":"065f1a3b-dc56-4d6b-a81c-f59d05d5db3b","local_time":"20190912235636","is_ascension_mode":true,"campfire_choices":[{"data":"Strike_G","floor":7,"key":"PURGE"},{"data":"Strike_G","floor":10,"key":"PURGE"},{"data":"Strike_G","floor":13,"key":"PURGE"},{"floor":15,"key":"REST"},{"data":"Strike_G","floor":23,"key":"PURGE"},{"data":"Noxious Fumes","floor":25,"key":"SMITH"},{"data":"After Image","floor":28,"key":"SMITH"},{"data":"Footwork","floor":30,"key":"SMITH"},{"data":"Neutralize","floor":32,"key":"SMITH"}],"neow_cost":"NONE","seed_source_timestamp":99518699585600,"circlet_count":0,"master_deck":["Defend_G","Defend_G","Defend_G","Defend_G","Defend_G","Survivor","Neutralize+1","Flying Knee","All Out Attack","Noxious Fumes+1","PiercingWail","Infinite Blades","Caltrops","After Image+1","Crippling Poison+1","Acrobatics+1","Ghostly+1","Ghostly+1","Ghostly+1","Ghostly+1","Ghostly+1","Footwork+1","Cloak And Dagger+1","Cloak And Dagger+1","Adrenaline+1"],"relics":["Ring of the Snake","NeowsBlessing","Pen Nib","Peace Pipe","Tingsha","Bag of Preparation","Toxic Egg 2","Black Star","Enchiridion","ClockworkSouvenir","Omamori","Sundial","Strawberry","MawBank","Potion Belt"],"potions_floor_usage":[8,33],"damage_taken":[{"damage":0,"enemies":"Jaw Worm","floor":1,"turns":1},{"damage":0,"enemies":"Small Slimes","floor":3,"turns":1},{"damage":0,"enemies":"Lagavulin","floor":6,"turns":1},{"damage":7,"enemies":"3 Sentries","floor":8,"turns":6},{"damage":0,"enemies":"Cultist","floor":11,"turns":2},{"damage":1,"enemies":"Looter","floor":12,"turns":3},{"damage":20,"enemies":"Gremlin Nob","floor":14,"turns":5},{"damage":31,"enemies":"The Guardian","floor":16,"turns":11},{"damage":18,"enemies":"Chosen","floor":18,"turns":7},{"damage":3,"enemies":"Spheric Guardian","floor":20,"turns":5},{"damage":3,"enemies":"Slavers","floor":24,"turns":5},{"damage":2,"enemies":"Book of Stabbing","floor":29,"turns":6},{"damage":0,"enemies":"Cultist and Chosen","floor":31,"turns":6},{"damage":33,"enemies":"Champ","floor":33,"turns":9}],"seed_played":"-8891842108528592574","potions_obtained":[{"floor":1,"key":"Energy Potion"},{"floor":6,"key":"Explosive Potion"},{"floor":16,"key":"FearPotion"},{"floor":29,"key":"Strength Potion"},{"floor":31,"key":"Swift Potion"}],"is_trial":false,"path_per_floor":["M","?","M","?","$","E","R","E","T","R","M","M","R","E","R","B",null,"M","?","M","?","$","R","E","R","T","?","R","E","R","M","R","B"],"character_chosen":"THE_SILENT","items_purchased":["Noxious Fumes","Footwork","ClockworkSouvenir"],"campfire_rested":1,"item_purchase_floors":[5,22,22],"current_hp_per_floor":[63,63,63,56,56,56,56,49,49,49,49,48,48,28,49,18,57,39,23,20,20,20,20,17,17,17,24,24,22,22,22,22,0],"gold":164,"neow_bonus":"THREE_ENEMY_KILL","is_prod":false,"is_daily":false,"chose_seed":false,"campfire_upgraded":4,"win_rate":0,"timestamp":1568321796,"path_taken":["M","?","M","?","?","E","R","E","T","R","M","?","R","E","R","BOSS","M","?","M","?","?","R","E","R","T","?","R","E","R","M","R","BOSS"],"build_version":"2019-07-17","purchased_purges":0,"victory":false,"max_hp_per_floor":[70,70,70,70,70,70,70,70,70,70,70,70,70,70,70,70,70,70,70,70,35,35,35,35,35,35,42,42,42,42,42,42,42],"card_choices":[{"not_picked":["Cloak And Dagger","Caltrops"],"picked":"Flying Knee","floor":1},{"not_picked":["Underhanded Strike","Outmaneuver"],"picked":"All Out Attack","floor":3},{"not_picked":["Deflect","Backflip","Flying Knee"],"picked":"SKIP","floor":6},{"not_picked":["Bullet Time","Setup"],"picked":"PiercingWail","floor":8},{"not_picked":["Underhanded Strike","Riddle With Holes"],"picked":"Infinite Blades","floor":11},{"not_picked":["Underhanded Strike","Reflex","Deflect"],"picked":"SKIP","floor":12},{"not_picked":["Underhanded Strike","Reflex","Deflect"],"picked":"SKIP","floor":12},{"not_picked":["Glass Knife","Outmaneuver"],"picked":"Caltrops","floor":14},{"not_picked":["Wraith Form v2","Bullet Time+1"],"picked":"After Image","floor":16},{"not_picked":["Poisoned Stab","Acrobatics+1"],"picked":"Crippling Poison+1","floor":18},{"not_picked":["Calculated Gamble+1","Outmaneuver+1"],"picked":"Acrobatics+1","floor":20},{"not_picked":["Flying Knee+1","Quick Slash"],"picked":"Cloak And Dagger+1","floor":24},{"not_picked":["Deadly Poison+1","Flying Knee"],"picked":"Cloak And Dagger+1","floor":29},{"not_picked":["All Out Attack","Poisoned Stab+1"],"picked":"Adrenaline+1","floor":31}],"player_experience":254943,"relics_obtained":[{"floor":6,"key":"Peace Pipe"},{"floor":8,"key":"Tingsha"},{"floor":9,"key":"Bag of Preparation"},{"floor":14,"key":"Toxic Egg 2"},{"floor":19,"key":"Enchiridion"},{"floor":24,"key":"Omamori"},{"floor":24,"key":"Sundial"},{"floor":29,"key":"MawBank"},{"floor":29,"key":"Potion Belt"}],"event_choices":[{"cards_removed":["Strike_G"],"damage_healed":0,"gold_gain":0,"player_choice":"Card Removal","damage_taken":0,"max_hp_gain":0,"max_hp_loss":0,"event_name":"The Cleric","floor":2,"gold_loss":50},{"damage_healed":0,"gold_gain":0,"player_choice":"Success","damage_taken":7,"relics_obtained":["Pen Nib"],"max_hp_gain":0,"max_hp_loss":0,"event_name":"Scrap Ooze","floor":4,"gold_loss":0},{"damage_healed":0,"gold_gain":0,"player_choice":"Obtained Book","damage_taken":16,"max_hp_gain":0,"max_hp_loss":0,"event_name":"Cursed Tome","floor":19,"gold_loss":0},{"damage_healed":0,"gold_gain":0,"player_choice":"Became a Ghost","damage_taken":0,"max_hp_gain":0,"max_hp_loss":35,"event_name":"Ghosts","floor":21,"gold_loss":0,"cards_obtained":["Ghostly","Ghostly","Ghostly","Ghostly","Ghostly"]},{"damage_healed":0,"gold_gain":0,"player_choice":"Stole Relic","damage_taken":0,"relics_obtained":["Strawberry"],"max_hp_gain":0,"max_hp_loss":0,"event_name":"Addict","floor":27,"gold_loss":0,"cards_obtained":["Shame"]}],"is_beta":false,"boss_relics":[{"not_picked":["Pandora\u0027s Box","Sozu"],"picked":"Black Star"}],"items_purged_floors":[],"is_endless":false,"potions_floor_spawned":[1,6,16,29,31],"killed_by":"Champ","ascension_level":7}