{"gold_per_floor":[214,214,164,174,188,222,222,254,254,254,268,288,288,303,303,402,402,415,415,43,62,73,73],"floor_reached":23,"playtime":985,"items_purged":["Parasite"],"score":238,"play_id":"38d050d0-dc9d-4bb4-8bc4-f9c15083ec61","local_time":"20190421022822","is_ascension_mode":true,"campfire_choices":[{"floor":7,"key":"REST"},{"floor":13,"key":"REST"},{"floor":15,"key":"REST"}],"neow_cost":"NONE","seed_source_timestamp":44654531141081,"circlet_count":0,"master_deck":["Defend_G","Defend_G","Defend_G","Defend_G","Defend_G","Survivor","Neutralize","Dagger Throw","Poisoned Stab","Tactician","Well Laid Plans","Deadly Poison","Prepared","Underhanded Strike","Crippling Poison","Bite","Bite","Bite","Bite","Bite","Accuracy","Cloak And Dagger","Deadly Poison","Well Laid Plans+1","Distraction"],"relics":["Ring of the Snake","Bottled Lightning","Ninja Scroll","The Courier","Sozu","Meat on the Bone"],"potions_floor_usage":[16,16,23],"damage_taken":[{"damage":2,"enemies":"Small Slimes","floor":1,"turns":4},{"damage":0,"enemies":"2 Louse","floor":4,"turns":3},{"damage":1,"enemies":"Jaw Worm","floor":5,"turns":4},{"damage":37,"enemies":"Lagavulin","floor":6,"turns":8},{"damage":42,"enemies":"Gremlin Nob","floor":8,"turns":5},{"damage":4,"enemies":"3 Louse","floor":11,"turns":3},{"damage":0,"enemies":"Red Slaver","floor":12,"turns":3},{"damage":0,"enemies":"Blue Slaver","floor":14,"turns":3},{"damage":42,"enemies":"The Guardian","floor":16,"turns":11},{"damage":45,"enemies":"Spheric Guardian","floor":18,"turns":6},{"damage":8,"enemies":"Shell Parasite","floor":21,"turns":5},{"damage":14,"enemies":"Centurion and Healer","floor":22,"turns":7},{"damage":40,"enemies":"Slavers","floor":23,"turns":3}],"seed_played":"-5426153428255730350","potions_obtained":[{"floor":1,"key":"Ancient Potion"},{"floor":11,"key":"AttackPotion"},{"floor":14,"key":"Regen Potion"}],"is_trial":false,"path_per_floor":["M","?","?","M","M","E","R","E","T","?","M","M","R","M","R","B",null,"M","?","$","M","M","E"],"character_chosen":"THE_SILENT","items_purchased":["Meat on the Bone","Accuracy","Cloak And Dagger","Deadly Poison"],"campfire_rested":3,"item_purchase_floors":[20,20,20,20],"current_hp_per_floor":[68,61,61,61,60,23,44,2,2,19,15,15,36,36,57,30,70,25,25,25,31,33,0],"gold":73,"neow_bonus":"HUNDRED_GOLD","is_prod":false,"is_daily":false,"chose_seed":false,"campfire_upgraded":0,"win_rate":0,"timestamp":1555777702,"path_taken":["M","?","?","M","M","E","R","E","T","?","M","M","R","M","R","BOSS","M","?","$","M","M","E"],"build_version":"2019-01-23","purchased_purges":1,"victory":false,"max_hp_per_floor":[70,70,70,70,70,70,70,70,70,70,70,70,70,70,70,70,70,70,49,46,46,46,46],"card_choices":[{"not_picked":["Sucker Punch","Endless Agony"],"picked":"Dagger Throw","floor":1},{"not_picked":["Deflect","Bane"],"picked":"Poisoned Stab","floor":4},{"not_picked":["Backflip","Outmaneuver"],"picked":"Tactician","floor":5},{"not_picked":["Sucker Punch","Crippling Poison"],"picked":"Well Laid Plans","floor":6},{"not_picked":["Underhanded Strike","Night Terror","Dash"],"picked":"SKIP","floor":8},{"not_picked":["Bane","Riddle With Holes"],"picked":"Deadly Poison","floor":11},{"not_picked":["Heel Hook","Underhanded Strike"],"picked":"Prepared","floor":12},{"not_picked":["Outmaneuver","PiercingWail"],"picked":"Underhanded Strike","floor":14},{"not_picked":["Calculated Gamble","Acrobatics"],"picked":"Crippling Poison","floor":18},{"not_picked":["Expertise","Riddle With Holes"],"picked":"Well Laid Plans+1","floor":21},{"not_picked":["Sucker Punch+1","Quick Slash"],"picked":"Distraction","floor":22}],"player_experience":375352,"relics_obtained":[{"floor":6,"key":"Bottled Lightning"},{"floor":8,"key":"Ninja Scroll"},{"floor":9,"key":"The Courier"}],"event_choices":[{"cards_removed":["Strike_G"],"damage_healed":0,"gold_gain":0,"player_choice":"Card Removal","damage_taken":7,"max_hp_gain":0,"max_hp_loss":0,"event_name":"Golden Wing","floor":2,"gold_loss":0},{"cards_removed":["Strike_G"],"damage_healed":0,"gold_gain":0,"player_choice":"Card Removal","damage_taken":0,"max_hp_gain":0,"max_hp_loss":0,"event_name":"The Cleric","floor":3,"gold_loss":50},{"damage_healed":17,"gold_gain":0,"player_choice":"Healed and dodged fight","damage_taken":0,"max_hp_gain":0,"max_hp_loss":0,"event_name":"Mushrooms","floor":10,"gold_loss":0,"cards_obtained":["Parasite"]},{"damage_healed":0,"gold_gain":0,"player_choice":"Became a vampire","damage_taken":0,"max_hp_gain":0,"max_hp_loss":21,"event_name":"Vampires","floor":19,"gold_loss":0,"cards_obtained":["Bite","Bite","Bite","Bite","Bite"]}],"is_beta":false,"boss_relics":[{"not_picked":["Runic Dome","Ectoplasm"],"picked":"Sozu"}],"items_purged_floors":[20],"is_endless":false,"potions_floor_spawned":[1,11,14,18,21],"killed_by":"Slavers","ascension_level":1}