{"gold_per_floor":[115,115,133,133,146,146,221,64,64,64,83,108,143,68,68,146,146,164,183,183],"floor_reached":20,"playtime":951,"items_purged":["Strike_R"],"score":327,"play_id":"7d595dd1-ccda-49b7-9541-33e10425c15e","local_time":"20190415212108","is_ascension_mode":true,"campfire_choices":[{"data":"Inflame","floor":6,"key":"SMITH"},{"floor":10,"key":"REST"},{"data":"Rampage","floor":15,"key":"SMITH"}],"neow_cost":"PERCENT_DAMAGE","seed_source_timestamp":268349409831999,"circlet_count":0,"master_deck":["AscendersBane","Strike_R","Strike_R","Strike_R","Defend_R","Defend_R","Defend_R","Defend_R","Bash","Clothesline","Inflame+1","Anger","Sword Boomerang","True Grit","Rampage+1","Reaper"],"relics":["Burning Blood","PreservedInsect","Dream Catcher","Happy Flower","WingedGreaves","Black Star"],"potions_floor_usage":[13,16,16],"damage_taken":[{"damage":16,"enemies":"Small Slimes","floor":1,"turns":5},{"damage":2,"enemies":"2 Louse","floor":3,"turns":5},{"damage":4,"enemies":"Jaw Worm","floor":5,"turns":4},{"damage":23,"enemies":"Gremlin Gang","floor":11,"turns":5},{"damage":20,"enemies":"3 Sentries","floor":13,"turns":5},{"damage":27,"enemies":"The Guardian","floor":16,"turns":11},{"damage":44,"enemies":"3 Byrds","floor":18,"turns":8},{"damage":27,"enemies":"Spheric Guardian","floor":19,"turns":5},{"damage":42,"enemies":"Cultist and Chosen","floor":20,"turns":5}],"seed_played":"860064658737622022","potions_obtained":[{"floor":3,"key":"SteroidPotion"},{"floor":11,"key":"Weak Potion"},{"floor":13,"key":"Swift Potion"},{"floor":18,"key":"PowerPotion"}],"is_trial":false,"path_per_floor":["M","?","M","?","M","R","?","$","T","R","M","T","E","$","R","B",null,"M","M","M"],"character_chosen":"IRONCLAD","items_purchased":["PreservedInsect"],"campfire_rested":1,"item_purchase_floors":[8],"current_hp_per_floor":[54,47,51,51,53,53,42,42,42,68,51,51,37,37,37,16,71,42,21,0],"gold":183,"neow_bonus":"TWENTY_PERCENT_HP_BONUS","is_prod":false,"is_daily":false,"chose_seed":false,"campfire_upgraded":2,"win_rate":0,"timestamp":1555388468,"path_taken":["M","?","M","?","M","R","?","$","T","R","M","?","E","?","R","BOSS","M","M","M"],"build_version":"2019-01-23","purchased_purges":1,"victory":false,"max_hp_per_floor":[89,89,89,89,89,89,89,89,89,89,89,89,89,89,89,89,89,89,89,89],"card_choices":[{"not_picked":["Infernal Blade","True Grit"],"picked":"Clothesline","floor":1},{"not_picked":["Wild Strike","Armaments"],"picked":"Inflame","floor":3},{"not_picked":["Shrug It Off","Pummel"],"picked":"Anger","floor":5},{"not_picked":["Whirlwind","Havoc"],"picked":"Sword Boomerang","floor":10},{"not_picked":["Cleave","Warcry"],"picked":"True Grit","floor":11},{"not_picked":["Warcry","Pommel Strike"],"picked":"Rampage","floor":13},{"not_picked":["Immolate","Fiend Fire"],"picked":"Reaper","floor":16},{"not_picked":["Searing Blow","Warcry","Perfected Strike"],"picked":"SKIP","floor":18},{"not_picked":["Feel No Pain","Wild Strike","Havoc"],"picked":"SKIP","floor":19}],"player_experience":466101,"relics_obtained":[{"floor":9,"key":"Dream Catcher"},{"floor":12,"key":"Happy Flower"},{"floor":13,"key":"WingedGreaves"}],"event_choices":[{"cards_removed":["Strike_R"],"damage_healed":0,"gold_gain":0,"player_choice":"Card Removal","damage_taken":7,"max_hp_gain":0,"max_hp_loss":0,"event_name":"Golden Wing","floor":2,"gold_loss":0},{"damage_healed":0,"gold_gain":0,"player_choice":"Ignored","damage_taken":0,"max_hp_gain":0,"max_hp_loss":0,"event_name":"Liars Game","floor":4,"gold_loss":0},{"damage_healed":0,"gold_gain":75,"player_choice":"Gather Gold","damage_taken":11,"max_hp_gain":0,"max_hp_loss":0,"event_name":"World of Goop","floor":7,"gold_loss":0}],"is_beta":false,"boss_relics":[{"not_picked":["White Beast Statue","Ectoplasm"],"picked":"Black Star"}],"items_purged_floors":[14],"is_endless":false,"potions_floor_spawned":[3,11,13,18],"killed_by":"Cultist and Chosen","ascension_level":18}