{"gold_per_floor":[110,128,139,139,153,153,165,22,22,37,67,67,41,59,59,162,162,175,18,18,38,38,38,72,72,72,34,45,45,60,60,60,165,165,176,176,192,117,117,117,146,161,188,200,200,200,200,219,219,219],"floor_reached":51,"playtime":2363,"items_purged":["Strike_G"],"score":909,"play_id":"faee2c9f-f4d5-4a83-b755-f7fc8fd905e7","local_time":"20190816110640","is_ascension_mode":true,"campfire_choices":[{"data":"Noxious Fumes","floor":6.0,"key":"SMITH"},{"data":"Footwork","floor":12.0,"key":"SMITH"},{"data":"Catalyst","floor":15.0,"key":"SMITH"},{"data":"Catalyst","floor":23.0,"key":"SMITH"},{"data":"Bouncing Flask","floor":25.0,"key":"SMITH"},{"data":"Footwork","floor":29.0,"key":"SMITH"},{"data":"Adrenaline","floor":32.0,"key":"SMITH"},{"data":"Leg Sweep","floor":40.0,"key":"SMITH"},{"data":"Deadly Poison","floor":45.0,"key":"SMITH"},{"data":"Master of Strategy","floor":47.0,"key":"SMITH"},{"floor":49.0,"key":"REST"}],"neow_cost":"PERCENT_DAMAGE","seed_source_timestamp":79555518744700,"circlet_count":0,"master_deck":["Strike_G","Strike_G","Defend_G","Defend_G","Defend_G","Defend_G","Defend_G","Survivor","Neutralize","Noxious Fumes+1","Bouncing Flask+1","Leg Sweep+1","Deadly Poison+1","Footwork+1","Adrenaline+1","Catalyst+1","Catalyst+1","Dodge and Roll","Bullet Time","Crippling Poison+1","Footwork+1","Bouncing Flask+1","Bullet Time","Master of Strategy+1"],"special_seed":0,"relics":["Ring of the Snake","Nunchaku","Bottled Lightning","Gremlin Horn","Snecko Eye","Bag of Preparation","Incense Burner","Pear","Busted Crown","Ginger","Regal Pillow"],"potions_floor_usage":[],"damage_taken":[{"damage":0.0,"enemies":"Cultist","floor":1.0,"turns":3.0},{"damage":3.0,"enemies":"Small Slimes","floor":2.0,"turns":6.0},{"damage":1.0,"enemies":"Jaw Worm","floor":3.0,"turns":5.0},{"damage":1.0,"enemies":"Looter","floor":5.0,"turns":4.0},{"damage":5.0,"enemies":"Gremlin Gang","floor":7.0,"turns":2.0},{"damage":0.0,"enemies":"Red Slaver","floor":10.0,"turns":4.0},{"damage":0.0,"enemies":"Lagavulin","floor":11.0,"turns":5.0},{"damage":0.0,"enemies":"Looter","floor":14.0,"turns":4.0},{"damage":25.0,"enemies":"The Guardian","floor":16.0,"turns":7.0},{"damage":0.0,"enemies":"Spheric Guardian","floor":18.0,"turns":2.0},{"damage":2.0,"enemies":"Shell Parasite","floor":21.0,"turns":3.0},{"damage":2.0,"enemies":"Book of Stabbing","floor":24.0,"turns":4.0},{"damage":7.0,"enemies":"Shelled Parasite and Fungi","floor":28.0,"turns":4.0},{"damage":0.0,"enemies":"Chosen and Byrds","floor":30.0,"turns":5.0},{"damage":5.0,"enemies":"Automaton","floor":33.0,"turns":3.0},{"damage":1.0,"enemies":"3 Shapes","floor":35.0,"turns":5.0},{"damage":17.0,"enemies":"3 Darklings","floor":37.0,"turns":4.0},{"damage":11.0,"enemies":"Nemesis","floor":41.0,"turns":5.0},{"damage":0.0,"enemies":"Writhing Mass","floor":42.0,"turns":5.0},{"damage":0.0,"enemies":"Spire Growth","floor":44.0,"turns":3.0},{"damage":0.0,"enemies":"4 Shapes","floor":48.0,"turns":3.0},{"damage":0,"enemies":"Time Eater","floor":50,"turns":4}],"seed_played":"1866298077258324482","potions_obtained":[{"floor":2.0,"key":"SpeedPotion"},{"floor":3.0,"key":"Explosive Potion"},{"floor":7.0,"key":"SkillPotion"},{"floor":11.0,"key":"SpeedPotion"},{"floor":21.0,"key":"Energy Potion"},{"floor":24.0,"key":"FairyPotion"},{"floor":30.0,"key":"SpeedPotion"},{"floor":35.0,"key":"Explosive Potion"}],"is_trial":false,"path_per_floor":["M","M","M","?","M","R","M","$","T","M","E","R","$","M","R","B",null,"M","$","?","M","$","R","E","R","T","$","M","R","M","$","R","B",null,"M","?","M","$","?","R","E","M","T","M","R","?","R","M","R","B",null],"character_chosen":"THE_SILENT","items_purchased":["Footwork","Adrenaline","Dodge and Roll","Bag of Preparation","Footwork"],"campfire_rested":1,"item_purchase_floors":[8,8,13,19,27],"current_hp_per_floor":[49,46,45,38,37,37,32,32,32,32,32,32,32,32,32,7,70,70,70,70,68,68,68,66,66,76,76,69,69,69,69,69,64,80,79,76,59,59,59,59,48,48,48,48,48,48,48,48,76,76],"gold":219,"neow_bonus":"ONE_RARE_RELIC","is_prod":false,"is_daily":false,"chose_seed":false,"campfire_upgraded":10,"win_rate":0,"timestamp":1565946400,"path_taken":["M","M","?","?","M","R","M","?","T","M","E","R","$","M","R","BOSS","M","$","?","?","?","R","E","R","T","$","M","R","?","?","R","BOSS","M","?","M","$","?","R","E","M","T","M","R","?","R","?","R","BOSS"],"build_version":"2019-07-17","purchased_purges":1,"victory":true,"max_hp_per_floor":[70,70,70,70,70,70,70,70,70,70,70,70,70,70,70,70,70,70,70,70,70,70,70,70,70,80,80,80,80,80,80,80,80,80,80,76,76,76,76,76,76,76,76,76,76,76,76,76,76,76],"card_choices":[{"not_picked":["Dagger Spray","Infinite Blades"],"picked":"Noxious Fumes","floor":1.0},{"not_picked":["Finisher","Bane","PiercingWail"],"picked":"SKIP","floor":2.0},{"not_picked":["Caltrops","Calculated Gamble"],"picked":"Bouncing Flask","floor":3.0},{"not_picked":["Well Laid Plans","Bane"],"picked":"Leg Sweep","floor":5.0},{"not_picked":["Backflip","Tactician"],"picked":"Deadly Poison","floor":7.0},{"not_picked":["Poisoned Stab","Backflip"],"picked":"Catalyst","floor":10.0},{"not_picked":["Dash","Heel Hook"],"picked":"Catalyst","floor":11.0},{"not_picked":["Outmaneuver","Blade Dance","Flying Knee"],"picked":"SKIP","floor":14.0},{"not_picked":["Envenom","Venomology"],"picked":"Bullet Time","floor":16.0},{"not_picked":["Riddle With Holes","Acrobatics+1"],"picked":"Crippling Poison+1","floor":18.0},{"not_picked":["Distraction","Infinite Blades","Calculated Gamble"],"picked":"SKIP","floor":21.0},{"not_picked":["Riddle With Holes","PiercingWail","Blade Dance"],"picked":"SKIP","floor":24.0},{"not_picked":["Deadly Poison","Cloak And Dagger","Slice+1"],"picked":"SKIP","floor":28.0},{"not_picked":["Noxious Fumes+1","Calculated Gamble+1"],"picked":"Bouncing Flask+1","floor":30.0},{"not_picked":["Malaise","Doppelganger"],"picked":"Bullet Time","floor":33.0},{"not_picked":["PiercingWail"],"picked":"SKIP","floor":35.0},{"not_picked":["Cloak And Dagger+1"],"picked":"SKIP","floor":37.0},{"not_picked":["Riddle With Holes+1"],"picked":"SKIP","floor":41.0},{"not_picked":["Cloak And Dagger"],"picked":"SKIP","floor":42.0},{"not_picked":["Sucker Punch"],"picked":"SKIP","floor":44.0},{"not_picked":[],"picked":"Master of Strategy","floor":46.0},{"not_picked":["PiercingWail"],"picked":"SKIP","floor":48.0}],"player_experience":92311,"relics_obtained":[{"floor":9.0,"key":"Bottled Lightning"},{"floor":11.0,"key":"Gremlin Horn"},{"floor":24.0,"key":"Incense Burner"},{"floor":26.0,"key":"Pear"},{"floor":41.0,"key":"Ginger"},{"floor":43.0,"key":"Regal Pillow"}],"event_choices":[{"cards_removed":["Strike_G"],"damage_healed":0.0,"max_hp_gain":0.0,"max_hp_loss":0.0,"gold_gain":0.0,"event_name":"Golden Wing","player_choice":"Card Removal","floor":4.0,"gold_loss":0.0,"damage_taken":7.0},{"damage_healed":0.0,"max_hp_gain":0.0,"max_hp_loss":0.0,"gold_gain":0.0,"event_name":"N\u0027loth","player_choice":"Ignored","floor":20.0,"gold_loss":0.0,"damage_taken":0.0},{"damage_healed":0.0,"max_hp_gain":0.0,"max_hp_loss":4.0,"gold_gain":0.0,"event_name":"Winding Halls","player_choice":"Max HP","floor":36.0,"gold_loss":0.0,"damage_taken":0.0},{"cards_removed":["Strike_G"],"damage_healed":0.0,"max_hp_gain":0.0,"max_hp_loss":0.0,"gold_gain":0.0,"event_name":"Falling","player_choice":"Removed Attack","floor":39.0,"gold_loss":0.0,"damage_taken":0.0},{"damage_healed":0.0,"max_hp_gain":0.0,"max_hp_loss":0.0,"gold_gain":0.0,"event_name":"SensoryStone","player_choice":"Memory 1","floor":46.0,"gold_loss":0.0,"damage_taken":0.0}],"is_beta":false,"boss_relics":[{"not_picked":["Eternal Feather","Philosopher\u0027s Stone"],"picked":"Snecko Eye"},{"not_picked":["HoveringKite","Cursed Key"],"picked":"Busted Crown"}],"items_purged_floors":[38],"is_endless":false,"potions_floor_spawned":[2,3,7,11,21,24,30,35,44],"ascension_level":3}