{"gold_per_floor":[114,189,205,222,232,257,257,290,345,345,9,9,40,52,52,152,152,162,6,6,6,25,25,36,36,110,129,129,142,162,173,173,274,274,294,0,0,18,18,44,44,44,91,91,103,0,0],"floor_reached":47,"playtime":2841,"items_purged":["Strike_P"],"score":683,"play_id":"01eaa9d3-1832-4882-9add-e648d7ae56e9","local_time":"20190913141808","is_ascension_mode":true,"campfire_choices":[{"floor":7.0,"key":"REST"},{"floor":10.0,"key":"REST"},{"floor":12.0,"key":"REST"},{"floor":15.0,"key":"REST"},{"data":"1","floor":23.0,"key":"LIFT"},{"data":"2","floor":25.0,"key":"LIFT"},{"floor":32.0,"key":"REST"},{"data":"3","floor":41,"key":"LIFT"},{"floor":42,"key":"REST"},{"data":"ClearTheMind","floor":44,"key":"SMITH"}],"neow_cost":"NONE","seed_source_timestamp":0,"circlet_count":0,"master_deck":["Defend_P","Defend_P","Defend_P","Defend_P","Eruption","Vigilance+1","JustLucky","FearNoEvil","Consecrate","Adaptation","WaveOfTheHand","CrushJoints","MasterReality","EmptyMind","ThirdEye","FearNoEvil","FollowUp","MasterReality+1","Vengeance","Conclude","Shame","Bite","Bite","Bite+1","Bite","Bite","Protect","Fasting","EmptyBody","ClearTheMind+1","LessonLearned","CurseOfTheBell","SandsOfTime","Crescendo","Crescendo+1","DeceiveReality"],"special_seed":0,"relics":["PureWater","Ancient Tea Set","Matryoshka","Happy Flower","InkBottle","Membership Card","Girya","SacredBark","Bottled Tornado","Art of War","MealTicket","Letter Opener","Calling Bell","Oddly Smooth Stone","Shuriken","WingedGreaves","Turnip","Ginger","Anchor","Melange","Red Mask"],"potions_floor_usage":[40,40,40,40,40],"damage_taken":[{"damage":0.0,"enemies":"Cultist","floor":1.0,"turns":2.0},{"damage":1.0,"enemies":"Jaw Worm","floor":3.0,"turns":6.0},{"damage":6.0,"enemies":"Small Slimes","floor":4.0,"turns":3.0},{"damage":3.0,"enemies":"Blue Slaver","floor":5.0,"turns":4.0},{"damage":30.0,"enemies":"3 Sentries","floor":6.0,"turns":7.0},{"damage":37.0,"enemies":"Gremlin Nob","floor":8.0,"turns":4.0},{"damage":16.0,"enemies":"Lagavulin","floor":13.0,"turns":3.0},{"damage":12.0,"enemies":"Gremlin Gang","floor":14.0,"turns":5.0},{"damage":0.0,"enemies":"Slime Boss","floor":16.0,"turns":8.0},{"damage":19.0,"enemies":"Shell Parasite","floor":18.0,"turns":7.0},{"damage":0.0,"enemies":"Chosen","floor":22.0,"turns":4.0},{"damage":32.0,"enemies":"Centurion and Healer","floor":24.0,"turns":6.0},{"damage":6.0,"enemies":"Snecko","floor":27.0,"turns":8.0},{"damage":5.0,"enemies":"Shelled Parasite and Fungi","floor":29.0,"turns":5.0},{"damage":15.0,"enemies":"Chosen and Byrds","floor":30.0,"turns":8.0},{"damage":19.0,"enemies":"Snake Plant","floor":31.0,"turns":4.0},{"damage":0.0,"enemies":"Collector","floor":33.0,"turns":16.0},{"damage":6.0,"enemies":"3 Shapes","floor":35.0,"turns":4.0},{"damage":8.0,"enemies":"Orb Walker","floor":38.0,"turns":5.0},{"damage":28,"enemies":"Giant Head","floor":40,"turns":5},{"damage":9,"enemies":"4 Shapes","floor":45,"turns":5},{"damage":31,"enemies":"Spire Growth","floor":47,"turns":3}],"seed_played":"-1213021272729155209","potions_obtained":[{"floor":3.0,"key":"PowerPotion"},{"floor":5.0,"key":"Fire Potion"},{"floor":8.0,"key":"SteroidPotion"},{"floor":14.0,"key":"Weak Potion"},{"floor":16.0,"key":"SkillPotion"},{"floor":22.0,"key":"PowerPotion"},{"floor":30.0,"key":"Poison Potion"},{"floor":33.0,"key":"Ancient Potion"},{"floor":35.0,"key":"Explosive Potion"},{"floor":37.0,"key":"EntropicBrew"}],"is_trial":false,"path_per_floor":["M","?","M","M","M","E","R","E","T","R","$","R","E","M","R","B",null,"M","$","?","?","M","R","M","R","T","M","?","M","M","M","R","B",null,"M","$","?","M","?","E","R","R","T","R","M","?","M"],"character_chosen":"WATCHER","items_purchased":["Membership Card","MasterReality","EmptyMind","ThirdEye","Swift Potion","Bottled Tornado","Conclude","Turnip","Ginger"],"campfire_rested":6,"item_purchase_floors":[11,11,11,11,11,19,19,36,36],"current_hp_per_floor":[65,59,58,52,49,19,38,1,1,20,20,39,23,11,30,30,65,46,46,46,45,45,45,25,25,25,25,25,28,25,12,25,45,45,41,45,45,43,43,19,19,32,32,32,25,25,0],"gold":0,"neow_bonus":"UPGRADE_CARD","is_prod":false,"is_daily":false,"chose_seed":false,"campfire_upgraded":1,"win_rate":0,"timestamp":1568348288,"path_taken":["M","?","M","M","M","E","R","E","T","R","$","R","E","?","R","BOSS","M","$","?","?","M","R","M","R","T","M","?","?","M","M","R","BOSS","M","$","?","?","?","E","R","R","T","R","M","?","M"],"build_version":"2019-09-11v2","purchased_purges":1,"victory":false,"max_hp_per_floor":[65,65,65,65,65,65,65,65,65,65,65,65,65,65,65,65,65,65,65,65,45,45,45,45,45,45,45,45,45,45,45,45,45,45,45,45,45,45,45,45,45,45,45,45,45,45,45],"card_choices":[{"not_picked":["Halt","BowlingBash"],"picked":"JustLucky","floor":1.0},{"not_picked":["FollowUp","Swivel"],"picked":"FearNoEvil","floor":3.0},{"not_picked":["EmptyBody","Weave"],"picked":"Consecrate","floor":4.0},{"not_picked":["ClearTheMind","Collect"],"picked":"Adaptation","floor":5.0},{"not_picked":["Sanctity","Collect"],"picked":"WaveOfTheHand","floor":6.0},{"not_picked":["Halt","ThirdEye"],"picked":"CrushJoints","floor":8.0},{"not_picked":["CrushJoints","Worship"],"picked":"FearNoEvil","floor":13.0},{"not_picked":["ClearTheMind","JustLucky"],"picked":"FollowUp","floor":14.0},{"not_picked":["ReachHeaven","Judgement"],"picked":"MasterReality","floor":16.0},{"not_picked":["FollowUp","CleanseEvil+1"],"picked":"Vengeance","floor":18.0},{"not_picked":["Halt","CutThroughFate"],"picked":"Protect","floor":22.0},{"not_picked":["EmptyFist","Halt"],"picked":"Fasting","floor":24.0},{"not_picked":["EmptyMind","EmptyFist+1"],"picked":"EmptyBody","floor":27.0},{"not_picked":["CrushJoints","SignatureMove"],"picked":"ClearTheMind","floor":29.0},{"not_picked":["CrushJoints","EmptyBody","FollowUp"],"picked":"SKIP","floor":30.0},{"not_picked":["CutThroughFate","CleanseEvil"],"picked":"EmptyFist","floor":31.0},{"not_picked":["Alpha","SignatureMove"],"picked":"LessonLearned","floor":33.0},{"not_picked":["Prostrate","FlyingSleeves+1"],"picked":"SandsOfTime","floor":35.0},{"not_picked":["EmptyMind","Protect"],"picked":"Crescendo","floor":38.0},{"not_picked":["BowlingBash","EmptyFist"],"picked":"Crescendo+1","floor":40},{"not_picked":["TalkToTheHand","Conclude+1"],"picked":"DeceiveReality","floor":45}],"player_experience":1318850,"relics_obtained":[{"floor":6.0,"key":"Ancient Tea Set"},{"floor":8.0,"key":"Matryoshka"},{"floor":9.0,"key":"Happy Flower"},{"floor":9.0,"key":"InkBottle"},{"floor":13.0,"key":"Girya"},{"floor":26.0,"key":"MealTicket"},{"floor":26.0,"key":"Letter Opener"},{"floor":34.0,"key":"Oddly Smooth Stone"},{"floor":34.0,"key":"Shuriken"},{"floor":34.0,"key":"WingedGreaves"},{"floor":40,"key":"Anchor"},{"floor":43,"key":"Melange"}],"event_choices":[{"damage_healed":0.0,"max_hp_gain":0.0,"max_hp_loss":0.0,"gold_gain":75.0,"event_name":"FaceTrader","player_choice":"Touch","floor":2.0,"gold_loss":0.0,"damage_taken":6.0},{"damage_healed":0.0,"max_hp_gain":0.0,"max_hp_loss":0.0,"gold_gain":0.0,"event_name":"Addict","player_choice":"Stole Relic","floor":20.0,"gold_loss":0.0,"damage_taken":0.0,"relics_obtained":["Art of War"],"cards_obtained":["Shame"]},{"damage_healed":0.0,"max_hp_gain":0.0,"max_hp_loss":20.0,"gold_gain":0.0,"event_name":"Vampires","player_choice":"Became a vampire","floor":21.0,"gold_loss":0.0,"damage_taken":0.0,"cards_obtained":["Bite","Bite","Bite","Bite","Bite"]},{"damage_healed":0.0,"max_hp_gain":0.0,"max_hp_loss":0.0,"gold_gain":0.0,"event_name":"Upgrade Shrine","player_choice":"Upgraded","floor":28.0,"gold_loss":0.0,"damage_taken":0.0,"cards_upgraded":["MasterReality"]},{"damage_healed":0.0,"max_hp_gain":0.0,"max_hp_loss":0.0,"gold_gain":0.0,"event_name":"Lab","player_choice":"Got Potions","floor":37.0,"gold_loss":0.0,"damage_taken":0.0},{"cards_removed":["EmptyFist"],"damage_healed":0.0,"max_hp_gain":0.0,"max_hp_loss":0.0,"gold_gain":0.0,"event_name":"Falling","player_choice":"Removed Attack","floor":39.0,"gold_loss":0.0,"damage_taken":0.0},{"damage_healed":0,"gold_gain":0,"player_choice":"Paid","damage_taken":0,"relics_obtained":["Red Mask"],"max_hp_gain":0,"max_hp_loss":0,"event_name":"Tomb of Lord Red Mask","floor":46,"gold_loss":103}],"is_beta":true,"boss_relics":[{"not_picked":["Empty Cage","Busted Crown"],"picked":"SacredBark"},{"not_picked":["Tiny House","Sozu"],"picked":"Calling Bell"}],"items_purged_floors":[11],"is_endless":false,"potions_floor_spawned":[3,5,8,14,16,22,30,33,35],"killed_by":"Spire Growth","ascension_level":2}