{"gold_per_floor":[110,110,75,0,0,0,43,55,135,187,199,231,256,291,303,413,425,460,491,517,552,564,576,588,107,107,126,126,126],"floor_reached":29,"playtime":1696,"items_purged":[],"score":591,"play_id":"02268226-324f-46e6-9425-edd8f6d0a047","local_time":"20190506093134","is_ascension_mode":true,"campfire_choices":[{"data":"Footwork","floor":6.0,"key":"SMITH"},{"data":"Dash","floor":11.0,"key":"SMITH"},{"data":"Flying Knee","floor":15.0,"key":"SMITH"},{"floor":23,"key":"REST"}],"neow_cost":"NONE","seed_source_timestamp":1032801677243810,"circlet_count":0,"master_deck":["AscendersBane","Defend_G","Defend_G","Defend_G","Defend_G","Defend_G","Strike_G","Strike_G+1","Strike_G","Survivor","Neutralize+1","Flying Knee+1","Footwork+1","Dagger Throw","Dash+1","Cloak And Dagger","Malaise","Caltrops","PiercingWail","Dodge and Roll","Tactician","Dash"],"special_seed":0,"relics":["Ring of the Snake","NeowsBlessing","Golden Idol","MawBank","Singing Bowl","Bag of Preparation","White Beast Statue","Gremlin Horn","MealTicket","Mango"],"potions_floor_usage":[19,20,21,22,28,29,29],"damage_taken":[{"damage":0.0,"enemies":"Small Slimes","floor":1.0,"turns":1.0},{"damage":0.0,"enemies":"Lagavulin","floor":7.0,"turns":1.0},{"damage":0.0,"enemies":"3 Sentries","floor":10.0,"turns":1.0},{"damage":0.0,"enemies":"2 Louse","floor":12.0,"turns":2.0},{"damage":0.0,"enemies":"Jaw Worm","floor":13.0,"turns":2.0},{"damage":25.0,"enemies":"Gremlin Gang","floor":14.0,"turns":5.0},{"damage":33.0,"enemies":"The Guardian","floor":16.0,"turns":19.0},{"damage":6,"enemies":"3 Byrds","floor":18,"turns":10},{"damage":9,"enemies":"Chosen","floor":19,"turns":6},{"damage":16,"enemies":"Snake Plant","floor":20,"turns":6},{"damage":15,"enemies":"Centurion and Healer","floor":21,"turns":16},{"damage":9,"enemies":"Colosseum Slavers","floor":22,"turns":8},{"damage":38,"enemies":"Chosen and Byrds","floor":27,"turns":13},{"damage":14,"enemies":"Shelled Parasite and Fungi","floor":29,"turns":3}],"seed_played":"-944497180507463707","potions_obtained":[{"floor":1.0,"key":"Energy Potion"},{"floor":7.0,"key":"SpeedPotion"},{"floor":10.0,"key":"FearPotion"},{"floor":18,"key":"GamblersBrew"},{"floor":19,"key":"SneckoOil"},{"floor":20,"key":"Regen Potion"},{"floor":21,"key":"Ancient Potion"},{"floor":27,"key":"AttackPotion"},{"floor":28,"key":"Fruit Juice"},{"floor":28,"key":"Weak Potion"}],"is_trial":false,"path_per_floor":["M","?","?","$","?","R","E","$","T","E","R","M","M","M","R","B",null,"M","M","M","M","?","R","?","$","T","M","?","M"],"character_chosen":"THE_SILENT","items_purchased":["Footwork","Gremlin Horn","MealTicket"],"campfire_rested":1,"item_purchase_floors":[4,25,25],"current_hp_per_floor":[59,39,55,55,55,55,55,55,55,55,55,55,57,34,34,1,48,42,33,17,19,10,29,29,29,43,7,12,0],"gold":126,"neow_bonus":"THREE_ENEMY_KILL","is_prod":false,"is_daily":false,"chose_seed":false,"campfire_upgraded":3,"win_rate":0,"timestamp":1557149494,"path_taken":["M","?","?","$","?","R","E","?","T","E","R","M","M","M","R","BOSS","M","M","M","?","?","R","?","?","T","M","?","?"],"build_version":"2019-01-23","purchased_purges":0,"victory":false,"max_hp_per_floor":[66,66,66,66,60,60,60,60,60,60,60,60,62,64,64,64,64,64,64,64,66,66,66,66,66,80,82,87,87],"card_choices":[{"not_picked":["Reflex","Blur"],"picked":"Flying Knee","floor":1.0},{"not_picked":["Deadly Poison","Blur"],"picked":"Dagger Throw","floor":7.0},{"not_picked":["Bane","PiercingWail"],"picked":"Dash","floor":10.0},{"not_picked":["Prepared","Underhanded Strike"],"picked":"Cloak And Dagger","floor":12.0},{"not_picked":["Concentrate","Acrobatics","Underhanded Strike"],"picked":"Singing Bowl","floor":13.0},{"not_picked":["Underhanded Strike","Cloak And Dagger","Poisoned Stab"],"picked":"Singing Bowl","floor":14.0},{"not_picked":["Night Terror","After Image"],"picked":"Malaise","floor":16.0},{"not_picked":["Escape Plan","Bane"],"picked":"Caltrops","floor":18},{"not_picked":["Dodge and Roll","Acrobatics+1"],"picked":"PiercingWail","floor":19},{"not_picked":["Catalyst","Backflip"],"picked":"Dodge and Roll","floor":20},{"not_picked":["Tactician","Underhanded Strike","Backflip"],"picked":"Singing Bowl","floor":21},{"not_picked":["Eviscerate","Prepared","Skewer"],"picked":"Singing Bowl","floor":27}],"player_experience":1460206,"relics_obtained":[{"floor":7.0,"key":"MawBank"},{"floor":9.0,"key":"Singing Bowl"},{"floor":10.0,"key":"Bag of Preparation"},{"floor":26,"key":"Mango"}],"event_choices":[{"damage_healed":0.0,"max_hp_gain":0.0,"max_hp_loss":0.0,"gold_gain":0.0,"event_name":"Shining Light","player_choice":"Entered Light","floor":2.0,"gold_loss":0.0,"damage_taken":20.0,"cards_upgraded":["Strike_G","Neutralize"]},{"damage_healed":16.0,"max_hp_gain":0.0,"max_hp_loss":0.0,"gold_gain":0.0,"event_name":"The Cleric","player_choice":"Healed","floor":3.0,"gold_loss":35.0,"damage_taken":0.0},{"damage_healed":0.0,"max_hp_gain":0.0,"max_hp_loss":6.0,"gold_gain":0.0,"event_name":"Golden Idol","player_choice":"Lose Max HP","floor":5.0,"gold_loss":0.0,"damage_taken":0.0,"relics_obtained":["Golden Idol"]},{"damage_healed":0,"gold_gain":0,"player_choice":"Fight","damage_taken":0,"max_hp_gain":0,"max_hp_loss":0,"event_name":"Colosseum","floor":22,"gold_loss":0},{"damage_healed":0,"gold_gain":0,"player_choice":"Fled From Nobs","damage_taken":0,"max_hp_gain":0,"max_hp_loss":0,"event_name":"Colosseum","floor":22,"gold_loss":0},{"damage_healed":0,"gold_gain":0,"cards_transformed":["Strike_G","Strike_G"],"player_choice":"Became Test Subject","damage_taken":0,"max_hp_gain":0,"max_hp_loss":0,"event_name":"Drug Dealer","floor":24,"gold_loss":0,"cards_obtained":["Tactician","Dash"]},{"damage_healed":0,"gold_gain":0,"player_choice":"Got Potions","damage_taken":0,"max_hp_gain":0,"max_hp_loss":0,"event_name":"Lab","floor":28,"gold_loss":0}],"is_beta":false,"boss_relics":[{"not_picked":["HoveringKite","Eternal Feather"],"picked":"White Beast Statue"}],"items_purged_floors":[],"is_endless":false,"potions_floor_spawned":[1,7,10,18,19,20,21,22,27],"killed_by":"Shelled Parasite and Fungi","ascension_level":20}