{"gold_per_floor":[16,16,16,35,45,45,58,86,112,37,47,47,60,110,110,207,207,207,162,162,162,162,162,162,162,162,162,162,162,162,162],"floor_reached":31,"playtime":1527,"items_purged":["Strike_G"],"score":386,"play_id":"86675534-bdca-4388-8663-d65fe0b05fea","local_time":"20180813025956","is_ascension_mode":true,"campfire_choices":[{"data":"Calculated Gamble","floor":6,"key":"SMITH"},{"data":"Deflect","floor":12,"key":"SMITH"},{"floor":15,"key":"REST"},{"floor":23,"key":"REST"}],"neow_cost":"NO_GOLD","seed_source_timestamp":2792137119860021,"circlet_count":0,"master_deck":["Defend_G","Defend_G","Defend_G","Defend_G","Strike_G","Survivor","Neutralize","Dagger Spray","Calculated Gamble+1","Deflect+1","Underhanded Strike","Choke","Quick Slash","Heel Hook","Necronomicurse"],"relics":["Ring of the Snake","Juzu Bracelet","Blood Vial","Anchor","Ectoplasm","Happy Flower","Necronomicon","MawBank","Art of War"],"potions_floor_usage":[8,11,16,16,16,29,29,30],"damage_taken":[{"damage":3,"enemies":"Small Slimes","floor":1,"turns":4},{"damage":0,"enemies":"Jaw Worm","floor":4,"turns":5},{"damage":1,"enemies":"2 Louse","floor":5,"turns":3},{"damage":1,"enemies":"2 Fungi Beasts","floor":7,"turns":4},{"damage":6,"enemies":"Gremlin Nob","floor":8,"turns":3},{"damage":29,"enemies":"Large Slime","floor":11,"turns":7},{"damage":4,"enemies":"3 Louse","floor":13,"turns":3},{"damage":10,"enemies":"Slime Boss","floor":16,"turns":10},{"damage":1,"enemies":"Shell Parasite","floor":18,"turns":3},{"damage":7,"enemies":"2 Thieves","floor":19,"turns":4},{"damage":27,"enemies":"3 Cultists","floor":20,"turns":7},{"damage":11,"enemies":"Snake Plant","floor":25,"turns":4},{"damage":5,"enemies":"Snecko","floor":27,"turns":4},{"damage":35,"enemies":"Sentry and Sphere","floor":28,"turns":7},{"damage":0,"enemies":"Gremlin Leader","floor":29,"turns":2},{"damage":0,"enemies":"Snake Plant","floor":30,"turns":1},{"damage":10,"enemies":"Snecko","floor":31,"turns":3}],"seed_played":"394877115431685879","potions_obtained":[{"floor":1,"key":"SkillPotion"},{"floor":5,"key":"SkillPotion"},{"floor":7,"key":"Regen Potion"},{"floor":11,"key":"Ancient Potion"},{"floor":13,"key":"Strength Potion"},{"floor":19,"key":"SteroidPotion"},{"floor":28,"key":"Swift Potion"},{"floor":29,"key":"AttackPotion"}],"is_trial":false,"path_per_floor":["M","?","?","M","M","R","M","E","T","$","M","R","M","T","R","B",null,"M","M","M","?","?","R","?","M","T","M","M","E","M"],"character_chosen":"THE_SILENT","items_purchased":[],"campfire_rested":2,"item_purchase_floors":[],"current_hp_per_floor":[60,65,65,65,64,64,63,57,57,57,30,30,28,28,50,57,71,72,67,42,42,26,48,48,39,39,36,3,5,7,0],"gold":162,"neow_bonus":"REMOVE_TWO","is_prod":false,"is_daily":false,"chose_seed":false,"campfire_upgraded":2,"win_rate":0,"timestamp":1534143596,"path_taken":["M","?","?","M","M","R","M","E","T","$","M","R","M","?","R","BOSS","M","M","M","?","?","R","?","M","T","M","M","E","M","M"],"build_version":"2018-08-09","purchased_purges":1,"victory":false,"max_hp_per_floor":[70,75,75,75,75,75,75,75,75,75,75,75,75,75,75,75,75,75,75,75,75,75,75,75,75,75,75,75,75,75,75],"card_choices":[{"not_picked":["Concentrate","Flechettes"],"picked":"Dagger Spray","floor":1},{"not_picked":["Dodge and Roll","Setup"],"picked":"Calculated Gamble","floor":4},{"not_picked":["Calculated Gamble","Well Laid Plans"],"picked":"Deflect","floor":5},{"not_picked":["Sucker Punch","Acrobatics"],"picked":"Underhanded Strike","floor":7},{"not_picked":["Concentrate","Envenom"],"picked":"Choke","floor":8},{"not_picked":["Poisoned Stab","Masterful Stab"],"picked":"Quick Slash","floor":11},{"not_picked":["Acrobatics","Quick Slash"],"picked":"Heel Hook","floor":13},{"not_picked":["Deflect+1","PiercingWail","Blade Dance+1"],"picked":"SKIP","floor":18},{"not_picked":["Cloak And Dagger+1","Finisher","Dagger Throw"],"picked":"SKIP","floor":19},{"not_picked":["Backflip+1","Deadly Poison","Deflect"],"picked":"SKIP","floor":20},{"not_picked":["Poisoned Stab","Backflip+1","Prepared"],"picked":"SKIP","floor":25},{"not_picked":["Acrobatics","Slice","Well Laid Plans+1"],"picked":"SKIP","floor":27},{"not_picked":["Flying Knee","Backflip","Envenom"],"picked":"SKIP","floor":28},{"not_picked":["Grand Finale","Expertise","Calculated Gamble"],"picked":"SKIP","floor":29},{"not_picked":["Blade Dance","Dagger Throw","Dagger Spray"],"picked":"SKIP","floor":30}],"player_experience":426503,"relics_obtained":[{"floor":8,"key":"Juzu Bracelet"},{"floor":9,"key":"Blood Vial"},{"floor":14,"key":"Anchor"},{"floor":22,"key":"Necronomicon"},{"floor":26,"key":"MawBank"},{"floor":29,"key":"Art of War"}],"event_choices":[{"event_name":"Big Fish","player_choice":"Donut","floor":2,"damage_taken":0},{"event_name":"Living Wall","player_choice":"Forget","floor":3,"damage_taken":0},{"event_name":"The Mausoleum","player_choice":"Yes","floor":21,"damage_taken":0},{"event_name":"Cursed Tome","player_choice":"Obtained Book","floor":22,"damage_taken":0},{"event_name":"Bonfire Elementals","player_choice":"BASIC","floor":24,"damage_taken":0}],"is_beta":false,"boss_relics":[{"not_picked":["HoveringKite","Orrery"],"picked":"Ectoplasm"}],"items_purged_floors":[10],"is_endless":false,"potions_floor_spawned":[1,5,7,11,13,19,28,29],"killed_by":"Snecko","ascension_level":7}