{"gold_per_floor":[212,225,235,19,19,46,46,46,71,109,140,152,183,233,245,257],"floor_reached":16,"playtime":701,"items_purged":[],"score":209,"play_id":"c3415baf-d399-4265-bf8a-83c98fc79d99","local_time":"20190827110307","is_ascension_mode":true,"campfire_choices":[{"floor":7,"key":"REST"},{"floor":12,"key":"REST"},{"floor":15,"key":"REST"}],"neow_cost":"NONE","seed_source_timestamp":7223590833455,"circlet_count":0,"master_deck":["AscendersBane","Strike_G+1","Strike_G+1","Strike_G+1","Strike_G","Strike_G","Defend_G","Defend_G+1","Defend_G","Defend_G","Defend_G","Survivor","Neutralize","Terror","Well Laid Plans","Poisoned Stab","Dagger Spray","Footwork","Injury","Deflect","Deadly Poison","Backstab","Prepared"],"relics":["Ring of the Snake","Bag of Marbles","Whetstone","Golden Idol","Art of War","MawBank","Odd Mushroom"],"potions_floor_usage":[6,14,16],"damage_taken":[{"damage":0,"enemies":"Cultist","floor":1,"turns":4},{"damage":1,"enemies":"2 Louse","floor":2,"turns":3},{"damage":0,"enemies":"Jaw Worm","floor":3,"turns":4},{"damage":19,"enemies":"Lagavulin","floor":6,"turns":7},{"damage":35,"enemies":"3 Sentries","floor":10,"turns":8},{"damage":1,"enemies":"Looter","floor":11,"turns":4},{"damage":0,"enemies":"2 Fungi Beasts","floor":13,"turns":2},{"damage":2,"enemies":"The Mushroom Lair","floor":14,"turns":2},{"damage":45,"enemies":"Slime Boss","floor":16,"turns":7}],"seed_played":"-7274913506468258825","potions_obtained":[{"floor":3,"key":"Swift Potion"},{"floor":13,"key":"Explosive Potion"},{"floor":14,"key":"EssenceOfSteel"}],"is_trial":false,"path_per_floor":["M","M","M","$","?","E","R","?","T","E","M","R","M","?","R","B"],"character_chosen":"THE_SILENT","items_purchased":["Dagger Spray","Bag of Marbles"],"campfire_rested":3,"item_purchase_floors":[4,4],"current_hp_per_floor":[59,58,58,58,38,19,38,38,38,3,2,21,21,19,38,0],"gold":257,"neow_bonus":"HUNDRED_GOLD","is_prod":false,"is_daily":false,"chose_seed":false,"campfire_upgraded":0,"win_rate":0,"timestamp":1566867787,"path_taken":["M","?","M","$","?","E","R","?","T","E","M","R","M","?","R","BOSS"],"build_version":"2019-07-17","purchased_purges":0,"victory":false,"max_hp_per_floor":[66,66,66,66,66,66,66,66,66,66,66,66,66,66,66,66],"card_choices":[{"not_picked":["Backflip","Catalyst"],"picked":"Terror","floor":1},{"not_picked":["PiercingWail","Quick Slash"],"picked":"Well Laid Plans","floor":2},{"not_picked":["Dagger Spray","Dodge and Roll"],"picked":"Poisoned Stab","floor":3},{"not_picked":["Phantasmal Killer","Poisoned Stab"],"picked":"Footwork","floor":6},{"not_picked":["Endless Agony","Caltrops"],"picked":"Deflect","floor":10},{"not_picked":["Sucker Punch","Noxious Fumes"],"picked":"Deadly Poison","floor":11},{"not_picked":["Outmaneuver","Heel Hook"],"picked":"Backstab","floor":13},{"not_picked":["Dodge and Roll","Poisoned Stab"],"picked":"Prepared","floor":14}],"player_experience":1228625,"relics_obtained":[{"floor":6,"key":"Whetstone"},{"floor":9,"key":"Art of War"},{"floor":10,"key":"MawBank"},{"floor":14,"key":"Odd Mushroom"}],"event_choices":[{"damage_healed":0,"gold_gain":0,"player_choice":"Entered Light","damage_taken":20,"max_hp_gain":0,"max_hp_loss":0,"event_name":"Shining Light","floor":5,"gold_loss":0,"cards_upgraded":["Defend_G","Strike_G"]},{"damage_healed":0,"gold_gain":0,"player_choice":"Take Wound","damage_taken":0,"relics_obtained":["Golden Idol"],"max_hp_gain":0,"max_hp_loss":0,"event_name":"Golden Idol","floor":8,"gold_loss":0,"cards_obtained":["Injury"]},{"damage_healed":0,"gold_gain":0,"player_choice":"Fought Mushrooms","damage_taken":0,"max_hp_gain":0,"max_hp_loss":0,"event_name":"Mushrooms","floor":14,"gold_loss":0}],"is_beta":false,"boss_relics":[],"items_purged_floors":[],"is_endless":false,"potions_floor_spawned":[3,13,14],"killed_by":"Slime Boss","ascension_level":18}