{"gold_per_floor":[116,135,135,153,10,10,41,41,41,53,89,141,168,220,232,342,354,389,416,442,454,466,519,531,557,595,607],"floor_reached":27,"playtime":1371,"items_purged":[],"score":606,"play_id":"fc273230-a9fe-4795-8215-9626c5a2b3ad","local_time":"20190430221727","is_ascension_mode":true,"campfire_choices":[{"data":"Choke","floor":6.0,"key":"SMITH"},{"data":"Caltrops","floor":8.0,"key":"SMITH"},{"data":"Neutralize","floor":10.0,"key":"SMITH"},{"data":"Noxious Fumes","floor":15.0,"key":"SMITH"},{"floor":24.0,"key":"REST"}],"neow_cost":"NONE","seed_source_timestamp":560653589402585,"circlet_count":0,"master_deck":["AscendersBane","Defend_G","Defend_G","Defend_G","Defend_G","Defend_G","Strike_G","Strike_G","Strike_G","Strike_G","Strike_G","Survivor","Neutralize+1","Choke+1","Backstab","Dagger Spray","Caltrops+1","Flying Knee","Noxious Fumes+1","Prepared","Wraith Form v2","Sucker Punch+1","RitualDagger+1","Phantasmal Killer","Deflect","Clumsy"],"special_seed":0,"relics":["Ring of the Snake","Golden Idol","Ninja Scroll","MawBank","Orichalcum","Paper Crane","Cursed Key","Molten Egg 2","Happy Flower"],"potions_floor_usage":[27,27],"damage_taken":[{"damage":1.0,"enemies":"2 Louse","floor":1.0,"turns":3.0},{"damage":0.0,"enemies":"Jaw Worm","floor":2.0,"turns":4.0},{"damage":0.0,"enemies":"Cultist","floor":4.0,"turns":3.0},{"damage":0.0,"enemies":"Gremlin Nob","floor":7.0,"turns":2.0},{"damage":1.0,"enemies":"3 Louse","floor":11.0,"turns":3.0},{"damage":7.0,"enemies":"3 Sentries","floor":12.0,"turns":4.0},{"damage":0.0,"enemies":"Exordium Wildlife","floor":13.0,"turns":3.0},{"damage":0.0,"enemies":"Gremlin Nob","floor":14.0,"turns":2.0},{"damage":25.0,"enemies":"Hexaghost","floor":16.0,"turns":9.0},{"damage":0.0,"enemies":"Shell Parasite","floor":18.0,"turns":1.0},{"damage":18.0,"enemies":"3 Byrds","floor":19.0,"turns":4.0},{"damage":9.0,"enemies":"Snecko","floor":20.0,"turns":5.0},{"damage":5.0,"enemies":"Slavers","floor":23.0,"turns":4.0},{"damage":10.0,"enemies":"Cultist and Chosen","floor":25.0,"turns":6.0},{"damage":31,"enemies":"Book of Stabbing","floor":27,"turns":3}],"seed_played":"-8460453609591582593","potions_obtained":[{"floor":4.0,"key":"FearPotion"},{"floor":7.0,"key":"Block Potion"},{"floor":12.0,"key":"Energy Potion"},{"floor":16.0,"key":"Fire Potion"},{"floor":18.0,"key":"PowerPotion"},{"floor":25.0,"key":"Strength Potion"}],"is_trial":false,"path_per_floor":["M","M","?","M","$","R","E","R","T","R","M","E","M","E","R","B",null,"M","M","M","?","?","E","R","M","T","E"],"character_chosen":"THE_SILENT","items_purchased":["Caltrops","Explosive Potion"],"campfire_rested":1,"item_purchase_floors":[5,5],"current_hp_per_floor":[64,64,64,64,64,64,64,64,64,64,63,56,56,56,56,31,57,57,39,30,24,24,19,38,28,28,0],"gold":607,"neow_bonus":"TEN_PERCENT_HP_BONUS","is_prod":false,"is_daily":false,"chose_seed":false,"campfire_upgraded":4,"win_rate":0,"timestamp":1556677047,"path_taken":["M","M","?","M","$","R","E","R","T","R","M","E","M","E","R","BOSS","M","M","M","?","?","E","R","M","T","E"],"build_version":"2019-01-23","purchased_purges":0,"victory":false,"max_hp_per_floor":[72,72,65,65,65,65,65,65,65,65,65,65,65,65,65,65,65,65,65,65,65,65,65,65,65,65,65],"card_choices":[{"not_picked":["Slice","Crippling Poison"],"picked":"Choke","floor":1.0},{"not_picked":["Distraction","Bane"],"picked":"Backstab","floor":2.0},{"not_picked":["Riddle With Holes","Bane"],"picked":"Dagger Spray","floor":4.0},{"not_picked":["Tactician","Slice","Sucker Punch"],"picked":"SKIP","floor":7.0},{"not_picked":["Flechettes","Corpse Explosion"],"picked":"Flying Knee","floor":11.0},{"not_picked":["Bouncing Flask","Backflip"],"picked":"Noxious Fumes","floor":12.0},{"not_picked":["Finisher","Accuracy","Bane"],"picked":"SKIP","floor":13.0},{"not_picked":["Acrobatics","Quick Slash"],"picked":"Prepared","floor":14.0},{"not_picked":["Phantasmal Killer","Night Terror"],"picked":"Wraith Form v2","floor":16.0},{"not_picked":["Dodge and Roll","Flying Knee"],"picked":"Sucker Punch+1","floor":18.0},{"not_picked":["Reflex+1","Dagger Throw","Infinite Blades"],"picked":"SKIP","floor":19.0},{"not_picked":["Heel Hook","Noxious Fumes+1","Distraction"],"picked":"SKIP","floor":20.0},{"not_picked":["Grand Finale","Deadly Poison+1"],"picked":"Phantasmal Killer","floor":23.0},{"not_picked":["Flechettes+1","Outmaneuver"],"picked":"Deflect","floor":25.0}],"player_experience":1333051,"relics_obtained":[{"floor":7.0,"key":"Ninja Scroll"},{"floor":9.0,"key":"MawBank"},{"floor":12.0,"key":"Orichalcum"},{"floor":14.0,"key":"Paper Crane"},{"floor":23.0,"key":"Molten Egg 2"},{"floor":26.0,"key":"Happy Flower"}],"event_choices":[{"damage_healed":0.0,"max_hp_gain":0.0,"max_hp_loss":7.0,"gold_gain":0.0,"event_name":"Golden Idol","player_choice":"Lose Max HP","floor":3.0,"gold_loss":0.0,"damage_taken":0.0,"relics_obtained":["Golden Idol"]},{"damage_healed":0.0,"max_hp_gain":0.0,"max_hp_loss":0.0,"gold_gain":0.0,"event_name":"Nest","player_choice":"Joined the Cult","floor":21.0,"gold_loss":0.0,"damage_taken":6.0,"cards_obtained":["RitualDagger"]},{"damage_healed":0.0,"max_hp_gain":0.0,"max_hp_loss":0.0,"gold_gain":0.0,"event_name":"Accursed Blacksmith","player_choice":"Forge","floor":22.0,"gold_loss":0.0,"damage_taken":0.0,"cards_upgraded":["RitualDagger"]}],"is_beta":false,"boss_relics":[{"not_picked":["White Beast Statue","Velvet Choker"],"picked":"Cursed Key"}],"items_purged_floors":[],"is_endless":false,"potions_floor_spawned":[4,7,12,16,18,25],"killed_by":"Book of Stabbing","ascension_level":20}