{"gold_per_floor":[116,41,41,6,6,6,33,65,88,88,103,129,142,156,156,258,258,269,269,281,181,193,193,228,259,271,315,327,339,383,408,420,432],"floor_reached":33,"playtime":1513,"items_purged":["Strike_R","Writhe"],"score":473,"play_id":"4bdeb9d0-600f-4998-807a-a593269d4e08","local_time":"20180801201309","is_ascension_mode":true,"campfire_choices":[{"data":"Thunderclap","floor":6,"key":"SMITH"},{"data":"Feed","floor":10,"key":"SMITH"},{"data":"Rage","floor":15,"key":"SMITH"},{"data":"Bludgeon","floor":23,"key":"SMITH"},{"data":"Carnage","floor":29,"key":"SMITH"},{"floor":32,"key":"REST"}],"neow_cost":"NONE","seed_source_timestamp":1817323562102633,"circlet_count":0,"master_deck":["Strike_R+1","Strike_R+1","Strike_R","Defend_R","Defend_R+1","Defend_R","Defend_R","Bash+1","Thunderclap+1","Feed+1","Rage+1","Shockwave","Ghostly Armor","Pommel Strike","Bludgeon+1","Shrug It Off","Armaments+1","Clothesline+1","Carnage+1","Pommel Strike+1"],"relics":["Burning Blood","Whetstone","Red Skull","Regal Pillow","Ancient Tea Set","Velvet Choker","Nunchaku","MawBank","Art of War","Letter Opener","Lantern"],"potions_floor_usage":[16,24,30,33],"damage_taken":[{"damage":6,"enemies":"Jaw Worm","floor":1,"turns":5},{"damage":32,"enemies":"Lagavulin","floor":8,"turns":5},{"damage":0,"enemies":"Small Slimes","floor":11,"turns":2},{"damage":8,"enemies":"Gremlin Nob","floor":12,"turns":3},{"damage":0,"enemies":"2 Louse","floor":13,"turns":2},{"damage":6,"enemies":"Gremlin Gang","floor":14,"turns":3},{"damage":21,"enemies":"Slime Boss","floor":16,"turns":12},{"damage":7,"enemies":"Spheric Guardian","floor":18,"turns":4},{"damage":16,"enemies":"Shell Parasite","floor":20,"turns":5},{"damage":7,"enemies":"Centurion and Healer","floor":22,"turns":4},{"damage":34,"enemies":"Slavers","floor":24,"turns":7},{"damage":4,"enemies":"Snake Plant","floor":25,"turns":3},{"damage":29,"enemies":"Book of Stabbing","floor":27,"turns":6},{"damage":86,"enemies":"Gremlin Leader","floor":30,"turns":8},{"damage":4,"enemies":"Chosen and Byrds","floor":31,"turns":4},{"damage":94,"enemies":"Champ","floor":33,"turns":7}],"seed_played":"2407046406076067037","potions_obtained":[{"floor":1,"key":"FearPotion"},{"floor":12,"key":"Poison Potion"},{"floor":14,"key":"GamblersBrew"},{"floor":16,"key":"EssenceOfSteel"},{"floor":22,"key":"FearPotion"},{"floor":25,"key":"Poison Potion"},{"floor":30,"key":"Weak Potion"}],"is_trial":false,"path_per_floor":["M","$","?","?","?","R","T","E","T","R","M","E","M","M","R","B",null,"M","?","M","$","M","R","E","M","T","E","?","R","E","M","R"],"character_chosen":"IRONCLAD","items_purchased":[],"campfire_rested":1,"item_purchase_floors":[],"current_hp_per_floor":[72,72,56,76,68,68,68,42,42,42,52,54,64,68,68,57,89,92,92,86,86,85,85,57,59,59,36,108,108,28,34,82,0],"gold":432,"neow_bonus":"REMOVE_CARD","is_prod":false,"is_daily":false,"chose_seed":false,"campfire_upgraded":5,"win_rate":0,"timestamp":1533168789,"path_taken":["M","$","?","?","?","R","?","E","T","R","M","E","M","M","R","BOSS","M","?","M","$","M","R","E","M","T","E","?","R","E","M","R","BOSS"],"build_version":"2018-07-26","purchased_purges":2,"victory":false,"max_hp_per_floor":[80,80,80,80,80,80,80,80,80,80,84,88,92,96,96,100,100,104,104,108,108,108,108,108,108,108,108,108,108,108,112,112,112],"card_choices":[{"not_picked":["Hemokinesis","True Grit"],"picked":"Thunderclap","floor":1},{"not_picked":["Spot Weakness","Twin Strike"],"picked":"Feed","floor":8},{"not_picked":["Warcry","Body Slam"],"picked":"Rage","floor":11},{"not_picked":["Entrench","Metallicize"],"picked":"Shockwave","floor":12},{"not_picked":["Body Slam","Iron Wave"],"picked":"Ghostly Armor","floor":13},{"not_picked":["Cleave","Perfected Strike"],"picked":"Pommel Strike","floor":14},{"not_picked":["Dark Embrace","Demon Form"],"picked":"Bludgeon","floor":16},{"not_picked":["Ghostly Armor","Sword Boomerang"],"picked":"Shrug It Off","floor":18},{"not_picked":["Heavy Blade+1","Second Wind"],"picked":"Armaments+1","floor":20},{"not_picked":["True Grit","Body Slam"],"picked":"Clothesline+1","floor":22},{"not_picked":["Twin Strike+1","Power Through","Brutality"],"picked":"SKIP","floor":24},{"not_picked":["Uppercut","Headbutt","Thunderclap"],"picked":"SKIP","floor":25},{"not_picked":["Warcry+1","Clash"],"picked":"Carnage","floor":27},{"not_picked":["Inflame+1","Searing Blow","Thunderclap"],"picked":"SKIP","floor":30},{"not_picked":["Thunderclap","Body Slam+1"],"picked":"Pommel Strike+1","floor":31}],"player_experience":340639,"relics_obtained":[{"floor":7,"key":"Whetstone"},{"floor":8,"key":"Red Skull"},{"floor":9,"key":"Regal Pillow"},{"floor":12,"key":"Ancient Tea Set"},{"floor":24,"key":"MawBank"},{"floor":26,"key":"Art of War"},{"floor":27,"key":"Letter Opener"},{"floor":30,"key":"Lantern"}],"event_choices":[{"event_name":"Shining Light","player_choice":"Entered Light","floor":3,"damage_taken":0},{"event_name":"The Cleric","player_choice":"Healed","floor":4,"damage_taken":0},{"event_name":"Wheel of Change","player_choice":"Damage","floor":5,"damage_taken":0},{"event_name":"The Mausoleum","player_choice":"Yes","floor":19,"damage_taken":0},{"event_name":"Wheel of Change","player_choice":"Full Heal","floor":28,"damage_taken":0}],"is_beta":false,"boss_relics":[{"not_picked":["Runic Cube","Astrolabe"],"picked":"Velvet Choker"}],"items_purged_floors":[2,21],"is_endless":false,"potions_floor_spawned":[1,12,14,16,22,25,30],"killed_by":"Champ","ascension_level":7}