{"gold_per_floor":[116,131,143,161,180,180,24,24,24,24,38,72,72],"floor_reached":13,"playtime":815,"items_purged":["Strike_R"],"score":135,"play_id":"563b4af7-3e1a-4894-8650-08ffc94d24bf","local_time":"20181110184919","is_ascension_mode":true,"campfire_choices":[{"data":"Second Wind","floor":6,"key":"SMITH"},{"data":"Rage","floor":8,"key":"SMITH"},{"data":"Flame Barrier","floor":10,"key":"SMITH"}],"neow_cost":"NONE","seed_source_timestamp":192350329725118,"circlet_count":0,"master_deck":["AscendersBane","Strike_R","Strike_R","Strike_R","Defend_R","Defend_R","Defend_R","Defend_R","Bash","Evolve","Second Wind+1","Reckless Charge","Rage+1","Clash","Flame Barrier+1","Infernal Blade","Metallicize"],"relics":["Burning Blood","Orichalcum","Blood Vial","Blue Candle"],"potions_floor_usage":[3,12,13],"damage_taken":[{"damage":8,"enemies":"2 Louse","floor":1,"turns":4},{"damage":9,"enemies":"Jaw Worm","floor":2,"turns":5},{"damage":0,"enemies":"Small Slimes","floor":3,"turns":3},{"damage":0,"enemies":"Red Slaver","floor":4,"turns":3},{"damage":5,"enemies":"2 Fungi Beasts","floor":5,"turns":6},{"damage":0,"enemies":"3 Louse","floor":11,"turns":4},{"damage":79,"enemies":"Lagavulin","floor":12,"turns":13},{"damage":9,"enemies":"Gremlin Nob","floor":13,"turns":2}],"seed_played":"3124422216863922641","potions_obtained":[{"floor":1,"key":"LiquidBronze"},{"floor":2,"key":"SneckoOil"},{"floor":11,"key":"Dexterity Potion"}],"is_trial":false,"path_per_floor":["M","M","M","M","M","R","$","R","T","R","M","E","?"],"character_chosen":"IRONCLAD","items_purchased":["Flame Barrier"],"campfire_rested":0,"item_purchase_floors":[7],"current_hp_per_floor":[70,67,73,79,80,80,80,80,80,80,80,7,0],"gold":72,"neow_bonus":"TRANSFORM_CARD","is_prod":false,"is_daily":false,"chose_seed":false,"campfire_upgraded":3,"win_rate":0,"timestamp":1541893759,"path_taken":["M","M","M","M","M","R","$","R","T","R","M","E","?"],"build_version":"2018-11-08","purchased_purges":1,"victory":false,"max_hp_per_floor":[80,80,80,80,80,80,80,80,80,80,80,80,80],"card_choices":[{"not_picked":["Spot Weakness","Clash"],"picked":"Second Wind","floor":1},{"not_picked":["Pommel Strike","Dropkick"],"picked":"Reckless Charge","floor":2},{"not_picked":["Armaments","Anger"],"picked":"Rage","floor":3},{"not_picked":["Sword Boomerang","Whirlwind","Pummel"],"picked":"SKIP","floor":4},{"not_picked":["Perfected Strike","Uppercut"],"picked":"Clash","floor":5},{"not_picked":["Pommel Strike","Clash"],"picked":"Infernal Blade","floor":11},{"not_picked":["Immolate","Armaments"],"picked":"Metallicize","floor":12}],"player_experience":663047,"relics_obtained":[{"floor":9,"key":"Orichalcum"},{"floor":12,"key":"Blood Vial"}],"event_choices":[{"damage_healed":0,"gold_gain":0,"player_choice":"Searched \u00272\u0027 times","damage_taken":0,"relics_obtained":["Blue Candle"],"max_hp_gain":0,"max_hp_loss":0,"event_name":"Dead Adventurer","floor":13,"gold_loss":0}],"is_beta":false,"boss_relics":[],"items_purged_floors":[7],"is_endless":false,"potions_floor_spawned":[1,2,11],"killed_by":"Gremlin Nob","ascension_level":11}