{"path_per_floor":["M","?","M","M","?","R","E","M","T","M","M","?","M","M","R"],"character_chosen":"IRONCLAD","items_purchased":[],"gold_per_floor":[117,67,79,95,170,170,199,218,218,232,249,323,343,362,362,362],"floor_reached":16,"campfire_rested":2,"playtime":791,"current_hp_per_floor":[62,62,59,59,48,76,38,35,35,25,25,25,25,11,41,0],"items_purged":[],"gold":362,"score":127,"play_id":"30a514df-4622-4e35-97ab-b9e3bf8eacf4","local_time":"20180407171938","is_prod":false,"is_daily":false,"is_ascension_mode":true,"campfire_upgraded":0,"timestamp":1523135978,"path_taken":["M","?","M","M","?","R","E","M","T","M","M","?","M","M","R","BOSS"],"build_version":"2018-04-05v2","purchased_purges":0,"victory":false,"master_deck":["Strike_R","Strike_R","Strike_R","Strike_R","Defend_R","Defend_R","Defend_R","Defend_R","Bash","Sword Boomerang","Thunderclap","Twin Strike","Pummel","Heavy Blade","Impervious","Body Slam","Battle Trance","Twin Strike"],"max_hp_per_floor":[80,80,80,80,80,80,80,80,80,80,80,80,80,80,80,80],"relics":["Eternal Feather","Oddly Smooth Stone","Peace Pipe"],"card_choices":[{"not_picked":["Fire Breathing","True Grit"],"picked":"Sword Boomerang","floor":1},{"not_picked":["Dual Wield","Pummel"],"picked":"Thunderclap","floor":3},{"not_picked":["Corruption","Hemokinesis"],"picked":"Twin Strike","floor":4},{"not_picked":["Warcry","Clash"],"picked":"Pummel","floor":7},{"not_picked":["Feel No Pain","Rupture"],"picked":"Heavy Blade","floor":8},{"not_picked":["Whirlwind","Armaments"],"picked":"Impervious","floor":10},{"not_picked":["Sentinel","Clash"],"picked":"Body Slam","floor":11},{"not_picked":["Fire Breathing","Bloodletting"],"picked":"Battle Trance","floor":13},{"not_picked":["Evolve","Burning Pact"],"picked":"Twin Strike","floor":14}],"player_experience":189980,"potions_floor_usage":[14,16,16,16],"damage_taken":[{"damage":18,"enemies":"Jaw Worm","floor":1,"turns":4},{"damage":3,"enemies":"2 Louse","floor":3,"turns":2},{"damage":0,"enemies":"Small Slimes","floor":4,"turns":3},{"damage":38,"enemies":"3 Sentries","floor":7,"turns":8},{"damage":3,"enemies":"2 Fungi Beasts","floor":8,"turns":3},{"damage":10,"enemies":"Looter","floor":10,"turns":3},{"damage":0,"enemies":"3 Louse","floor":11,"turns":3},{"damage":0,"enemies":"Exordium Thugs","floor":13,"turns":4},{"damage":14,"enemies":"Red Slaver","floor":14,"turns":2},{"damage":60,"enemies":"The Guardian","floor":16,"turns":14}],"event_choices":[{"event_name":"The Cleric","player_choice":"Card Removal","floor":2,"damage_taken":0},{"event_name":"World of Goop","player_choice":"Gather Gold","floor":5,"damage_taken":0},{"event_name":"Golden Wing","player_choice":"Gained Gold","floor":12,"damage_taken":0}],"boss_relics":[],"potions_floor_spawned":[4,8,10,14],"seed_played":"-4307682972983130109","killed_by":"The Guardian","ascension_level":4,"is_trial":false}