{"gold_per_floor":[114,127,139,139,156,156,171,171,197,197,223,234,188,219,219,219],"floor_reached":16,"playtime":651,"items_purged":[],"score":179,"play_id":"9ed80b6e-8024-4559-9a05-754e549c1112","local_time":"20181203215522","is_ascension_mode":true,"campfire_choices":[{"data":"White Noise","floor":6,"key":"SMITH"},{"data":"Dualcast","floor":8,"key":"SMITH"},{"data":"Zap","floor":10,"key":"SMITH"},{"data":"Scrape","floor":15,"key":"SMITH"}],"neow_cost":"NONE","seed_source_timestamp":97095361981276,"circlet_count":0,"master_deck":["AscendersBane","Strike_B","Strike_B","Strike_B","Defend_B","Defend_B","Defend_B","Defend_B","Zap+1","Dualcast+1","BootSequence","Scrape+1","Steam","White Noise+1","Gash","Seek","Coolheaded","Go for the Eyes"],"relics":["Cracked Core","Anchor","Bag of Marbles","Regal Pillow"],"potions_floor_usage":[11,14],"damage_taken":[{"damage":1,"enemies":"Cultist","floor":1,"turns":4},{"damage":0,"enemies":"Small Slimes","floor":2,"turns":3},{"damage":0,"enemies":"2 Louse","floor":3,"turns":3},{"damage":0,"enemies":"Large Slime","floor":5,"turns":6},{"damage":0,"enemies":"Looter","floor":7,"turns":3},{"damage":20,"enemies":"3 Sentries","floor":11,"turns":7},{"damage":0,"enemies":"2 Fungi Beasts","floor":12,"turns":3},{"damage":10,"enemies":"Lagavulin","floor":14,"turns":5},{"damage":38,"enemies":"Slime Boss","floor":16,"turns":10}],"seed_played":"-5082916212245967219","potions_obtained":[{"floor":3,"key":"FocusPotion"},{"floor":5,"key":"PowerPotion"}],"is_trial":false,"path_per_floor":["M","M","M","?","M","R","M","R","T","R","E","M","?","E","R","B"],"character_chosen":"DEFECT","items_purchased":[],"campfire_rested":0,"item_purchase_floors":[],"current_hp_per_floor":[67,67,67,67,67,67,67,67,67,67,47,47,47,37,37,0],"gold":219,"neow_bonus":"TRANSFORM_CARD","is_prod":false,"is_daily":false,"chose_seed":false,"campfire_upgraded":4,"win_rate":0,"timestamp":1543892122,"path_taken":["M","M","M","?","M","R","M","R","T","R","E","M","?","E","R","BOSS"],"build_version":"2018-11-15","purchased_purges":0,"victory":false,"max_hp_per_floor":[75,75,75,75,75,75,75,75,75,75,75,75,75,75,75,75],"card_choices":[{"not_picked":["Barrage","Leap"],"picked":"Scrape","floor":1},{"not_picked":["Consume","Undo"],"picked":"Steam","floor":2},{"not_picked":["Ball Lightning","Blizzard","Darkness"],"picked":"SKIP","floor":3},{"not_picked":["Hologram","Rebound"],"picked":"White Noise","floor":5},{"not_picked":["Double Energy","Steam Power"],"picked":"Gash","floor":7},{"not_picked":["Tempest","Go for the Eyes"],"picked":"Seek","floor":11},{"not_picked":["Steam","Rebound"],"picked":"Coolheaded","floor":12},{"not_picked":["Leap","Steam Power"],"picked":"Go for the Eyes","floor":14}],"player_experience":799060,"relics_obtained":[{"floor":9,"key":"Anchor"},{"floor":11,"key":"Bag of Marbles"},{"floor":14,"key":"Regal Pillow"}],"event_choices":[{"damage_healed":0,"gold_gain":0,"player_choice":"Ignored","damage_taken":0,"max_hp_gain":0,"max_hp_loss":0,"event_name":"Liars Game","floor":4,"gold_loss":0},{"damage_healed":0,"gold_gain":0,"player_choice":"Left Gold","damage_taken":0,"max_hp_gain":0,"max_hp_loss":0,"event_name":"World of Goop","floor":13,"gold_loss":46}],"is_beta":false,"boss_relics":[],"items_purged_floors":[],"is_endless":false,"potions_floor_spawned":[3,5],"killed_by":"Slime Boss","ascension_level":12}