{"gold_per_floor":[362,67,81,56,71,71,91,117,117,132,132,142,159,170,170,243,243,263,280,292,292],"floor_reached":21,"playtime":1281,"items_purged":[],"score":374,"play_id":"d21447c2-077b-4c17-b4a1-9f4698e78c1d","local_time":"20190105151840","is_ascension_mode":true,"campfire_choices":[{"data":"Riddle With Holes","floor":6,"key":"SMITH"},{"data":"Neutralize","floor":11,"key":"SMITH"},{"data":"Footwork","floor":15,"key":"SMITH"}],"neow_cost":"PERCENT_DAMAGE","seed_source_timestamp":913854536372842,"circlet_count":0,"master_deck":["AscendersBane","Defend_G","Defend_G","Defend_G","Defend_G","Defend_G","Strike_G","Strike_G","Strike_G","Strike_G","Strike_G","Survivor","Neutralize+1","Riddle With Holes+1","Crippling Poison","Setup","Flying Knee","Dagger Throw","Caltrops","Predator","Footwork+1","Well Laid Plans","Backflip","Doppelganger","Skewer","Terror+1","PiercingWail"],"relics":["Ring of the Snake","Chemical X","Blood Vial","Bag of Marbles","Eternal Feather"],"potions_floor_usage":[8,14,14,16],"damage_taken":[{"damage":1,"enemies":"Cultist","floor":1,"turns":4},{"damage":6,"enemies":"Jaw Worm","floor":3,"turns":5},{"damage":5,"enemies":"Small Slimes","floor":5,"turns":5},{"damage":0,"enemies":"3 Louse","floor":7,"turns":3},{"damage":6,"enemies":"Gremlin Nob","floor":8,"turns":3},{"damage":2,"enemies":"2 Fungi Beasts","floor":10,"turns":3},{"damage":0,"enemies":"Exordium Wildlife","floor":12,"turns":2},{"damage":9,"enemies":"Blue Slaver","floor":13,"turns":4},{"damage":0,"enemies":"Exordium Thugs","floor":14,"turns":4},{"damage":16,"enemies":"The Guardian","floor":16,"turns":13},{"damage":7,"enemies":"3 Byrds","floor":18,"turns":4},{"damage":29,"enemies":"Chosen","floor":19,"turns":5},{"damage":6,"enemies":"Snake Plant","floor":20,"turns":3},{"damage":35,"enemies":"Shelled Parasite and Fungi","floor":21,"turns":3}],"seed_played":"1098330213174565308","potions_obtained":[{"floor":3,"key":"EssenceOfSteel"},{"floor":5,"key":"FearPotion"},{"floor":10,"key":"Swift Potion"},{"floor":14,"key":"AttackPotion"}],"is_trial":false,"path_per_floor":["M","$","M","$","M","R","M","E","T","M","R","M","M","M","R","B",null,"M","M","M","M"],"character_chosen":"THE_SILENT","items_purchased":["Chemical X","Crippling Poison","Flying Knee"],"campfire_rested":0,"item_purchase_floors":[2,2,4],"current_hp_per_floor":[43,43,37,37,32,32,32,26,26,26,26,28,21,23,23,9,52,47,20,16,0],"gold":292,"neow_bonus":"TWO_FIFTY_GOLD","is_prod":false,"is_daily":false,"chose_seed":false,"campfire_upgraded":3,"win_rate":0,"timestamp":1546719520,"path_taken":["M","$","?","?","M","R","M","E","T","M","R","M","M","M","R","BOSS","M","M","?","M"],"build_version":"2019-01-03v4","purchased_purges":0,"victory":false,"max_hp_per_floor":[66,66,66,66,66,66,66,66,66,66,66,66,66,66,66,66,66,66,66,66,66],"card_choices":[{"not_picked":["Acrobatics","PiercingWail"],"picked":"Riddle With Holes","floor":1},{"not_picked":["Outmaneuver","Underhanded Strike"],"picked":"Setup","floor":3},{"not_picked":["Dodge and Roll","Slice"],"picked":"Dagger Throw","floor":5},{"not_picked":["Masterful Stab","PiercingWail","Flying Knee"],"picked":"SKIP","floor":7},{"not_picked":["Masterful Stab","Flying Knee"],"picked":"Caltrops","floor":8},{"not_picked":["Calculated Gamble","Terror"],"picked":"Predator","floor":10},{"not_picked":["Caltrops","Bane"],"picked":"Footwork","floor":12},{"not_picked":["Deadly Poison","Night Terror"],"picked":"Well Laid Plans","floor":13},{"not_picked":["Expertise","Underhanded Strike"],"picked":"Backflip","floor":14},{"not_picked":["Bullet Time","Glass Knife"],"picked":"Doppelganger","floor":16},{"not_picked":["Heel Hook","Distraction"],"picked":"Skewer","floor":18},{"not_picked":["Dagger Throw","Crippling Poison"],"picked":"Terror+1","floor":19},{"not_picked":["Slice","Dagger Spray"],"picked":"PiercingWail","floor":20}],"player_experience":1152720,"relics_obtained":[{"floor":8,"key":"Blood Vial"},{"floor":9,"key":"Bag of Marbles"}],"event_choices":[],"is_beta":false,"boss_relics":[{"not_picked":["Orrery","Velvet Choker"],"picked":"Eternal Feather"}],"items_purged_floors":[],"is_endless":false,"potions_floor_spawned":[3,5,10,12,14],"killed_by":"Shelled Parasite and Fungi","ascension_level":20}