{"gold_per_floor":[116,132,132,34,46,46,62,62,119,131,36,49,82,99,99,202,202,214,232,246,246,246,246,265,265,265,41,66,166,182,182,182,286,286,301,301,4,104,104,104,104],"floor_reached":41,"playtime":3580,"items_purged":[],"score":466,"play_id":"fc92e67a-a6f3-484a-a29f-772058d1e972","local_time":"20190323063041","is_ascension_mode":false,"campfire_choices":[{"data":"Trip","floor":6,"key":"SMITH"},{"data":"Infernal Blade","floor":15,"key":"SMITH"},{"data":"Pommel Strike","floor":23,"key":"SMITH"},{"floor":25,"key":"REST"},{"data":"Rampage","floor":32,"key":"SMITH"},{"data":"Cleave","floor":40,"key":"SMITH"}],"neow_cost":"CURSE","seed_source_timestamp":27621853176987,"circlet_count":0,"master_deck":["Strike_R+1","Strike_R+1","Strike_R+1","Strike_R+1","Strike_R+1","Defend_R+1","Defend_R+1","Defend_R+1","Defend_R+1","Bash+1","Rampage+1","Trip+1","Cleave+1","Shrug It Off","Immolate","Iron Wave","Thunderclap","Flex","Infernal Blade+1","Clash+1","Impervious","Body Slam+1","Searing Blow","Dropkick+1","Heavy Blade+1","Rage+1","Armaments+1","Immolate","Flex+1","Pommel Strike","Panache","Trip+1","Rage+1","Blind+1","The Bomb+1"],"relics":["Burning Blood","Thread and Needle","GremlinMask","Tiny Chest","Pen Nib","Eternal Feather","Enchiridion","Toxic Egg 2","Whetstone","Bag of Marbles","Anchor","Runic Cube","Ice Cream"],"potions_floor_usage":[16,16,16,19,33,41,41],"damage_taken":[{"damage":0,"enemies":"Cultist","floor":1,"turns":4},{"damage":3,"enemies":"Small Slimes","floor":2,"turns":4},{"damage":0,"enemies":"Jaw Worm","floor":5,"turns":3},{"damage":1,"enemies":"Lots of Slimes","floor":7,"turns":2},{"damage":8,"enemies":"Exordium Wildlife","floor":10,"turns":6},{"damage":6,"enemies":"Looter","floor":12,"turns":3},{"damage":0,"enemies":"3 Sentries","floor":13,"turns":7},{"damage":9,"enemies":"Exordium Thugs","floor":14,"turns":3},{"damage":41,"enemies":"Hexaghost","floor":16,"turns":8},{"damage":1,"enemies":"3 Byrds","floor":18,"turns":5},{"damage":0,"enemies":"Chosen","floor":19,"turns":4},{"damage":31,"enemies":"Shelled Parasite and Fungi","floor":20,"turns":5},{"damage":29,"enemies":"Snake Plant","floor":24,"turns":3},{"damage":0,"enemies":"Snecko","floor":30,"turns":3},{"damage":55,"enemies":"Automaton","floor":33,"turns":9},{"damage":18,"enemies":"3 Darklings","floor":35,"turns":5},{"damage":0,"enemies":"Mind Bloom Boss Battle","floor":38,"turns":4},{"damage":99,"enemies":"Giant Head","floor":41,"turns":9}],"seed_played":"4270351098885261393","potions_obtained":[{"floor":1,"key":"AttackPotion"},{"floor":7,"key":"Poison Potion"},{"floor":12,"key":"SkillPotion"},{"floor":19,"key":"Fruit Juice"},{"floor":30,"key":"Ancient Potion"},{"floor":33,"key":"Explosive Potion"},{"floor":35,"key":"Energy Potion"}],"is_trial":false,"path_per_floor":["M","M","?","$","M","R","M","?","T","M","$","M","E","M","R","B",null,"M","M","M","?","?","R","M","R","T","$","T","?","M","?","R","B",null,"M","?","$","?","?","R","E"],"character_chosen":"IRONCLAD","items_purchased":["Trip","Iron Wave","Thunderclap","Rage+1","Whetstone","Pommel Strike","Panache","Trip+1"],"campfire_rested":1,"item_purchase_floors":[4,11,11,27,27,37,37,37],"current_hp_per_floor":[80,80,73,73,79,79,80,80,80,78,78,78,80,77,77,42,80,80,85,60,60,44,59,36,76,76,76,76,76,82,82,85,36,85,73,73,73,79,74,85,0],"gold":104,"neow_bonus":"ONE_RARE_RELIC","is_prod":false,"is_daily":false,"chose_seed":false,"campfire_upgraded":5,"win_rate":0.0,"timestamp":1553286641,"path_taken":["M","?","?","$","M","R","M","?","T","?","?","M","E","M","R","BOSS","M","M","M","?","?","R","?","R","T","?","?","?","?","?","R","BOSS","M","?","$","?","?","R","E"],"build_version":"2019-01-23","purchased_purges":0,"victory":false,"max_hp_per_floor":[80,80,80,80,80,80,80,80,80,80,80,80,80,80,80,80,80,80,85,85,85,85,85,85,85,85,85,85,85,85,85,85,85,85,85,85,85,85,85,85,85],"card_choices":[{"not_picked":["Cleave","Carnage"],"picked":"Rampage","floor":1},{"not_picked":["Warcry","Iron Wave"],"picked":"Pommel Strike","floor":2},{"not_picked":["Shockwave","Flex"],"picked":"Cleave","floor":5},{"not_picked":["Anger","Cleave"],"picked":"Shrug It Off","floor":7},{"not_picked":["True Grit","Warcry"],"picked":"Immolate","floor":10},{"not_picked":["Havoc","Body Slam"],"picked":"Flex","floor":12},{"not_picked":["Dual Wield","Armaments"],"picked":"Infernal Blade","floor":13},{"not_picked":["Flex","Battle Trance"],"picked":"Clash","floor":14},{"not_picked":["Fiend Fire","Brutality"],"picked":"Impervious","floor":16},{"not_picked":["Pommel Strike","Shockwave"],"picked":"Body Slam+1","floor":18},{"not_picked":["Entrench","Disarm+1"],"picked":"Searing Blow","floor":19},{"not_picked":["Body Slam","Iron Wave"],"picked":"Dropkick+1","floor":20},{"not_picked":["Clash","True Grit"],"picked":"Heavy Blade+1","floor":24},{"not_picked":["Flex+1","Demon Form"],"picked":"Armaments+1","floor":30},{"not_picked":["Feed","Fiend Fire"],"picked":"Immolate","floor":33},{"not_picked":["Sword Boomerang+1","Pummel+1"],"picked":"Flex+1","floor":35},{"not_picked":["Shrug It Off+1","Twin Strike"],"picked":"Rage+1","floor":38},{"not_picked":["Good Instincts+1","Transmutation+1"],"picked":"Blind+1","floor":39},{"not_picked":["Thinking Ahead+1","Panache"],"picked":"The Bomb+1","floor":39}],"player_experience":64127,"relics_obtained":[{"floor":9,"key":"Tiny Chest"},{"floor":13,"key":"Pen Nib"},{"floor":22,"key":"Enchiridion"},{"floor":26,"key":"Toxic Egg 2"},{"floor":28,"key":"Bag of Marbles"},{"floor":38,"key":"Ice Cream"}],"event_choices":[{"cards_removed":["Injury"],"damage_healed":0,"gold_gain":0,"player_choice":"Card Removal","damage_taken":7,"max_hp_gain":0,"max_hp_loss":0,"event_name":"Golden Wing","floor":3,"gold_loss":0},{"damage_healed":0,"gold_gain":0,"player_choice":"Trade","damage_taken":0,"relics_obtained":["GremlinMask"],"max_hp_gain":0,"max_hp_loss":0,"event_name":"FaceTrader","floor":8,"gold_loss":0},{"damage_healed":0,"gold_gain":0,"player_choice":"Simplicity","damage_taken":0,"max_hp_gain":0,"max_hp_loss":0,"event_name":"Back to Basics","floor":21,"gold_loss":0,"cards_upgraded":["Strike_R","Strike_R","Strike_R","Strike_R","Strike_R","Defend_R","Defend_R","Defend_R","Defend_R"]},{"damage_healed":0,"gold_gain":0,"player_choice":"Obtained Book","damage_taken":16,"max_hp_gain":0,"max_hp_loss":0,"event_name":"Cursed Tome","floor":22,"gold_loss":0},{"damage_healed":0,"gold_gain":100,"player_choice":"Pray","damage_taken":0,"max_hp_gain":0,"max_hp_loss":0,"event_name":"Golden Shrine","floor":29,"gold_loss":0},{"damage_healed":0,"gold_gain":0,"player_choice":"Opened","damage_taken":0,"relics_obtained":["Anchor"],"max_hp_gain":0,"max_hp_loss":0,"event_name":"The Mausoleum","floor":31,"gold_loss":0},{"cards_removed":["Pommel Strike"],"damage_healed":0,"gold_gain":0,"player_choice":"Removed Attack","damage_taken":0,"max_hp_gain":0,"max_hp_loss":0,"event_name":"Falling","floor":36,"gold_loss":0},{"damage_healed":0,"gold_gain":0,"player_choice":"Fight","damage_taken":0,"max_hp_gain":0,"max_hp_loss":0,"event_name":"MindBloom","floor":38,"gold_loss":0},{"damage_healed":0,"gold_gain":0,"player_choice":"Memory 2","damage_taken":5,"max_hp_gain":0,"max_hp_loss":0,"event_name":"SensoryStone","floor":39,"gold_loss":0}],"is_beta":false,"boss_relics":[{"not_picked":["Philosopher\u0027s Stone","Cursed Key"],"picked":"Eternal Feather"},{"not_picked":["Fusion Hammer","Sozu"],"picked":"Runic Cube"}],"items_purged_floors":[],"is_endless":false,"potions_floor_spawned":[1,7,12,13,14,19,30,33,35],"killed_by":"Giant Head","ascension_level":0}