{"gold_per_floor":[111,128,142,142,161,161,178,178,178,213,138,138,213,224,224,301,301,320,333,333,46,57,57,86,86,86,86,86,117,117,132,132,132],"floor_reached":33,"playtime":2428,"items_purged":["Writhe"],"score":595,"play_id":"8ff41c82-f82b-4433-8d52-9dd3ef5698cb","local_time":"20181230020254","is_ascension_mode":true,"campfire_choices":[{"data":"Neutralize","floor":6,"key":"SMITH"},{"data":"Noxious Fumes","floor":8,"key":"SMITH"},{"data":"Footwork","floor":12,"key":"SMITH"},{"data":"Backstab","floor":15,"key":"SMITH"},{"data":"Caltrops","floor":23,"key":"SMITH"},{"data":"Dodge and Roll","floor":25,"key":"SMITH"},{"floor":27,"key":"REST"},{"floor":32,"key":"REST"}],"neow_cost":"NONE","seed_source_timestamp":778453486775373,"circlet_count":0,"master_deck":["AscendersBane","Defend_G","Defend_G","Defend_G","Defend_G","Defend_G","Strike_G+1","Strike_G","Survivor","Neutralize+1","Calculated Gamble","Footwork+1","Noxious Fumes+1","Backstab+1","Sucker Punch","Blur","Leg Sweep","Adrenaline","Bane","Predator+1","Caltrops+1","Dodge and Roll+1","Bane+1"],"relics":["Ring of the Snake","Bird Faced Urn","Pocketwatch","Black Star","Mango","Whetstone","Paper Crane","Prayer Wheel","Ice Cream","Art of War","Gremlin Horn"],"potions_floor_usage":[5,22,24],"damage_taken":[{"damage":2,"enemies":"Cultist","floor":1,"turns":5},{"damage":2,"enemies":"Small Slimes","floor":2,"turns":7},{"damage":0,"enemies":"Jaw Worm","floor":3,"turns":6},{"damage":6,"enemies":"2 Fungi Beasts","floor":5,"turns":7},{"damage":0,"enemies":"Blue Slaver","floor":7,"turns":5},{"damage":6,"enemies":"Lagavulin","floor":10,"turns":8},{"damage":0,"enemies":"Gremlin Gang","floor":14,"turns":5},{"damage":2,"enemies":"The Guardian","floor":16,"turns":13},{"damage":0,"enemies":"Chosen","floor":18,"turns":7},{"damage":4,"enemies":"Spheric Guardian","floor":19,"turns":8},{"damage":2,"enemies":"Centurion and Healer","floor":22,"turns":6},{"damage":46,"enemies":"Gremlin Leader","floor":24,"turns":9},{"damage":62,"enemies":"Slavers","floor":29,"turns":6},{"damage":4,"enemies":"Shelled Parasite and Fungi","floor":31,"turns":7},{"damage":43,"enemies":"Collector","floor":33,"turns":9}],"seed_played":"-3574285045073123261","potions_obtained":[{"floor":1,"key":"Swift Potion"},{"floor":16,"key":"SpeedPotion"},{"floor":22,"key":"Fruit Juice"}],"is_trial":false,"path_per_floor":["M","M","M","?","M","R","M","R","T","E","?","R","?","M","R","B",null,"M","M","?","$","M","R","E","R","T","R","?","E","?","M","R","B"],"character_chosen":"THE_SILENT","items_purchased":["Predator","Whetstone"],"campfire_rested":2,"item_purchase_floors":[21,21],"current_hp_per_floor":[57,55,55,48,42,42,42,42,42,40,40,40,29,33,33,35,58,62,62,76,76,83,83,39,39,39,64,64,8,8,8,33,0],"gold":132,"neow_bonus":"TRANSFORM_CARD","is_prod":false,"is_daily":false,"chose_seed":false,"campfire_upgraded":6,"win_rate":0,"timestamp":1546153374,"path_taken":["M","M","M","?","M","R","M","R","T","E","?","R","?","M","R","BOSS","M","M","?","$","M","R","E","R","T","R","?","E","?","M","R","BOSS"],"build_version":"2018-12-20","purchased_purges":1,"victory":false,"max_hp_per_floor":[66,66,66,66,66,66,66,66,66,66,66,66,66,66,66,66,66,66,66,80,80,85,85,85,85,85,85,85,85,85,85,85,85],"card_choices":[{"not_picked":["Backflip","Slice"],"picked":"Footwork","floor":1},{"not_picked":["Concentrate","Expertise","Deadly Poison"],"picked":"SKIP","floor":2},{"not_picked":["Outmaneuver","Prepared"],"picked":"Noxious Fumes","floor":3},{"not_picked":["Deadly Poison","Endless Agony"],"picked":"Backstab","floor":5},{"not_picked":["Backflip","Acrobatics"],"picked":"Sucker Punch","floor":7},{"not_picked":["Quick Slash","Tactician"],"picked":"Blur","floor":10},{"not_picked":["Poisoned Stab","Quick Slash"],"picked":"Leg Sweep","floor":14},{"not_picked":["Night Terror","Burst"],"picked":"Adrenaline","floor":16},{"not_picked":["Calculated Gamble","Sucker Punch"],"picked":"Bane","floor":18},{"not_picked":["Bane","Reflex","Quick Slash"],"picked":"SKIP","floor":19},{"not_picked":["Bane","Catalyst"],"picked":"Caltrops","floor":22},{"not_picked":["Grand Finale","Deflect"],"picked":"Dodge and Roll","floor":24},{"not_picked":["Bullet Time","Blade Dance"],"picked":"Bane+1","floor":29},{"not_picked":["Prepared","Bouncing Flask","Endless Agony"],"picked":"SKIP","floor":31},{"not_picked":["Deadly Poison","Acrobatics","Quick Slash+1"],"picked":"SKIP","floor":31}],"player_experience":1120628,"relics_obtained":[{"floor":9,"key":"Bird Faced Urn"},{"floor":10,"key":"Pocketwatch"},{"floor":24,"key":"Paper Crane"},{"floor":24,"key":"Prayer Wheel"},{"floor":26,"key":"Ice Cream"},{"floor":29,"key":"Art of War"},{"floor":29,"key":"Gremlin Horn"}],"event_choices":[{"cards_removed":["Strike_G"],"damage_healed":0,"gold_gain":0,"player_choice":"Card Removal","damage_taken":7,"max_hp_gain":0,"max_hp_loss":0,"event_name":"Golden Wing","floor":4,"gold_loss":0},{"cards_removed":["Strike_G"],"damage_healed":0,"gold_gain":0,"player_choice":"Card Removal","damage_taken":0,"max_hp_gain":0,"max_hp_loss":0,"event_name":"The Cleric","floor":11,"gold_loss":75},{"damage_healed":0,"gold_gain":75,"player_choice":"Gather Gold","damage_taken":11,"max_hp_gain":0,"max_hp_loss":0,"event_name":"World of Goop","floor":13,"gold_loss":0},{"damage_healed":0,"gold_gain":0,"player_choice":"Opened","damage_taken":0,"relics_obtained":["Mango"],"max_hp_gain":0,"max_hp_loss":0,"event_name":"The Mausoleum","floor":20,"gold_loss":0,"cards_obtained":["Writhe"]},{"damage_healed":0,"gold_gain":0,"player_choice":"Ignored","damage_taken":0,"max_hp_gain":0,"max_hp_loss":0,"event_name":"Cursed Tome","floor":28,"gold_loss":0},{"damage_healed":0,"gold_gain":0,"player_choice":"Ignored","damage_taken":0,"max_hp_gain":0,"max_hp_loss":0,"event_name":"Vampires","floor":30,"gold_loss":0}],"is_beta":false,"boss_relics":[{"not_picked":["Ectoplasm","Calling Bell"],"picked":"Black Star"}],"items_purged_floors":[21],"is_endless":false,"potions_floor_spawned":[1,16,22],"killed_by":"Collector","ascension_level":20}