{"gold_per_floor":[117,25,45,55,70,70,104,123,123,137,137,156,185,197,197,271,271,231,250,30,43,43,43,43,75,75,75],"floor_reached":27,"playtime":1963,"items_purged":[],"score":457,"play_id":"eb8445f5-a81b-479d-b4f8-c7841c712b6f","local_time":"20181226194914","is_ascension_mode":true,"campfire_choices":[{"data":"Poisoned Stab","floor":6,"key":"SMITH"},{"data":"Poisoned Stab","floor":11,"key":"SMITH"},{"data":"Dodge and Roll","floor":15,"key":"SMITH"},{"data":"Dagger Spray","floor":23,"key":"SMITH"},{"data":"PiercingWail","floor":24,"key":"SMITH"}],"neow_cost":"NONE","seed_source_timestamp":65355034149468,"circlet_count":0,"master_deck":["AscendersBane","Defend_G","Defend_G","Defend_G","Defend_G","Defend_G","Strike_G","Strike_G","Strike_G","Strike_G","Strike_G","Survivor","Neutralize+1","Cloak And Dagger","Poisoned Stab+1","Crippling Poison","Flying Knee","Poisoned Stab+1","Well Laid Plans","Dodge and Roll+1","Venomology","Dagger Spray+1","Deadly Poison","PiercingWail+1","Escape Plan"],"relics":["Ring of the Snake","Incense Burner","Happy Flower","Meat on the Bone","WingedGreaves","Runic Dome","Membership Card","Gambling Chip","Blood Vial","Anchor"],"potions_floor_usage":[8,10,16,18,18,19,19,21,25,25,27],"damage_taken":[{"damage":1,"enemies":"2 Louse","floor":1,"turns":3},{"damage":0,"enemies":"Cultist","floor":3,"turns":4},{"damage":5,"enemies":"Small Slimes","floor":4,"turns":3},{"damage":1,"enemies":"Blue Slaver","floor":5,"turns":5},{"damage":21,"enemies":"Gremlin Nob","floor":7,"turns":5},{"damage":7,"enemies":"Lots of Slimes","floor":8,"turns":4},{"damage":0,"enemies":"Exordium Wildlife","floor":10,"turns":3},{"damage":5,"enemies":"3 Louse","floor":12,"turns":3},{"damage":20,"enemies":"3 Sentries","floor":13,"turns":9},{"damage":0,"enemies":"Blue Slaver","floor":14,"turns":3},{"damage":4,"enemies":"Hexaghost","floor":16,"turns":9},{"damage":2,"enemies":"2 Thieves","floor":18,"turns":5},{"damage":17,"enemies":"Shell Parasite","floor":19,"turns":5},{"damage":11,"enemies":"3 Cultists","floor":21,"turns":6},{"damage":24,"enemies":"Slavers","floor":25,"turns":7},{"damage":39,"enemies":"Gremlin Leader","floor":27,"turns":6}],"seed_played":"-5246566622522325466","potions_obtained":[{"floor":4,"key":"Fire Potion"},{"floor":7,"key":"GamblersBrew"},{"floor":10,"key":"Strength Potion"},{"floor":13,"key":"SpeedPotion"},{"floor":16,"key":"Energy Potion"},{"floor":18,"key":"AttackPotion"}],"is_trial":false,"path_per_floor":["M","?","M","M","M","R","E","M","T","M","R","M","E","M","R","B",null,"M","M","$","M","T","R","R","E","T","E"],"character_chosen":"THE_SILENT","items_purchased":["Membership Card"],"campfire_rested":0,"item_purchase_floors":[20],"current_hp_per_floor":[58,58,58,53,52,52,31,24,24,36,36,43,35,35,35,43,60,58,41,41,42,42,42,42,30,30,0],"gold":75,"neow_bonus":"UPGRADE_CARD","is_prod":false,"is_daily":false,"chose_seed":false,"campfire_upgraded":5,"win_rate":0,"timestamp":1545871754,"path_taken":["M","?","M","?","M","R","E","M","T","M","R","M","E","M","R","BOSS","M","M","$","M","?","R","R","E","T","E"],"build_version":"2018-12-20","purchased_purges":0,"victory":false,"max_hp_per_floor":[66,66,66,66,66,66,66,66,66,66,66,66,66,66,66,66,66,66,66,66,66,66,66,66,66,66,66],"card_choices":[{"not_picked":["Dagger Throw","Masterful Stab"],"picked":"Cloak And Dagger","floor":1},{"not_picked":["Underhanded Strike","Eviscerate"],"picked":"Poisoned Stab","floor":3},{"not_picked":["Catalyst","Cloak And Dagger","Flechettes"],"picked":"SKIP","floor":4},{"not_picked":["Poisoned Stab","Deadly Poison"],"picked":"Crippling Poison","floor":5},{"not_picked":["Wraith Form v2","Prepared"],"picked":"Flying Knee","floor":7},{"not_picked":["Sucker Punch","Backflip"],"picked":"Poisoned Stab","floor":8},{"not_picked":["Dagger Throw","Underhanded Strike","Quick Slash"],"picked":"SKIP","floor":10},{"not_picked":["PiercingWail","Blade Dance","Concentrate"],"picked":"SKIP","floor":12},{"not_picked":["Heel Hook","Blur"],"picked":"Well Laid Plans","floor":13},{"not_picked":["Bullet Time","Flying Knee"],"picked":"Dodge and Roll","floor":14},{"not_picked":["Corpse Explosion","Phantasmal Killer"],"picked":"Venomology","floor":16},{"not_picked":["Terror","Dodge and Roll+1"],"picked":"Dagger Spray","floor":18},{"not_picked":["Flying Knee","Blade Dance"],"picked":"Deadly Poison","floor":19},{"not_picked":["Eviscerate+1","Quick Slash"],"picked":"PiercingWail","floor":21},{"not_picked":["Slice","Backflip"],"picked":"Escape Plan","floor":25}],"player_experience":1005215,"relics_obtained":[{"floor":7,"key":"Happy Flower"},{"floor":9,"key":"Meat on the Bone"},{"floor":13,"key":"WingedGreaves"},{"floor":22,"key":"Gambling Chip"},{"floor":25,"key":"Blood Vial"},{"floor":26,"key":"Anchor"}],"event_choices":[{"damage_healed":0,"gold_gain":0,"player_choice":"Paid Gold","damage_taken":0,"relics_obtained":["Incense Burner"],"max_hp_gain":0,"max_hp_loss":0,"event_name":"WeMeetAgain","floor":2,"gold_loss":92}],"is_beta":false,"boss_relics":[{"not_picked":["Snecko Eye","Coffee Dripper"],"picked":"Runic Dome"}],"items_purged_floors":[],"is_endless":false,"potions_floor_spawned":[4,7,10,13,16,18],"killed_by":"Gremlin Leader","ascension_level":17}