{"gold_per_floor":[117,136,147,162,162,162,190,201,201,233,233],"floor_reached":11,"playtime":490,"items_purged":[],"score":166,"play_id":"146b1d73-d9b7-4c42-b51e-896d22dcc455","local_time":"20190801033157","is_ascension_mode":true,"campfire_choices":[{"data":"Armaments","floor":6,"key":"SMITH"}],"neow_cost":"PERCENT_DAMAGE","seed_source_timestamp":389234741201431,"circlet_count":0,"master_deck":["AscendersBane","Strike_R","Strike_R","Strike_R","Strike_R","Strike_R","Defend_R","Defend_R","Defend_R","Defend_R","Bash","Fiend Fire","Armaments+1","Flex","Thunderclap","Inflame","Pommel Strike","Pummel"],"relics":["Burning Blood","Pantograph","Letter Opener","Art of War"],"potions_floor_usage":[7,8,11],"damage_taken":[{"damage":6,"enemies":"2 Louse","floor":1,"turns":3},{"damage":2,"enemies":"Jaw Worm","floor":2,"turns":3},{"damage":1,"enemies":"Cultist","floor":3,"turns":3},{"damage":7,"enemies":"Looter","floor":4,"turns":3},{"damage":18,"enemies":"Lagavulin","floor":7,"turns":7},{"damage":18,"enemies":"Gremlin Gang","floor":8,"turns":4},{"damage":32,"enemies":"Gremlin Nob","floor":10,"turns":4},{"damage":15,"enemies":"3 Louse","floor":11,"turns":1}],"seed_played":"1211234738985103351","potions_obtained":[{"floor":3,"key":"Block Potion"},{"floor":7,"key":"PowerPotion"},{"floor":10,"key":"Poison Potion"}],"is_trial":false,"path_per_floor":["M","M","M","M","?","R","E","M","T","E","M"],"character_chosen":"IRONCLAD","items_purchased":[],"campfire_rested":0,"item_purchase_floors":[],"current_hp_per_floor":[50,54,59,58,58,58,46,34,34,8,0],"gold":233,"neow_bonus":"THREE_RARE_CARDS","is_prod":false,"is_daily":false,"chose_seed":false,"campfire_upgraded":1,"win_rate":0,"timestamp":1564644717,"path_taken":["M","M","M","M","?","R","E","M","T","E","M"],"build_version":"2019-07-17","purchased_purges":0,"victory":false,"max_hp_per_floor":[75,75,75,75,75,75,75,75,75,75,75],"card_choices":[{"not_picked":["Juggernaut","Impervious"],"picked":"Fiend Fire","floor":0},{"not_picked":["Searing Blow","True Grit"],"picked":"Armaments","floor":1},{"not_picked":["Dual Wield","Shrug It Off"],"picked":"Flex","floor":2},{"not_picked":["Sword Boomerang","Seeing Red"],"picked":"Thunderclap","floor":3},{"not_picked":["Headbutt","Infernal Blade"],"picked":"Inflame","floor":4},{"not_picked":["Clothesline","Perfected Strike"],"picked":"Pommel Strike","floor":7},{"not_picked":["Evolve","Pommel Strike","Spot Weakness"],"picked":"SKIP","floor":8},{"not_picked":["Iron Wave","Evolve"],"picked":"Pummel","floor":10}],"player_experience":1665151,"relics_obtained":[{"floor":7,"key":"Pantograph"},{"floor":9,"key":"Letter Opener"},{"floor":10,"key":"Art of War"}],"event_choices":[{"damage_healed":0,"gold_gain":0,"player_choice":"Ignored","damage_taken":0,"max_hp_gain":0,"max_hp_loss":0,"event_name":"Liars Game","floor":5,"gold_loss":0}],"is_beta":false,"boss_relics":[],"items_purged_floors":[],"is_endless":false,"potions_floor_spawned":[3,7,10],"killed_by":"3 Louse","ascension_level":19}