{"gold_per_floor":[110,123,137,150,167,194,194,224,224,224,242,277,288,302,302,402,402,415,433,433],"floor_reached":20,"playtime":957,"items_purged":[],"score":310,"play_id":"ca32facc-595b-4087-ad99-79805c801342","local_time":"20190629070423","is_ascension_mode":true,"campfire_choices":[{"floor":7,"key":"REST"},{"data":"Zap","floor":10,"key":"SMITH"},{"floor":15,"key":"REST"}],"neow_cost":"NONE","seed_source_timestamp":49692439112122,"circlet_count":0,"master_deck":["AscendersBane","Strike_B","Strike_B","Strike_B","Strike_B","Defend_B","Defend_B","Defend_B","Defend_B","Zap+1","Dualcast","FTL","Sunder","White Noise","Cold Snap","Sweeping Beam","Echo Form","Defragment","Darkness","Leap","Stack","Buffer","Consume+1","Hologram"],"relics":["FrozenCore","NeowsBlessing","Bronze Scales","Bag of Marbles","Pantograph","Kunai"],"potions_floor_usage":[13,14],"damage_taken":[{"damage":0,"enemies":"Cultist","floor":1,"turns":1},{"damage":0,"enemies":"Small Slimes","floor":2,"turns":1},{"damage":0,"enemies":"2 Louse","floor":3,"turns":1},{"damage":9,"enemies":"2 Fungi Beasts","floor":4,"turns":2},{"damage":5,"enemies":"Exordium Wildlife","floor":5,"turns":3},{"damage":17,"enemies":"3 Sentries","floor":6,"turns":5},{"damage":14,"enemies":"Lagavulin","floor":8,"turns":6},{"damage":18,"enemies":"Large Slime","floor":11,"turns":3},{"damage":24,"enemies":"Gremlin Nob","floor":12,"turns":4},{"damage":0,"enemies":"Gremlin Gang","floor":13,"turns":1},{"damage":0,"enemies":"Exordium Thugs","floor":14,"turns":2},{"damage":13,"enemies":"The Guardian","floor":16,"turns":11},{"damage":21,"enemies":"Shell Parasite","floor":18,"turns":8},{"damage":16,"enemies":"Spheric Guardian","floor":19,"turns":6},{"damage":33,"enemies":"Masked Bandits","floor":20,"turns":3}],"seed_played":"5835875169670826351","potions_obtained":[{"floor":1,"key":"Fire Potion"},{"floor":3,"key":"SteroidPotion"},{"floor":14,"key":"Strength Potion"},{"floor":19,"key":"Dexterity Potion"}],"is_trial":false,"path_per_floor":["M","M","M","M","M","E","R","E","T","R","M","E","M","M","R","B",null,"M","M","?"],"character_chosen":"DEFECT","items_purchased":[],"campfire_rested":2,"item_purchase_floors":[],"current_hp_per_floor":[68,68,68,59,54,37,59,45,45,45,27,3,3,3,25,37,66,45,29,0],"gold":433,"neow_bonus":"THREE_ENEMY_KILL","is_prod":false,"is_daily":false,"chose_seed":false,"campfire_upgraded":1,"win_rate":0,"timestamp":1561755863,"path_taken":["M","M","M","M","M","E","R","E","T","R","M","E","M","?","R","BOSS","M","M","?"],"build_version":"2019-01-23","purchased_purges":0,"victory":false,"max_hp_per_floor":[75,75,75,75,75,75,75,75,75,75,75,75,75,75,75,75,75,75,75,75],"card_choices":[{"not_picked":["Aggregate","Coolheaded"],"picked":"FTL","floor":1},{"not_picked":["Go for the Eyes","Hologram"],"picked":"Sunder","floor":2},{"not_picked":["Cold Snap","Conserve Battery"],"picked":"White Noise","floor":3},{"not_picked":["Heatsinks","Sunder"],"picked":"Cold Snap","floor":4},{"not_picked":["Steam Power","Ball Lightning"],"picked":"Sweeping Beam","floor":5},{"not_picked":["Rebound","Skim"],"picked":"Echo Form","floor":6},{"not_picked":["Steam","Auto Shields","Rebound"],"picked":"SKIP","floor":8},{"not_picked":["Double Energy","Melter"],"picked":"Defragment","floor":11},{"not_picked":["Barrage","Rip and Tear"],"picked":"Darkness","floor":12},{"not_picked":["Lockon","Double Energy"],"picked":"Leap","floor":13},{"not_picked":["Barrage","Rebound"],"picked":"Stack","floor":14},{"not_picked":["Meteor Strike","Hyperbeam"],"picked":"Buffer","floor":16},{"not_picked":["Turbo","Ball Lightning+1"],"picked":"Consume+1","floor":18},{"not_picked":["Beam Cell+1","Rebound"],"picked":"Hologram","floor":19}],"player_experience":874623,"relics_obtained":[{"floor":6,"key":"Bronze Scales"},{"floor":8,"key":"Bag of Marbles"},{"floor":9,"key":"Pantograph"},{"floor":12,"key":"Kunai"}],"event_choices":[{"damage_healed":0,"gold_gain":0,"player_choice":"Fought Bandits","damage_taken":0,"max_hp_gain":0,"max_hp_loss":0,"event_name":"Masked Bandits","floor":20,"gold_loss":0}],"is_beta":false,"boss_relics":[{"not_picked":["Orrery","Velvet Choker"],"picked":"FrozenCore"}],"items_purged_floors":[],"is_endless":false,"potions_floor_spawned":[1,3,5,8,14,19],"killed_by":"Masked Bandits","ascension_level":11}