{"gold_per_floor":[115,134,153,164,74,104,104,104,104,104,135,46,46,63,63,63],"floor_reached":16,"playtime":560,"items_purged":[],"score":220,"play_id":"723c194e-7ca9-453a-87f7-1e99e11583bb","local_time":"20190505025610","is_ascension_mode":true,"campfire_choices":[{"data":"Neutralize","floor":7,"key":"SMITH"},{"floor":10,"key":"REST"},{"floor":15,"key":"REST"}],"neow_cost":"NONE","seed_source_timestamp":923896910430629,"circlet_count":0,"master_deck":["AscendersBane","Defend_G","Defend_G","Defend_G","Defend_G","Defend_G","Strike_G","Strike_G","Strike_G","Strike_G","Strike_G","Survivor","Neutralize+1","Night Terror","Backstab","Underhanded Strike","Deflect","Dagger Throw","Bullet Time","Phantasmal Killer","Slice+1","Dash+1","Well Laid Plans"],"relics":["Ring of the Snake","Snake Skull","Dodecahedron","Molten Egg 2","Unceasing Top"],"potions_floor_usage":[6,11],"damage_taken":[{"damage":2,"enemies":"2 Louse","floor":1,"turns":3},{"damage":0,"enemies":"Small Slimes","floor":2,"turns":3},{"damage":2,"enemies":"Jaw Worm","floor":3,"turns":6},{"damage":1,"enemies":"Red Slaver","floor":4,"turns":4},{"damage":17,"enemies":"3 Sentries","floor":6,"turns":6},{"damage":16,"enemies":"Lagavulin","floor":11,"turns":6},{"damage":1,"enemies":"Looter","floor":14,"turns":3},{"damage":27,"enemies":"The Guardian","floor":16,"turns":2}],"seed_played":"1083647955596697783","potions_obtained":[{"floor":2,"key":"FearPotion"},{"floor":4,"key":"Explosive Potion"}],"is_trial":false,"path_per_floor":["M","M","M","M","$","E","R","?","T","R","E","$","?","M","R","B"],"character_chosen":"THE_SILENT","items_purchased":["Bullet Time","Dash+1"],"campfire_rested":2,"item_purchase_floors":[5,12],"current_hp_per_floor":[57,57,55,54,54,37,37,2,2,21,5,5,5,4,23,0],"gold":63,"neow_bonus":"ONE_RANDOM_RARE_CARD","is_prod":false,"is_daily":false,"chose_seed":false,"campfire_upgraded":1,"win_rate":0,"timestamp":1557039370,"path_taken":["M","M","M","M","$","E","R","?","T","R","E","$","?","M","R","BOSS"],"build_version":"2019-01-23","purchased_purges":0,"victory":false,"max_hp_per_floor":[66,66,66,66,66,66,66,66,66,66,66,66,66,66,66,66],"card_choices":[{"not_picked":["Cloak And Dagger","Accuracy"],"picked":"Backstab","floor":1},{"not_picked":["Cloak And Dagger","Bane"],"picked":"Underhanded Strike","floor":2},{"not_picked":["Dodge and Roll","Riddle With Holes"],"picked":"Deflect","floor":3},{"not_picked":["Dodge and Roll","Footwork"],"picked":"Dagger Throw","floor":4},{"not_picked":["Bane","Dagger Spray"],"picked":"Phantasmal Killer","floor":6},{"not_picked":["Bane+1","Expertise"],"picked":"Slice+1","floor":11},{"not_picked":["Bouncing Flask","Sucker Punch+1"],"picked":"Well Laid Plans","floor":14}],"player_experience":1423844,"relics_obtained":[{"floor":6,"key":"Snake Skull"},{"floor":9,"key":"Molten Egg 2"},{"floor":11,"key":"Unceasing Top"}],"event_choices":[{"damage_healed":0,"gold_gain":0,"player_choice":"Success","damage_taken":35,"relics_obtained":["Dodecahedron"],"max_hp_gain":0,"max_hp_loss":0,"event_name":"Scrap Ooze","floor":8,"gold_loss":0},{"damage_healed":0,"gold_gain":0,"player_choice":"Ignored","damage_taken":0,"max_hp_gain":0,"max_hp_loss":0,"event_name":"Liars Game","floor":13,"gold_loss":0}],"is_beta":false,"boss_relics":[],"items_purged_floors":[],"is_endless":false,"potions_floor_spawned":[2,4],"killed_by":"The Guardian","ascension_level":20}