{"gold_per_floor":[115,115,126,137,54,54,68,86,86,86],"floor_reached":10,"playtime":463,"items_purged":[],"score":120,"play_id":"9541610b-ab42-4480-abd3-508dc88d2f2c","local_time":"20181230021047","is_ascension_mode":true,"campfire_choices":[{"data":"Noxious Fumes","floor":6,"key":"SMITH"}],"neow_cost":"NONE","seed_source_timestamp":780893573424258,"circlet_count":0,"master_deck":["AscendersBane","Defend_G","Defend_G","Defend_G","Defend_G","Defend_G","Strike_G","Strike_G","Strike_G","Strike_G","Strike_G","Survivor","Neutralize","Dagger Throw","Poisoned Stab","Noxious Fumes+1","Sucker Punch"],"relics":["Ring of the Snake","Regal Pillow","FaceOfCleric","Bag of Preparation"],"potions_floor_usage":[8,10],"damage_taken":[{"damage":9,"enemies":"2 Louse","floor":1,"turns":3},{"damage":3,"enemies":"Cultist","floor":3,"turns":4},{"damage":9,"enemies":"Jaw Worm","floor":4,"turns":6},{"damage":7,"enemies":"3 Louse","floor":7,"turns":4},{"damage":3,"enemies":"Looter","floor":8,"turns":3},{"damage":32,"enemies":"3 Sentries","floor":10,"turns":5}],"seed_played":"-8523211171938355027","potions_obtained":[{"floor":1,"key":"Poison Potion"},{"floor":7,"key":"SteroidPotion"}],"is_trial":false,"path_per_floor":["M","?","M","M","$","R","M","M","T","E"],"character_chosen":"THE_SILENT","items_purchased":["Noxious Fumes"],"campfire_rested":0,"item_purchase_floors":[5],"current_hp_per_floor":[50,50,48,40,40,40,34,32,32,0],"gold":86,"neow_bonus":"RANDOM_COMMON_RELIC","is_prod":false,"is_daily":false,"chose_seed":false,"campfire_upgraded":1,"win_rate":0,"timestamp":1546153847,"path_taken":["M","?","M","M","$","R","?","M","T","E"],"build_version":"2018-12-20","purchased_purges":0,"victory":false,"max_hp_per_floor":[66,66,67,68,68,68,69,70,70,70],"card_choices":[{"not_picked":["Calculated Gamble","Expertise","Prepared"],"picked":"SKIP","floor":1},{"not_picked":["Catalyst","Deadly Poison"],"picked":"Dagger Throw","floor":3},{"not_picked":["Backflip","Quick Slash"],"picked":"Poisoned Stab","floor":4},{"not_picked":["Prepared","Deflect","Tools of the Trade"],"picked":"SKIP","floor":7},{"not_picked":["Deflect","Slice"],"picked":"Sucker Punch","floor":8}],"player_experience":1123056,"relics_obtained":[{"floor":9,"key":"Bag of Preparation"}],"event_choices":[{"damage_healed":0,"gold_gain":0,"player_choice":"Trade","damage_taken":0,"relics_obtained":["FaceOfCleric"],"max_hp_gain":0,"max_hp_loss":0,"event_name":"FaceTrader","floor":2,"gold_loss":0}],"is_beta":false,"boss_relics":[],"items_purged_floors":[],"is_endless":false,"potions_floor_spawned":[1,7],"killed_by":"3 Sentries","ascension_level":20}