{"gold_per_floor":[110,110,110,142,154,196,208,277,289,321,333,380,410,447,459,471],"floor_reached":16,"playtime":611,"items_purged":[],"score":194,"play_id":"79d932ba-5b64-4ae1-b599-855054964ff9","local_time":"20190804171409","is_ascension_mode":true,"campfire_choices":[{"floor":7,"key":"REST"},{"floor":11,"key":"REST"},{"floor":15,"key":"REST"}],"neow_cost":"NONE","seed_source_timestamp":6900741440542,"circlet_count":0,"master_deck":["AscendersBane","Strike_G","Strike_G","Strike_G","Strike_G+1","Strike_G","Defend_G","Defend_G","Defend_G","Defend_G","Defend_G","Survivor","Neutralize+1","Flying Knee","Cloak And Dagger","Sucker Punch","Distraction","Burst","PiercingWail"],"relics":["Ring of the Snake","MawBank","Omamori","StoneCalendar","Gremlin Horn","Art of War","Bag of Preparation"],"potions_floor_usage":[16],"damage_taken":[{"damage":1,"enemies":"Small Slimes","floor":1,"turns":4},{"damage":0,"enemies":"Jaw Worm","floor":4,"turns":4},{"damage":28,"enemies":"Gremlin Nob","floor":6,"turns":5},{"damage":18,"enemies":"Gremlin Nob","floor":8,"turns":5},{"damage":0,"enemies":"Cultist","floor":10,"turns":3},{"damage":26,"enemies":"3 Sentries","floor":12,"turns":7},{"damage":0,"enemies":"Blue Slaver","floor":13,"turns":5},{"damage":43,"enemies":"The Guardian","floor":16,"turns":12}],"seed_played":"-776226465037565399","potions_obtained":[{"floor":1,"key":"Strength Potion"},{"floor":8,"key":"Ancient Potion"},{"floor":13,"key":"Poison Potion"}],"is_trial":false,"path_per_floor":["M","?","?","M","$","E","R","?","T","M","R","E","M","T","R","B"],"character_chosen":"THE_SILENT","items_purchased":[],"campfire_rested":3,"item_purchase_floors":[],"current_hp_per_floor":[64,42,42,42,42,14,35,17,17,17,38,12,12,12,33,0],"gold":471,"neow_bonus":"TEN_PERCENT_HP_BONUS","is_prod":false,"is_daily":false,"chose_seed":false,"campfire_upgraded":0,"win_rate":0,"timestamp":1564902849,"path_taken":["M","?","?","?","$","E","R","?","T","M","R","E","M","?","R","BOSS"],"build_version":"2019-07-17","purchased_purges":0,"victory":false,"max_hp_per_floor":[72,72,72,72,72,72,72,72,72,72,72,72,72,72,72,72],"card_choices":[{"not_picked":["Eviscerate","Outmaneuver","Deflect"],"picked":"SKIP","floor":1},{"not_picked":["Deflect","Prepared"],"picked":"Flying Knee","floor":4},{"not_picked":["Deadly Poison","Escape Plan"],"picked":"Cloak And Dagger","floor":6},{"not_picked":["Dagger Spray","Prepared"],"picked":"Sucker Punch","floor":8},{"not_picked":["Eviscerate","Sucker Punch"],"picked":"Distraction","floor":10},{"not_picked":["Masterful Stab","Acrobatics"],"picked":"Burst","floor":12},{"not_picked":["Slice","Deflect"],"picked":"PiercingWail","floor":13}],"player_experience":1111344,"relics_obtained":[{"floor":6,"key":"Omamori"},{"floor":8,"key":"StoneCalendar"},{"floor":9,"key":"Gremlin Horn"},{"floor":12,"key":"Art of War"},{"floor":14,"key":"Bag of Preparation"}],"event_choices":[{"damage_healed":0,"gold_gain":0,"player_choice":"Entered Light","damage_taken":22,"max_hp_gain":0,"max_hp_loss":0,"event_name":"Shining Light","floor":2,"gold_loss":0,"cards_upgraded":["Neutralize","Strike_G"]},{"damage_healed":0,"gold_gain":0,"player_choice":"Gave Potion","damage_taken":0,"relics_obtained":["MawBank"],"max_hp_gain":0,"max_hp_loss":0,"event_name":"WeMeetAgain","floor":3,"gold_loss":0},{"damage_healed":0,"gold_gain":30,"player_choice":"Searched \u00272\u0027 times","damage_taken":0,"max_hp_gain":0,"max_hp_loss":0,"event_name":"Dead Adventurer","floor":8,"gold_loss":0}],"is_beta":false,"boss_relics":[],"items_purged_floors":[],"is_endless":false,"potions_floor_spawned":[1,8,13],"killed_by":"The Guardian","ascension_level":16}