{"gold_per_floor":[144,155,80,91,91,91,123,123,123,153,92,92,92,118,118,196,196,207,219,231,10,10],"floor_reached":22,"playtime":1120,"items_purged":[],"score":554,"play_id":"5fc33695-7df6-47b7-87dd-e1b717fb9ff1","local_time":"20190512000917","is_ascension_mode":true,"campfire_choices":[{"data":"Skewer","floor":6.0,"key":"SMITH"},{"floor":8.0,"key":"REST"},{"data":"Neutralize","floor":15.0,"key":"SMITH"}],"neow_cost":"NONE","seed_source_timestamp":1518085329506266,"circlet_count":0,"master_deck":["AscendersBane","Defend_G","Defend_G","Defend_G","Defend_G","Strike_G","Strike_G","Strike_G","Strike_G","Strike_G","Survivor","Neutralize+1","PiercingWail","Backstab","Skewer+1","Flying Knee","Masterful Stab+1","Quick Slash+1","Adrenaline","Backflip","Crippling Poison"],"special_seed":0,"relics":["Ring of the Serpent","Tiny Chest","Turnip","Regal Pillow","Ninja Scroll","Molten Egg 2","Singing Bowl","Matryoshka","Art of War"],"potions_floor_usage":[20,22],"damage_taken":[{"damage":0.0,"enemies":"2 Louse","floor":1.0,"turns":3.0},{"damage":0.0,"enemies":"Small Slimes","floor":2.0,"turns":4.0},{"damage":0.0,"enemies":"Cultist","floor":4.0,"turns":3.0},{"damage":30.0,"enemies":"3 Sentries","floor":7.0,"turns":8.0},{"damage":16.0,"enemies":"Lagavulin","floor":10.0,"turns":5.0},{"damage":0.0,"enemies":"Gremlin Nob","floor":14.0,"turns":2.0},{"damage":0.0,"enemies":"Slime Boss","floor":16.0,"turns":7.0},{"damage":16.0,"enemies":"Shell Parasite","floor":18.0,"turns":6.0},{"damage":9.0,"enemies":"2 Thieves","floor":19.0,"turns":3.0},{"damage":7,"enemies":"Snecko","floor":20,"turns":4},{"damage":37,"enemies":"Shelled Parasite and Fungi","floor":22,"turns":5}],"seed_played":"-5540078988046497421","potions_obtained":[{"floor":7.0,"key":"Poison Potion"},{"floor":10.0,"key":"Fire Potion"},{"floor":14.0,"key":"PowerPotion"},{"floor":19.0,"key":"Ancient Potion"}],"is_trial":false,"path_per_floor":["M","M","?","M","?","R","E","R","T","E","?","?","T","E","R","B",null,"M","M","M","$","M"],"character_chosen":"THE_SILENT","items_purchased":["Art of War","Energy Potion"],"campfire_rested":1,"item_purchase_floors":[21,21],"current_hp_per_floor":[59,59,59,59,41,41,11,45,45,29,29,34,34,34,34,34,62,48,39,32,32,0],"gold":10,"neow_bonus":"RANDOM_COMMON_RELIC","is_prod":false,"is_daily":false,"chose_seed":false,"campfire_upgraded":2,"win_rate":0,"timestamp":1557634157,"path_taken":["M","M","?","M","?","R","E","R","T","E","?","?","?","E","R","BOSS","M","M","M","$","M"],"build_version":"2019-01-23","purchased_purges":0,"victory":false,"max_hp_per_floor":[66,66,66,66,66,66,66,66,66,66,66,71,71,71,71,71,71,73,73,73,73,73],"card_choices":[{"not_picked":["Outmaneuver","Prepared"],"picked":"PiercingWail","floor":1.0},{"not_picked":["Bouncing Flask","Dagger Throw"],"picked":"Backstab","floor":2.0},{"not_picked":["Catalyst","PiercingWail"],"picked":"Skewer","floor":4.0},{"not_picked":["Crippling Poison","Distraction"],"picked":"Flying Knee","floor":7.0},{"not_picked":["Distraction","Terror"],"picked":"Masterful Stab","floor":10.0},{"not_picked":["Deadly Poison","Skewer+1"],"picked":"Quick Slash+1","floor":14.0},{"not_picked":["Envenom","Phantasmal Killer"],"picked":"Adrenaline","floor":16.0},{"not_picked":["Quick Slash+1","Dodge and Roll","Bane+1"],"picked":"Singing Bowl","floor":18.0},{"not_picked":["Dodge and Roll","Underhanded Strike+1"],"picked":"Backflip","floor":19.0},{"not_picked":["Tactician","Prepared"],"picked":"Crippling Poison","floor":20}],"player_experience":1497385,"relics_obtained":[{"floor":7.0,"key":"Regal Pillow"},{"floor":9.0,"key":"Ninja Scroll"},{"floor":10.0,"key":"Molten Egg 2"},{"floor":13.0,"key":"Singing Bowl"},{"floor":14.0,"key":"Matryoshka"}],"event_choices":[{"cards_removed":["Defend_G"],"damage_healed":0.0,"max_hp_gain":0.0,"max_hp_loss":0.0,"gold_gain":0.0,"event_name":"The Cleric","player_choice":"Card Removal","floor":3.0,"gold_loss":75.0,"damage_taken":0.0},{"damage_healed":0.0,"max_hp_gain":0.0,"max_hp_loss":0.0,"gold_gain":0.0,"event_name":"Scrap Ooze","player_choice":"Success","floor":5.0,"gold_loss":0.0,"damage_taken":18.0,"relics_obtained":["Turnip"]},{"damage_healed":0.0,"max_hp_gain":0.0,"max_hp_loss":0.0,"gold_gain":0.0,"event_name":"World of Goop","player_choice":"Left Gold","floor":11.0,"gold_loss":61.0,"damage_taken":0.0},{"damage_healed":0.0,"max_hp_gain":5.0,"max_hp_loss":0.0,"gold_gain":0.0,"event_name":"Big Fish","player_choice":"Donut","floor":12.0,"gold_loss":0.0,"damage_taken":0.0}],"is_beta":false,"boss_relics":[{"not_picked":["Coffee Dripper","Tiny House"],"picked":"Ring of the Serpent"}],"items_purged_floors":[],"is_endless":false,"potions_floor_spawned":[7,10,14,19],"killed_by":"Shelled Parasite and Fungi","ascension_level":20}