{"gold_per_floor":[113,133,13,188,207,207,223,223,223,240,240,240,205,237,237,237],"floor_reached":16,"playtime":646,"items_purged":[],"score":170,"play_id":"8a6e65f6-64be-4301-99e8-ec476d9d938d","local_time":"20190708070806","is_ascension_mode":true,"campfire_choices":[{"data":"Neutralize","floor":6,"key":"SMITH"},{"floor":8,"key":"REST"},{"data":"Footwork","floor":12,"key":"SMITH"},{"data":"Blade Dance","floor":15,"key":"SMITH"}],"neow_cost":"TEN_PERCENT_HP_LOSS","seed_source_timestamp":29886451876364,"circlet_count":0,"master_deck":["AscendersBane","Strike_G","Strike_G","Strike_G","Strike_G","Strike_G","Defend_G","Defend_G","Defend_G","Defend_G","Defend_G","Survivor","Neutralize+1","Storm of Steel","Predator","Dagger Spray","Footwork+1","Blade Dance+1","Underhanded Strike","Dodge and Roll","Leg Sweep","Blade Dance"],"relics":["Ring of the Snake","Dodecahedron","Kunai"],"potions_floor_usage":[7,10,14],"damage_taken":[{"damage":8,"enemies":"Small Slimes","floor":1,"turns":5},{"damage":8,"enemies":"2 Louse","floor":2,"turns":2},{"damage":10,"enemies":"Jaw Worm","floor":5,"turns":5},{"damage":6,"enemies":"Exordium Wildlife","floor":7,"turns":2},{"damage":15,"enemies":"3 Louse","floor":10,"turns":3},{"damage":21,"enemies":"Gremlin Nob","floor":14,"turns":5},{"damage":33,"enemies":"Slime Boss","floor":16,"turns":13}],"seed_played":"-183925478504393462","potions_obtained":[{"floor":1,"key":"SteroidPotion"},{"floor":2,"key":"Dexterity Potion"},{"floor":7,"key":"Regen Potion"}],"is_trial":false,"path_per_floor":["M","M","$","?","M","R","M","R","T","M","?","R","?","E","R","B"],"character_chosen":"THE_SILENT","items_purchased":["Footwork","Blade Dance"],"campfire_rested":1,"item_purchase_floors":[3,3],"current_hp_per_floor":[51,43,43,43,33,33,27,45,45,39,39,39,54,33,33,0],"gold":237,"neow_bonus":"THREE_RARE_CARDS","is_prod":false,"is_daily":false,"chose_seed":false,"campfire_upgraded":3,"win_rate":0,"timestamp":1562533686,"path_taken":["M","M","$","?","M","R","M","R","T","M","?","R","?","E","R","BOSS"],"build_version":"2019-07-05","purchased_purges":0,"victory":false,"max_hp_per_floor":[60,60,60,60,60,60,60,60,60,60,60,60,60,60,60,60],"card_choices":[{"not_picked":["Wraith Form v2","Venomology"],"picked":"Storm of Steel","floor":0},{"not_picked":["Poisoned Stab","Bane"],"picked":"Predator","floor":1},{"not_picked":["Bane","Cloak And Dagger"],"picked":"Dagger Spray","floor":2},{"not_picked":["Predator","Doppelganger"],"picked":"Underhanded Strike","floor":5},{"not_picked":["Flying Knee","Quick Slash"],"picked":"Dodge and Roll","floor":7},{"not_picked":["Escape Plan","Outmaneuver"],"picked":"Leg Sweep","floor":10},{"not_picked":["Calculated Gamble","Underhanded Strike"],"picked":"Blade Dance","floor":14}],"player_experience":950244,"relics_obtained":[{"floor":9,"key":"Dodecahedron"},{"floor":14,"key":"Kunai"}],"event_choices":[{"damage_healed":0,"gold_gain":175,"player_choice":"AGREE","damage_taken":0,"max_hp_gain":0,"max_hp_loss":0,"event_name":"Liars Game","floor":4,"gold_loss":0,"cards_obtained":["Doubt"]},{"cards_removed":["Doubt"],"damage_healed":0,"gold_gain":0,"player_choice":"Forget","damage_taken":0,"max_hp_gain":0,"max_hp_loss":0,"event_name":"Living Wall","floor":11,"gold_loss":0},{"damage_healed":15,"gold_gain":0,"player_choice":"Healed","damage_taken":0,"max_hp_gain":0,"max_hp_loss":0,"event_name":"The Cleric","floor":13,"gold_loss":35}],"is_beta":false,"boss_relics":[],"items_purged_floors":[],"is_endless":false,"potions_floor_spawned":[1,2,7],"killed_by":"Slime Boss","ascension_level":14}