{"gold_per_floor":[112,122,17,36,53,53,3,21,21,21,55,55,55,85,85,85],"floor_reached":16,"playtime":1000,"items_purged":["Strike_G"],"score":220,"play_id":"c418b911-e50c-4888-8855-37c48833af52","local_time":"20190429221909","is_ascension_mode":true,"campfire_choices":[{"data":"Poisoned Stab","floor":6,"key":"SMITH"},{"data":"Sucker Punch","floor":10,"key":"SMITH"},{"floor":12,"key":"REST"},{"floor":15,"key":"REST"}],"neow_cost":"NONE","seed_source_timestamp":0,"circlet_count":0,"master_deck":["AscendersBane","Defend_G","Defend_G","Defend_G","Defend_G","Defend_G","Strike_G","Strike_G","Strike_G","Survivor","Neutralize","Footwork+1","Dagger Throw","Sucker Punch+1","Poisoned Stab+1","Infinite Blades","Flying Knee","Backflip","Unload+1"],"special_seed":0,"relics":["Ring of the Snake","Gremlin Horn","Kunai","Molten Egg 2"],"potions_floor_usage":[11,11,14],"damage_taken":[{"damage":1.0,"enemies":"Cultist","floor":1.0,"turns":4.0},{"damage":0,"enemies":"Small Slimes","floor":2,"turns":5},{"damage":0,"enemies":"Jaw Worm","floor":4,"turns":6},{"damage":17,"enemies":"Exordium Thugs","floor":5,"turns":10},{"damage":16,"enemies":"3 Louse","floor":8,"turns":3},{"damage":6,"enemies":"Gremlin Nob","floor":11,"turns":3},{"damage":11,"enemies":"Lagavulin","floor":14,"turns":6},{"damage":52,"enemies":"Slime Boss","floor":16,"turns":9}],"seed_played":"-2818126639177979234","potions_obtained":[{"floor":4,"key":"PowerPotion"},{"floor":8,"key":"Swift Potion"},{"floor":11,"key":"LiquidBronze"}],"is_trial":false,"path_per_floor":["M","M","$","M","M","R","$","M","T","R","E","R","?","E","R","B"],"character_chosen":"THE_SILENT","items_purchased":["Sucker Punch","Flying Knee"],"campfire_rested":2,"item_purchase_floors":[3,7],"current_hp_per_floor":[58,58,58,58,41,41,41,25,25,25,19,38,38,27,46,0],"gold":85,"neow_bonus":"REMOVE_CARD","is_prod":false,"is_daily":false,"chose_seed":false,"campfire_upgraded":2,"win_rate":0,"timestamp":1556590749,"path_taken":["M","M","$","M","M","R","?","M","T","R","E","R","?","E","R","BOSS"],"build_version":"2019-01-23","purchased_purges":1,"victory":false,"max_hp_per_floor":[66,66,66,66,66,66,66,66,66,66,66,66,66,66,66,66],"card_choices":[{"not_picked":["Underhanded Strike","Cloak And Dagger"],"picked":"Footwork","floor":1.0},{"not_picked":["Underhanded Strike","PiercingWail"],"picked":"Dagger Throw","floor":2},{"not_picked":["Blur","Sucker Punch"],"picked":"Poisoned Stab","floor":4},{"not_picked":["Tactician","Poisoned Stab"],"picked":"Infinite Blades","floor":5},{"not_picked":["Poisoned Stab","Flying Knee","Prepared"],"picked":"SKIP","floor":8},{"not_picked":["Deadly Poison","Heel Hook"],"picked":"Backflip","floor":11},{"not_picked":["Quick Slash","Predator"],"picked":"Unload","floor":14}],"player_experience":1322457,"relics_obtained":[{"floor":9,"key":"Gremlin Horn"},{"floor":11,"key":"Kunai"},{"floor":14,"key":"Molten Egg 2"}],"event_choices":[{"damage_healed":0,"gold_gain":0,"player_choice":"Grow","damage_taken":0,"max_hp_gain":0,"max_hp_loss":0,"event_name":"Living Wall","floor":13,"gold_loss":0,"cards_upgraded":["Footwork"]}],"is_beta":false,"boss_relics":[],"items_purged_floors":[3],"is_endless":false,"potions_floor_spawned":[4,8,11],"killed_by":"Slime Boss","ascension_level":20}