{"gold_per_floor":[119,129,148,223,243,243,278,293,293,52,72,52,71,81,81,186,186,199,199,213,230,230],"floor_reached":22,"playtime":1020,"items_purged":["Strike_R"],"score":192,"play_id":"911f491a-9a68-4230-a4a9-e75d2bd1cd55","local_time":"20190328183110","is_ascension_mode":false,"campfire_choices":[{"data":"Entrench","floor":6,"key":"SMITH"},{"floor":15,"key":"REST"}],"neow_cost":"NONE","seed_source_timestamp":15912198008857,"circlet_count":0,"master_deck":["Strike_R","Strike_R","Strike_R","Strike_R","Defend_R","Defend_R","Defend_R","Defend_R","Bash","Power Through","Reckless Charge","Anger","Entrench+1","Body Slam","Body Slam","Wild Strike","Thunderclap","Discovery","Flame Barrier","Entrench","Sentinel","Berserk","Shrug It Off","Heavy Blade","Pommel Strike","Anger","Intimidate","Rampage","Barricade","Bloodletting","Blood for Blood+1"],"relics":["Velvet Choker","Pantograph","Orrery"],"potions_floor_usage":[3,13,16,16,16,18,20,22],"damage_taken":[{"damage":0,"enemies":"Small Slimes","floor":1,"turns":3},{"damage":1,"enemies":"Jaw Worm","floor":2,"turns":3},{"damage":0,"enemies":"Cultist","floor":3,"turns":2},{"damage":4,"enemies":"Blue Slaver","floor":5,"turns":3},{"damage":38,"enemies":"3 Sentries","floor":7,"turns":13},{"damage":5,"enemies":"3 Louse","floor":8,"turns":5},{"damage":5,"enemies":"Looter","floor":11,"turns":3},{"damage":8,"enemies":"Lots of Slimes","floor":13,"turns":4},{"damage":12,"enemies":"Exordium Thugs","floor":14,"turns":4},{"damage":7,"enemies":"The Guardian","floor":16,"turns":10},{"damage":0,"enemies":"3 Byrds","floor":18,"turns":6},{"damage":26,"enemies":"Shell Parasite","floor":20,"turns":7},{"damage":33,"enemies":"Centurion and Healer","floor":21,"turns":9},{"damage":23,"enemies":"3 Cultists","floor":22,"turns":4}],"seed_played":"-3109723522683234972","potions_obtained":[{"floor":2,"key":"AttackPotion"},{"floor":7,"key":"BloodPotion"},{"floor":8,"key":"SteroidPotion"},{"floor":12,"key":"SteroidPotion"},{"floor":13,"key":"FearPotion"},{"floor":16,"key":"Swift Potion"},{"floor":18,"key":"LiquidBronze"},{"floor":21,"key":"Dexterity Potion"}],"is_trial":false,"path_per_floor":["M","M","M","?","M","R","E","M","T","$","M","?","M","M","R","B",null,"M","?","M","M","M"],"character_chosen":"IRONCLAD","items_purchased":["Wild Strike","Thunderclap","Discovery"],"campfire_rested":1,"item_purchase_floors":[10,10,10],"current_hp_per_floor":[80,79,79,68,64,64,26,21,21,21,16,16,16,4,28,46,80,80,80,54,21,0],"gold":230,"neow_bonus":"BOSS_RELIC","is_prod":false,"is_daily":false,"chose_seed":false,"campfire_upgraded":1,"win_rate":0,"timestamp":1553761870,"path_taken":["M","M","M","?","M","R","E","M","T","$","M","?","?","M","R","BOSS","M","?","M","M","M"],"build_version":"2019-01-23","purchased_purges":1,"victory":false,"max_hp_per_floor":[80,80,80,80,80,80,80,80,80,80,80,80,80,80,80,80,80,80,80,80,80,80],"card_choices":[{"not_picked":["Iron Wave","Twin Strike"],"picked":"Power Through","floor":1},{"not_picked":["True Grit","Sword Boomerang"],"picked":"Reckless Charge","floor":2},{"not_picked":["Shrug It Off","Headbutt"],"picked":"Anger","floor":3},{"not_picked":["Shrug It Off","Combust"],"picked":"Entrench","floor":5},{"not_picked":["Warcry","Demon Form"],"picked":"Body Slam","floor":7},{"not_picked":["Heavy Blade","Havoc"],"picked":"Body Slam","floor":8},{"not_picked":["Second Wind","Evolve"],"picked":"Flame Barrier","floor":11},{"not_picked":["Clash","Bloodletting"],"picked":"Entrench","floor":13},{"not_picked":["Clothesline","Seeing Red"],"picked":"Sentinel","floor":14},{"not_picked":["Juggernaut","Immolate"],"picked":"Berserk","floor":16},{"not_picked":["Flex","Anger"],"picked":"Shrug It Off","floor":17},{"not_picked":["Immolate","Shrug It Off"],"picked":"Heavy Blade","floor":17},{"not_picked":["Anger","Rupture"],"picked":"Pommel Strike","floor":17},{"not_picked":["Whirlwind","Dropkick"],"picked":"Anger","floor":17},{"not_picked":["Perfected Strike","Whirlwind"],"picked":"Intimidate","floor":17},{"not_picked":["Body Slam","Combust"],"picked":"Rampage","floor":18},{"not_picked":["Sentinel","Sword Boomerang"],"picked":"Bloodletting","floor":20},{"not_picked":["Heavy Blade+1","Sentinel"],"picked":"Blood for Blood+1","floor":21}],"player_experience":240571,"relics_obtained":[{"floor":7,"key":"Pantograph"}],"event_choices":[{"damage_healed":0,"gold_gain":75,"player_choice":"Gather Gold","damage_taken":11,"max_hp_gain":0,"max_hp_loss":0,"event_name":"World of Goop","floor":4,"gold_loss":0},{"damage_healed":0,"gold_gain":0,"player_choice":"Bought 1 Potion","damage_taken":0,"max_hp_gain":0,"max_hp_loss":0,"event_name":"The Woman in Blue","floor":12,"gold_loss":0},{"damage_healed":0,"gold_gain":0,"player_choice":"Read","damage_taken":0,"max_hp_gain":0,"max_hp_loss":0,"event_name":"The Library","floor":19,"gold_loss":0,"cards_obtained":["Barricade"]}],"is_beta":false,"boss_relics":[{"not_picked":["Busted Crown","Fusion Hammer"],"picked":"Orrery"}],"items_purged_floors":[10],"is_endless":false,"potions_floor_spawned":[2,7,8,13,14,16,18,21],"killed_by":"3 Cultists","ascension_level":0}