{"gold_per_floor":[210,210,234,252,252,252,222,17,40,76,88,163,175,206,218,356,368,398,428,365,377,61,61,95,95,150,188,188],"floor_reached":28,"playtime":1297,"items_purged":[],"score":366,"play_id":"5c2ca32e-b4b4-4246-bffa-03c387b2f9bf","local_time":"20190609143459","is_ascension_mode":true,"campfire_choices":[{"data":"Consume","floor":6,"key":"SMITH"},{"floor":11,"key":"REST"},{"floor":13,"key":"REST"},{"data":"White Noise","floor":15,"key":"SMITH"},{"floor":23,"key":"REST"},{"data":"Self Repair","floor":25,"key":"SMITH"}],"neow_cost":"NONE","seed_source_timestamp":45978680618929,"circlet_count":0,"master_deck":["AscendersBane","Strike_B","Strike_B","Strike_B","Strike_B","Defend_B","Defend_B","Defend_B","Defend_B","Zap","Dualcast","Reinforced Body","Hologram","Consume+1","Sweeping Beam","White Noise+1","Double Energy","Hologram","Thunder Strike","White Noise+1","Self Repair+1","Capacitor","Redo"],"relics":["Cracked Core","Golden Idol","Pantograph","Medical Kit","MawBank","Dead Branch","Nuclear Battery","Cables","Bag of Preparation","Centennial Puzzle","Ancient Tea Set"],"potions_floor_usage":[16,24,24,24,28],"damage_taken":[{"damage":6,"enemies":"Jaw Worm","floor":1,"turns":4},{"damage":0,"enemies":"Small Slimes","floor":3,"turns":3},{"damage":0,"enemies":"Cultist","floor":4,"turns":3},{"damage":1,"enemies":"Looter","floor":7,"turns":4},{"damage":29,"enemies":"Exordium Wildlife","floor":10,"turns":7},{"damage":35,"enemies":"Gremlin Nob","floor":12,"turns":4},{"damage":10,"enemies":"Large Slime","floor":14,"turns":5},{"damage":39,"enemies":"Slime Boss","floor":16,"turns":13},{"damage":25,"enemies":"Chosen","floor":18,"turns":6},{"damage":1,"enemies":"Spheric Guardian","floor":19,"turns":5},{"damage":5,"enemies":"Slavers","floor":24,"turns":5},{"damage":35,"enemies":"Gremlin Leader","floor":27,"turns":5},{"damage":27,"enemies":"3 Cultists","floor":28,"turns":3}],"seed_played":"2667250934641141484","potions_obtained":[{"floor":1,"key":"FearPotion"},{"floor":3,"key":"SpeedPotion"},{"floor":12,"key":"AttackPotion"},{"floor":18,"key":"Swift Potion"},{"floor":27,"key":"Explosive Potion"}],"is_trial":false,"path_per_floor":["M","?","M","M","?","R","M","$","T","M","R","?","R","M","R","B",null,"M","M","?","?","$","R","E","R","T","E","M"],"character_chosen":"DEFECT","items_purchased":["Medical Kit","Cables","Self Repair"],"campfire_rested":3,"item_purchase_floors":[8,22,22],"current_hp_per_floor":[62,62,62,62,59,59,58,58,58,29,51,16,38,28,28,14,60,35,34,34,27,27,49,51,51,51,26,0],"gold":188,"neow_bonus":"HUNDRED_GOLD","is_prod":false,"is_daily":false,"chose_seed":false,"campfire_upgraded":3,"win_rate":0,"timestamp":1560054899,"path_taken":["M","?","M","M","?","R","M","$","T","M","R","?","R","M","R","BOSS","M","M","?","?","$","R","E","R","T","E","M"],"build_version":"2019-01-23","purchased_purges":0,"victory":false,"max_hp_per_floor":[75,75,75,75,75,75,75,75,75,75,75,75,75,75,75,75,75,75,75,75,75,75,75,75,75,75,75,75],"card_choices":[{"not_picked":["Auto Shields","Conserve Battery"],"picked":"Reinforced Body","floor":1},{"not_picked":["Leap","Steam"],"picked":"Hologram","floor":3},{"not_picked":["Barrage","Scrape"],"picked":"Consume","floor":4},{"not_picked":["Leap","Rebound"],"picked":"Sweeping Beam","floor":7},{"not_picked":["Beam Cell","Rebound"],"picked":"White Noise","floor":10},{"not_picked":["Leap","Barrage"],"picked":"Double Energy","floor":12},{"not_picked":["Double Energy","Reprogram"],"picked":"Hologram","floor":14},{"not_picked":["Creative AI","Hyperbeam"],"picked":"Thunder Strike","floor":16},{"not_picked":["Steam","Melter"],"picked":"White Noise+1","floor":18},{"not_picked":["Beam Cell","Barrage","Rebound"],"picked":"SKIP","floor":19},{"not_picked":["Hologram+1","Go for the Eyes+1"],"picked":"Capacitor","floor":24},{"not_picked":["Auto Shields+1","Thunder Strike"],"picked":"Redo","floor":27}],"player_experience":846275,"relics_obtained":[{"floor":9,"key":"MawBank"},{"floor":24,"key":"Bag of Preparation"},{"floor":26,"key":"Centennial Puzzle"},{"floor":27,"key":"Ancient Tea Set"}],"event_choices":[{"damage_healed":0,"gold_gain":0,"player_choice":"Take Wound","damage_taken":0,"relics_obtained":["Golden Idol"],"max_hp_gain":0,"max_hp_loss":0,"event_name":"Golden Idol","floor":2,"gold_loss":0,"cards_obtained":["Injury"]},{"damage_healed":0,"gold_gain":0,"player_choice":"Success","damage_taken":3,"relics_obtained":["Pantograph"],"max_hp_gain":0,"max_hp_loss":0,"event_name":"Scrap Ooze","floor":5,"gold_loss":0},{"damage_healed":0,"gold_gain":30,"player_choice":"Searched \u00273\u0027 times","damage_taken":0,"relics_obtained":["Dead Branch"],"max_hp_gain":0,"max_hp_loss":0,"event_name":"Dead Adventurer","floor":12,"gold_loss":0},{"cards_removed":["Injury"],"damage_healed":0,"gold_gain":0,"player_choice":"Gave Gold","damage_taken":0,"max_hp_gain":0,"max_hp_loss":0,"event_name":"Beggar","floor":20,"gold_loss":75},{"damage_healed":0,"gold_gain":0,"player_choice":"Damaged","damage_taken":7,"max_hp_gain":0,"max_hp_loss":0,"event_name":"Wheel of Change","floor":21,"gold_loss":0}],"is_beta":false,"boss_relics":[{"not_picked":["Pandora\u0027s Box","Runic Dome"],"picked":"Nuclear Battery"}],"items_purged_floors":[],"is_endless":false,"potions_floor_spawned":[1,3,12,18,27],"killed_by":"3 Cultists","ascension_level":10}