{"gold_per_floor":[109,109,34,34,51,51,80,104,104,114,114,143,143,168,168,265,265,277,277,277,292,304,304,329,329,409,253,223,235,250,268,268,268],"floor_reached":33,"playtime":1301,"items_purged":["Strike_G","Normality"],"score":616,"play_id":"9eedf2e3-6077-40a7-8e81-f2487fbbb464","local_time":"20181116230929","is_ascension_mode":true,"campfire_choices":[{"data":"Deflect","floor":6,"key":"SMITH"},{"floor":11,"key":"REST"},{"data":"Cloak And Dagger","floor":13,"key":"SMITH"},{"data":"Neutralize","floor":15,"key":"SMITH"},{"floor":23,"key":"REST"},{"data":"Adrenaline","floor":25,"key":"SMITH"},{"floor":32,"key":"REST"}],"neow_cost":"NONE","seed_source_timestamp":277807209136111,"circlet_count":0,"master_deck":["AscendersBane","Defend_G+1","Defend_G","Defend_G","Defend_G","Defend_G","Strike_G","Strike_G+1","Strike_G","Survivor+1","Neutralize+1","Crippling Poison+1","Bane+1","Deflect+1","Dagger Spray+1","Cloak And Dagger+1","Flying Knee+1","Adrenaline+1","Decay","Regret","Poisoned Stab+1","Writhe","Necronomicurse","Escape Plan+1","Acrobatics","Bane+1","Dagger Spray+1","Underhanded Strike+1","Bane+1"],"relics":["Ring of the Snake","Molten Egg 2","Ancient Tea Set","Dodecahedron","Strawberry","Du-Vu Doll","Calling Bell","War Paint","The Courier","Dead Branch","PreservedInsect","Necronomicon","Prayer Wheel","Matryoshka"],"potions_floor_usage":[7,16,18,24,24,31,33,33],"damage_taken":[{"damage":0,"enemies":"2 Louse","floor":1,"turns":4},{"damage":9,"enemies":"Jaw Worm","floor":5,"turns":3},{"damage":12,"enemies":"Lagavulin","floor":7,"turns":7},{"damage":0,"enemies":"Small Slimes","floor":10,"turns":2},{"damage":14,"enemies":"Gremlin Nob","floor":12,"turns":4},{"damage":1,"enemies":"3 Sentries","floor":14,"turns":5},{"damage":0,"enemies":"Slime Boss","floor":16,"turns":6},{"damage":21,"enemies":"2 Thieves","floor":18,"turns":3},{"damage":0,"enemies":"3 Byrds","floor":21,"turns":3},{"damage":8,"enemies":"Snecko","floor":22,"turns":3},{"damage":12,"enemies":"Gremlin Leader","floor":24,"turns":2},{"damage":3,"enemies":"Centurion and Healer","floor":29,"turns":2},{"damage":0,"enemies":"3 Cultists","floor":30,"turns":2},{"damage":8,"enemies":"Cultist and Chosen","floor":31,"turns":3},{"damage":85,"enemies":"Automaton","floor":33,"turns":6}],"seed_played":"3084825452346026046","potions_obtained":[{"floor":5,"key":"EssenceOfSteel"},{"floor":7,"key":"Fire Potion"},{"floor":14,"key":"Weak Potion"},{"floor":16,"key":"PowerPotion"},{"floor":18,"key":"PowerPotion"},{"floor":28,"key":"LiquidBronze"},{"floor":28,"key":"FearPotion"},{"floor":31,"key":"Weak Potion"}],"is_trial":false,"path_per_floor":["M","?","$","?","M","R","E","T","T","M","R","E","R","E","R","B",null,"M","?","?","M","M","R","E","R","T","$","?","M","M","M","R","B"],"character_chosen":"THE_SILENT","items_purchased":["Bane+1","Dagger Spray+1"],"campfire_rested":3,"item_purchase_floors":[27,27],"current_hp_per_floor":[63,49,49,49,40,40,28,28,28,28,49,42,42,41,41,41,68,47,47,31,31,23,46,34,34,34,34,34,31,31,23,46,0],"gold":268,"neow_bonus":"TRANSFORM_CARD","is_prod":false,"is_daily":false,"chose_seed":false,"campfire_upgraded":4,"win_rate":0,"timestamp":1542427769,"path_taken":["M","?","$","?","M","R","E","?","T","M","R","E","R","E","R","BOSS","M","?","?","M","?","R","E","R","T","$","?","M","M","?","R","BOSS"],"build_version":"2018-11-15","purchased_purges":2,"victory":false,"max_hp_per_floor":[70,70,70,70,70,70,70,70,70,70,70,77,77,77,77,77,77,77,77,77,77,77,77,77,77,77,77,77,77,77,77,77,77],"card_choices":[{"not_picked":["Deadly Poison","Outmaneuver"],"picked":"Bane","floor":1},{"not_picked":["Eviscerate","Setup"],"picked":"Deflect","floor":5},{"not_picked":["Deflect","Setup","Slice"],"picked":"SKIP","floor":7},{"not_picked":["Calculated Gamble","Cloak And Dagger"],"picked":"Dagger Spray+1","floor":10},{"not_picked":["Leg Sweep","Prepared"],"picked":"Cloak And Dagger","floor":12},{"not_picked":["Riddle With Holes+1","Outmaneuver"],"picked":"Flying Knee+1","floor":14},{"not_picked":["Wraith Form v2","Night Terror"],"picked":"Adrenaline","floor":16},{"not_picked":["Expertise","Cloak And Dagger"],"picked":"Poisoned Stab+1","floor":18},{"not_picked":["Distraction","Backflip+1"],"picked":"Escape Plan+1","floor":21},{"not_picked":["Concentrate","Flying Knee+1","Dodge and Roll"],"picked":"SKIP","floor":22},{"not_picked":["Doppelganger","Distraction+1"],"picked":"Acrobatics","floor":24},{"not_picked":["Choke+1","Deflect","Dodge and Roll+1"],"picked":"SKIP","floor":29},{"not_picked":["Deflect","Dodge and Roll","Escape Plan"],"picked":"SKIP","floor":29},{"not_picked":["Outmaneuver+1","Distraction"],"picked":"Underhanded Strike+1","floor":30},{"not_picked":["Choke+1","Dagger Spray+1","Backflip"],"picked":"SKIP","floor":30},{"not_picked":["Crippling Poison","Flying Knee+1"],"picked":"Bane+1","floor":31},{"not_picked":["Finisher+1","Poisoned Stab+1","Bouncing Flask"],"picked":"SKIP","floor":31}],"player_experience":685633,"relics_obtained":[{"floor":7,"key":"Molten Egg 2"},{"floor":8,"key":"Ancient Tea Set"},{"floor":9,"key":"Dodecahedron"},{"floor":12,"key":"Strawberry"},{"floor":14,"key":"Du-Vu Doll"},{"floor":17,"key":"War Paint"},{"floor":17,"key":"The Courier"},{"floor":17,"key":"Dead Branch"},{"floor":20,"key":"Necronomicon"},{"floor":24,"key":"Prayer Wheel"},{"floor":26,"key":"Matryoshka"}],"event_choices":[{"damage_healed":0,"gold_gain":0,"player_choice":"Entered Light","damage_taken":14,"max_hp_gain":0,"max_hp_loss":0,"event_name":"Shining Light","floor":2,"gold_loss":0,"cards_upgraded":["Crippling Poison","Strike_G"]},{"damage_healed":0,"gold_gain":0,"player_choice":"Grow","damage_taken":0,"max_hp_gain":0,"max_hp_loss":0,"event_name":"Living Wall","floor":4,"gold_loss":0,"cards_upgraded":["Bane"]},{"damage_healed":0,"gold_gain":0,"player_choice":"Opened","damage_taken":0,"relics_obtained":["PreservedInsect"],"max_hp_gain":0,"max_hp_loss":0,"event_name":"The Mausoleum","floor":19,"gold_loss":0,"cards_obtained":["Writhe"]},{"damage_healed":0,"gold_gain":0,"player_choice":"Obtained Book","damage_taken":16,"max_hp_gain":0,"max_hp_loss":0,"event_name":"Cursed Tome","floor":20,"gold_loss":0},{"damage_healed":0,"gold_gain":0,"player_choice":"Bought 2 Potions","damage_taken":0,"max_hp_gain":0,"max_hp_loss":0,"event_name":"The Woman in Blue","floor":28,"gold_loss":0}],"is_beta":false,"boss_relics":[{"not_picked":["White Beast Statue","Astrolabe"],"picked":"Calling Bell"}],"items_purged_floors":[3,27],"is_endless":false,"potions_floor_spawned":[5,7,14,16,18,31],"killed_by":"Automaton","ascension_level":11}