{"gold_per_floor":[114,127,146,146,126,126,138,165,189,200,233,233,264,276,276,348,348,327,337,10,10,10,10],"floor_reached":23,"playtime":1173,"items_purged":[],"score":422,"play_id":"903a701f-d339-4dbc-93ec-d43c2365fce7","local_time":"20190506120701","is_ascension_mode":true,"campfire_choices":[{"data":"Neutralize","floor":6,"key":"SMITH"},{"floor":12,"key":"REST"},{"floor":15,"key":"REST"}],"neow_cost":"NONE","seed_source_timestamp":1042742442316870,"circlet_count":0,"master_deck":["AscendersBane","Defend_G+1","Defend_G+1","Defend_G+1","Defend_G+1","Defend_G+1","Strike_G+1","Strike_G+1","Strike_G+1","Strike_G+1","Strike_G+1","Survivor+1","Neutralize+1","Underhanded Strike","Bouncing Flask","Riddle With Holes","Flying Knee","Noxious Fumes","Dodge and Roll","Bane","Dagger Spray","Dash","Glass Knife","Crippling Poison","PiercingWail"],"relics":["Ring of the Snake","Oddly Smooth Stone","War Paint","Bag of Preparation","Boot","Strawberry","Calipers","Runic Pyramid","Vajra","Pen Nib"],"potions_floor_usage":[8,11,13,16],"damage_taken":[{"damage":0,"enemies":"Small Slimes","floor":1,"turns":4},{"damage":1,"enemies":"Jaw Worm","floor":2,"turns":4},{"damage":0,"enemies":"Cultist","floor":3,"turns":3},{"damage":7,"enemies":"Exordium Wildlife","floor":7,"turns":4},{"damage":9,"enemies":"Lagavulin","floor":8,"turns":5},{"damage":0,"enemies":"Looter","floor":10,"turns":2},{"damage":6,"enemies":"Gremlin Nob","floor":11,"turns":3},{"damage":4,"enemies":"Lagavulin","floor":13,"turns":5},{"damage":0,"enemies":"2 Fungi Beasts","floor":14,"turns":3},{"damage":38,"enemies":"Slime Boss","floor":16,"turns":8},{"damage":8,"enemies":"2 Thieves","floor":18,"turns":4},{"damage":0,"enemies":"3 Byrds","floor":19,"turns":3},{"damage":34,"enemies":"Book of Stabbing","floor":23,"turns":5}],"seed_played":"-4453527117993068330","potions_obtained":[{"floor":2,"key":"Fire Potion"},{"floor":5,"key":"GamblersBrew"},{"floor":7,"key":"Poison Potion"},{"floor":10,"key":"Swift Potion"},{"floor":13,"key":"Explosive Potion"},{"floor":19,"key":"Fire Potion"}],"is_trial":false,"path_per_floor":["M","M","M","?","?","R","M","E","T","M","E","R","E","M","R","B",null,"M","M","$","?","?","E"],"character_chosen":"THE_SILENT","items_purchased":["Vajra","Pen Nib"],"campfire_rested":2,"item_purchase_floors":[20,20],"current_hp_per_floor":[59,58,58,32,32,32,25,16,16,16,17,38,34,34,55,17,59,51,51,51,30,30,0],"gold":10,"neow_bonus":"RANDOM_COMMON_RELIC","is_prod":false,"is_daily":false,"chose_seed":false,"campfire_upgraded":1,"win_rate":0,"timestamp":1557158821,"path_taken":["M","M","M","?","?","R","?","E","T","M","E","R","E","M","R","BOSS","M","M","$","?","?","E"],"build_version":"2019-01-23","purchased_purges":0,"victory":false,"max_hp_per_floor":[66,66,66,66,66,66,66,66,66,66,73,73,73,73,73,73,73,73,73,73,78,78,78],"card_choices":[{"not_picked":["Cloak And Dagger","Dodge and Roll"],"picked":"Underhanded Strike","floor":1},{"not_picked":["Accuracy","Reflex"],"picked":"Bouncing Flask","floor":2},{"not_picked":["Quick Slash","Prepared"],"picked":"Riddle With Holes","floor":3},{"not_picked":["Endless Agony","Cloak And Dagger"],"picked":"Flying Knee","floor":7},{"not_picked":["Sucker Punch","Bullet Time"],"picked":"Noxious Fumes","floor":8},{"not_picked":["Dagger Throw","Underhanded Strike"],"picked":"Dodge and Roll","floor":10},{"not_picked":["Caltrops","Sucker Punch"],"picked":"Bane","floor":11},{"not_picked":["Riddle With Holes","Sucker Punch"],"picked":"Dagger Spray","floor":13},{"not_picked":["Deadly Poison","Backflip"],"picked":"Dash","floor":14},{"not_picked":["A Thousand Cuts","Venomology"],"picked":"Glass Knife","floor":16},{"not_picked":["Dagger Throw","Cloak And Dagger"],"picked":"Crippling Poison","floor":18},{"not_picked":["Flying Knee","Infinite Blades"],"picked":"PiercingWail","floor":19}],"player_experience":1469225,"relics_obtained":[{"floor":8,"key":"Bag of Preparation"},{"floor":9,"key":"Boot"},{"floor":11,"key":"Strawberry"},{"floor":13,"key":"Calipers"}],"event_choices":[{"damage_healed":0,"gold_gain":0,"player_choice":"Success","damage_taken":26,"relics_obtained":["War Paint"],"max_hp_gain":0,"max_hp_loss":0,"event_name":"Scrap Ooze","floor":4,"gold_loss":0},{"damage_healed":0,"gold_gain":0,"player_choice":"Bought 1 Potion","damage_taken":0,"max_hp_gain":0,"max_hp_loss":0,"event_name":"The Woman in Blue","floor":5,"gold_loss":0},{"damage_healed":0,"gold_gain":0,"player_choice":"Shed Blood","damage_taken":26,"max_hp_gain":5,"max_hp_loss":0,"event_name":"Forgotten Altar","floor":21,"gold_loss":0},{"damage_healed":0,"gold_gain":0,"player_choice":"Simplicity","damage_taken":0,"max_hp_gain":0,"max_hp_loss":0,"event_name":"Back to Basics","floor":22,"gold_loss":0,"cards_upgraded":["Defend_G","Defend_G","Defend_G","Defend_G","Strike_G","Strike_G","Strike_G","Strike_G","Strike_G"]}],"is_beta":false,"boss_relics":[{"not_picked":["Lizard Tail","Ring of the Serpent"],"picked":"Runic Pyramid"}],"items_purged_floors":[],"is_endless":false,"potions_floor_spawned":[2,7,10,13,19],"killed_by":"Book of Stabbing","ascension_level":20}