{"gold_per_floor":[219,229,504,110,129,129,142,142,194,219,229,239,271,284,284,356,356,375,393,393],"floor_reached":20,"playtime":1149,"items_purged":["Regret"],"score":376,"play_id":"d00fd7a7-4430-4e11-979f-666a85dbf358","local_time":"20190429125636","is_ascension_mode":true,"campfire_choices":[{"data":"Finisher","floor":6.0,"key":"SMITH"},{"data":"Neutralize","floor":8.0,"key":"SMITH"},{"data":"Footwork","floor":15.0,"key":"SMITH"}],"neow_cost":"NONE","seed_source_timestamp":440693032895929,"circlet_count":0,"master_deck":["AscendersBane","Defend_G","Defend_G","Defend_G","Defend_G","Defend_G","Strike_G","Strike_G","Strike_G","Strike_G","Strike_G","Survivor","Neutralize+1","Finisher+1","Footwork+1","Slice","Well Laid Plans","Sucker Punch","Dodge and Roll","Heel Hook","Poisoned Stab","Terror","A Thousand Cuts","PiercingWail","Unload","Cloak And Dagger"],"special_seed":0,"relics":["Ring of the Snake","Happy Flower","Pen Nib","Smiling Mask","Vajra","White Beast Statue"],"potions_floor_usage":[18,20],"damage_taken":[{"damage":1.0,"enemies":"Small Slimes","floor":1.0,"turns":4.0},{"damage":9.0,"enemies":"Cultist","floor":2.0,"turns":4.0},{"damage":1.0,"enemies":"2 Louse","floor":5.0,"turns":2.0},{"damage":0.0,"enemies":"Blue Slaver","floor":7.0,"turns":3.0},{"damage":12.0,"enemies":"3 Sentries","floor":10.0,"turns":9.0},{"damage":0.0,"enemies":"Exordium Wildlife","floor":11.0,"turns":2.0},{"damage":1.0,"enemies":"Exordium Thugs","floor":12.0,"turns":3.0},{"damage":1.0,"enemies":"Gremlin Nob","floor":13.0,"turns":3.0},{"damage":0.0,"enemies":"Large Slime","floor":14.0,"turns":2.0},{"damage":4.0,"enemies":"The Guardian","floor":16.0,"turns":9.0},{"damage":15,"enemies":"3 Byrds","floor":18,"turns":5},{"damage":17,"enemies":"Shell Parasite","floor":19,"turns":4},{"damage":30,"enemies":"Snake Plant","floor":20,"turns":3}],"seed_played":"-6183248360582985159","potions_obtained":[{"floor":2.0,"key":"Energy Potion"},{"floor":5.0,"key":"Dexterity Potion"},{"floor":11.0,"key":"Swift Potion"},{"floor":12.0,"key":"Energy Potion"},{"floor":14.0,"key":"GamblersBrew"},{"floor":18,"key":"Explosive Potion"},{"floor":19,"key":"SpeedPotion"}],"is_trial":false,"path_per_floor":["M","M","?","$","M","R","M","R","T","E","M","M","E","M","R","B",null,"M","M","M"],"character_chosen":"THE_SILENT","items_purchased":["Happy Flower","Slice","Well Laid Plans","Sucker Punch"],"campfire_rested":0,"item_purchase_floors":[4,4,4,4],"current_hp_per_floor":[58,49,49,49,48,48,48,48,48,36,36,35,34,34,34,30,57,42,25,0],"gold":393,"neow_bonus":"HUNDRED_GOLD","is_prod":false,"is_daily":false,"chose_seed":false,"campfire_upgraded":3,"win_rate":0,"timestamp":1556556996,"path_taken":["M","M","?","$","M","R","M","R","T","E","M","M","E","M","R","BOSS","M","M","M"],"build_version":"2019-01-23","purchased_purges":1,"victory":false,"max_hp_per_floor":[66,66,66,66,66,66,66,66,66,66,66,66,66,66,66,66,66,66,66,66],"card_choices":[{"not_picked":["Outmaneuver","Prepared"],"picked":"Finisher","floor":1.0},{"not_picked":["Reflex","Poisoned Stab"],"picked":"Footwork","floor":2.0},{"not_picked":["Expertise","Tactician"],"picked":"Dodge and Roll","floor":5.0},{"not_picked":["Slice","Blade Dance"],"picked":"Heel Hook","floor":7.0},{"not_picked":["Prepared","Deflect"],"picked":"Poisoned Stab","floor":10.0},{"not_picked":["Underhanded Strike","Slice","Cloak And Dagger"],"picked":"SKIP","floor":11.0},{"not_picked":["Acrobatics","PiercingWail"],"picked":"Terror","floor":12.0},{"not_picked":["Infinite Blades","Underhanded Strike"],"picked":"A Thousand Cuts","floor":13.0},{"not_picked":["Flying Knee","Slice"],"picked":"PiercingWail","floor":14.0},{"not_picked":["Tools of the Trade","Storm of Steel"],"picked":"Unload","floor":16.0},{"not_picked":["Blade Dance","Outmaneuver"],"picked":"Cloak And Dagger","floor":18},{"not_picked":["Quick Slash","Expertise","Flechettes"],"picked":"SKIP","floor":19}],"player_experience":1317011,"relics_obtained":[{"floor":9.0,"key":"Pen Nib"},{"floor":10.0,"key":"Smiling Mask"},{"floor":13.0,"key":"Vajra"}],"event_choices":[{"damage_healed":0.0,"max_hp_gain":0.0,"max_hp_loss":0.0,"gold_gain":275.0,"event_name":"Golden Shrine","player_choice":"Desecrate","floor":3.0,"gold_loss":0.0,"damage_taken":0.0,"cards_obtained":["Regret"]}],"is_beta":false,"boss_relics":[{"not_picked":["Tiny House","Calling Bell"],"picked":"White Beast Statue"}],"items_purged_floors":[4],"is_endless":false,"potions_floor_spawned":[2,5,11,12,14,18,19],"killed_by":"Snake Plant","ascension_level":20}