{"gold_per_floor":[117,117,133,208,208,239,239,259,259,259,29,55,66,91,91,91],"floor_reached":16,"playtime":721,"items_purged":[],"score":286,"play_id":"795dea70-f823-47ea-981a-8d132047eeba","local_time":"20190113023808","is_ascension_mode":true,"campfire_choices":[{"data":"Neutralize","floor":7,"key":"SMITH"},{"data":"Noxious Fumes","floor":10,"key":"SMITH"},{"data":"Footwork","floor":15,"key":"SMITH"}],"neow_cost":"NONE","seed_source_timestamp":338982932484952,"circlet_count":0,"master_deck":["AscendersBane","Defend_G","Defend_G","Defend_G","Defend_G","Defend_G","Strike_G","Strike_G","Strike_G","Strike_G","Survivor","Neutralize+1","Riddle With Holes","Noxious Fumes","Noxious Fumes+1","Unload","Heel Hook","Dodge and Roll","Reflex+1","Footwork+1"],"relics":["Ring of the Snake","NeowsBlessing","Tingsha","Gremlin Horn","Bronze Scales","Toxic Egg 2","Frozen Egg 2"],"potions_floor_usage":[12,16,16,16],"damage_taken":[{"damage":0,"enemies":"Cultist","floor":1,"turns":1},{"damage":0,"enemies":"Small Slimes","floor":3,"turns":1},{"damage":0,"enemies":"3 Sentries","floor":6,"turns":2},{"damage":0,"enemies":"Jaw Worm","floor":8,"turns":3},{"damage":10,"enemies":"Lagavulin","floor":12,"turns":6},{"damage":7,"enemies":"Exordium Thugs","floor":13,"turns":4},{"damage":15,"enemies":"3 Sentries","floor":14,"turns":5},{"damage":18,"enemies":"Hexaghost","floor":16,"turns":9}],"seed_played":"-5278745337078963151","potions_obtained":[{"floor":1,"key":"EssenceOfSteel"},{"floor":5,"key":"EntropicBrew"},{"floor":5,"key":"Dexterity Potion"},{"floor":12,"key":"Ancient Potion"}],"is_trial":false,"path_per_floor":["M","?","M","?","?","E","R","M","T","R","$","E","M","E","R","B"],"character_chosen":"THE_SILENT","items_purchased":["Bronze Scales","Dodge and Roll"],"campfire_rested":0,"item_purchase_floors":[11,11],"current_hp_per_floor":[59,59,59,48,48,48,48,48,48,48,48,38,31,16,16,0],"gold":91,"neow_bonus":"THREE_ENEMY_KILL","is_prod":false,"is_daily":false,"chose_seed":false,"campfire_upgraded":3,"win_rate":0,"timestamp":1547365088,"path_taken":["M","?","?","?","?","E","R","M","T","R","$","E","M","E","R","BOSS"],"build_version":"2019-01-10","purchased_purges":0,"victory":false,"max_hp_per_floor":[66,66,66,66,66,66,66,66,66,66,66,66,66,66,66,66],"card_choices":[{"not_picked":["Accuracy","Bane"],"picked":"Riddle With Holes","floor":1},{"not_picked":["Slice","Deadly Poison"],"picked":"Noxious Fumes","floor":3},{"not_picked":["Dodge and Roll","Bullet Time"],"picked":"Unload","floor":6},{"not_picked":["Flechettes","Underhanded Strike"],"picked":"Heel Hook","floor":8},{"not_picked":["Setup","Backstab"],"picked":"Reflex","floor":12},{"not_picked":["Caltrops","Flying Knee"],"picked":"Footwork","floor":13},{"not_picked":["Skewer","Flying Knee","Blade Dance+1"],"picked":"SKIP","floor":14}],"player_experience":1178078,"relics_obtained":[{"floor":6,"key":"Tingsha"},{"floor":9,"key":"Gremlin Horn"},{"floor":12,"key":"Toxic Egg 2"},{"floor":14,"key":"Frozen Egg 2"}],"event_choices":[{"damage_healed":0,"gold_gain":0,"cards_transformed":["Strike_G"],"player_choice":"Transformed","damage_taken":0,"max_hp_gain":0,"max_hp_loss":0,"event_name":"Transmorgrifier","floor":2,"gold_loss":0,"cards_obtained":["Noxious Fumes"]},{"damage_healed":0,"gold_gain":75,"player_choice":"Gather Gold","damage_taken":11,"max_hp_gain":0,"max_hp_loss":0,"event_name":"World of Goop","floor":4,"gold_loss":0},{"damage_healed":0,"gold_gain":0,"player_choice":"Got Potions","damage_taken":0,"max_hp_gain":0,"max_hp_loss":0,"event_name":"Lab","floor":5,"gold_loss":0}],"is_beta":false,"boss_relics":[],"items_purged_floors":[],"is_endless":false,"potions_floor_spawned":[1,12,13],"killed_by":"Hexaghost","ascension_level":20}