{"gold_per_floor":[212,223,56,75,90,90,116,127,150,150,150],"floor_reached":11,"playtime":488,"items_purged":[],"score":150,"play_id":"214dd583-3fb4-44dd-b099-42edcb4f139b","local_time":"20190504090608","is_ascension_mode":true,"campfire_choices":[{"data":"Masterful Stab","floor":6,"key":"SMITH"},{"floor":10,"key":"REST"}],"neow_cost":"NONE","seed_source_timestamp":859766171316110,"circlet_count":0,"master_deck":["AscendersBane","Defend_G","Defend_G","Defend_G","Defend_G","Defend_G","Strike_G","Strike_G","Strike_G","Strike_G","Strike_G","Survivor","Neutralize","Masterful Stab+1","Dagger Throw","Underhanded Strike","Slice","Prepared","Endless Agony"],"relics":["Ring of the Snake","Bag of Preparation","Omamori","Boot"],"potions_floor_usage":[11,11],"damage_taken":[{"damage":4,"enemies":"Small Slimes","floor":1,"turns":5},{"damage":1,"enemies":"Cultist","floor":2,"turns":3},{"damage":0,"enemies":"2 Louse","floor":4,"turns":2},{"damage":7,"enemies":"Exordium Thugs","floor":5,"turns":5},{"damage":29,"enemies":"Gremlin Nob","floor":7,"turns":4},{"damage":9,"enemies":"Exordium Wildlife","floor":8,"turns":4},{"damage":32,"enemies":"Lagavulin","floor":11,"turns":5}],"seed_played":"-661624103737158057","potions_obtained":[{"floor":4,"key":"Energy Potion"},{"floor":7,"key":"LiquidBronze"}],"is_trial":false,"path_per_floor":["M","M","$","M","M","R","E","M","T","R","E"],"character_chosen":"THE_SILENT","items_purchased":["Bag of Preparation"],"campfire_rested":1,"item_purchase_floors":[3],"current_hp_per_floor":[55,54,54,54,47,47,18,9,9,28,0],"gold":150,"neow_bonus":"HUNDRED_GOLD","is_prod":false,"is_daily":false,"chose_seed":false,"campfire_upgraded":1,"win_rate":0,"timestamp":1556975168,"path_taken":["M","M","$","M","M","R","E","M","T","R","E"],"build_version":"2019-01-23","purchased_purges":0,"victory":false,"max_hp_per_floor":[66,66,66,66,66,66,66,66,66,66,66],"card_choices":[{"not_picked":["Slice","Leg Sweep"],"picked":"Masterful Stab","floor":1},{"not_picked":["Eviscerate","Blur"],"picked":"Dagger Throw","floor":2},{"not_picked":["Slice","Caltrops"],"picked":"Underhanded Strike","floor":4},{"not_picked":["PiercingWail","Deflect"],"picked":"Slice","floor":5},{"not_picked":["Expertise","Accuracy"],"picked":"Prepared","floor":7},{"not_picked":["Setup","Bane"],"picked":"Endless Agony","floor":8}],"player_experience":1402278,"relics_obtained":[{"floor":7,"key":"Omamori"},{"floor":9,"key":"Boot"}],"event_choices":[],"is_beta":false,"boss_relics":[],"items_purged_floors":[],"is_endless":false,"potions_floor_spawned":[4,7],"killed_by":"Lagavulin","ascension_level":20}