{"gold_per_floor":[117,117,127,127,127,127,156,167,167,167,4,23,48,59,59,59],"floor_reached":16,"playtime":1300,"items_purged":[],"score":220,"play_id":"637344c6-0bd7-4b53-9998-95caa4e6db1e","local_time":"20190504223823","is_ascension_mode":true,"campfire_choices":[{"data":"Quick Slash","floor":6.0,"key":"SMITH"},{"floor":10.0,"key":"REST"},{"floor":15,"key":"REST"}],"neow_cost":"NONE","seed_source_timestamp":907641391539482,"circlet_count":0,"master_deck":["AscendersBane","Defend_G","Defend_G","Defend_G","Defend_G","Defend_G","Strike_G","Strike_G","Strike_G","Strike_G","Survivor","Neutralize+1","Quick Slash+1","Masterful Stab","Dodge and Roll","Blade Dance","Dagger Spray","Infinite Blades","Well Laid Plans"],"special_seed":0,"relics":["Ring of the Snake","Gremlin Horn","Pantograph","Paper Crane","Happy Flower","Darkstone Periapt"],"potions_floor_usage":[16],"damage_taken":[{"damage":3.0,"enemies":"Jaw Worm","floor":1.0,"turns":9.0},{"damage":0.0,"enemies":"Small Slimes","floor":3.0,"turns":4.0},{"damage":36.0,"enemies":"Gremlin Nob","floor":7.0,"turns":5.0},{"damage":0.0,"enemies":"Cultist","floor":8.0,"turns":3.0},{"damage":0.0,"enemies":"Exordium Wildlife","floor":12.0,"turns":3.0},{"damage":12.0,"enemies":"3 Sentries","floor":13.0,"turns":7.0},{"damage":8,"enemies":"Red Slaver","floor":14,"turns":5},{"damage":46,"enemies":"Slime Boss","floor":16,"turns":8}],"seed_played":"3924587806947501414","potions_obtained":[{"floor":3.0,"key":"Energy Potion"},{"floor":12.0,"key":"Fire Potion"},{"floor":14,"key":"LiquidBronze"}],"is_trial":false,"path_per_floor":["M","?","M","?","?","R","E","M","T","R","$","M","E","M","R","B"],"character_chosen":"THE_SILENT","items_purchased":["Happy Flower"],"campfire_rested":2,"item_purchase_floors":[11],"current_hp_per_floor":[56,38,38,38,38,38,2,2,2,21,21,21,9,1,20,0],"gold":59,"neow_bonus":"REMOVE_CARD","is_prod":false,"is_daily":false,"chose_seed":false,"campfire_upgraded":1,"win_rate":0,"timestamp":1557023903,"path_taken":["M","?","M","?","?","R","E","M","T","R","$","M","E","M","R","BOSS"],"build_version":"2019-01-23","purchased_purges":0,"victory":false,"max_hp_per_floor":[66,66,66,66,66,66,66,66,66,66,66,66,66,66,66,66],"card_choices":[{"not_picked":["Underhanded Strike","Blade Dance"],"picked":"Quick Slash","floor":1.0},{"not_picked":["Accuracy","Reflex"],"picked":"Masterful Stab","floor":3.0},{"not_picked":["Slice","Deflect"],"picked":"Dodge and Roll","floor":7.0},{"not_picked":["Eviscerate","Bane"],"picked":"Blade Dance","floor":8.0},{"not_picked":["Backflip","Riddle With Holes"],"picked":"Dagger Spray","floor":12.0},{"not_picked":["Poisoned Stab","Prepared"],"picked":"Infinite Blades","floor":13.0},{"not_picked":["Burst","Dodge and Roll"],"picked":"Well Laid Plans","floor":14}],"player_experience":1415895,"relics_obtained":[{"floor":7.0,"key":"Pantograph"},{"floor":9.0,"key":"Paper Crane"},{"floor":13.0,"key":"Darkstone Periapt"}],"event_choices":[{"damage_healed":0.0,"max_hp_gain":0.0,"max_hp_loss":0.0,"gold_gain":0.0,"event_name":"Scrap Ooze","player_choice":"Success","floor":2.0,"gold_loss":0.0,"damage_taken":18.0,"relics_obtained":["Gremlin Horn"]},{"damage_healed":0.0,"max_hp_gain":0.0,"max_hp_loss":0.0,"gold_gain":0.0,"event_name":"Shining Light","player_choice":"Ignored","floor":4.0,"gold_loss":0.0,"damage_taken":0.0},{"damage_healed":0.0,"max_hp_gain":0.0,"max_hp_loss":0.0,"gold_gain":0.0,"event_name":"Living Wall","player_choice":"Grow","floor":5.0,"gold_loss":0.0,"damage_taken":0.0,"cards_upgraded":["Neutralize"]}],"is_beta":false,"boss_relics":[],"items_purged_floors":[],"is_endless":false,"potions_floor_spawned":[3,12,14],"killed_by":"Slime Boss","ascension_level":20}