{"gold_per_floor":[116,135,152,168,168,168,201,166,236,253,253,271,271,304,304,400,400,414,414,414,438,458,498,498,531,531,64,82,82,82,97,97,186,186,201,267,29,52,76,76,409,148,148,158,158,191,191,206,206,206,206],"floor_reached":51,"playtime":3150,"items_purged":["Decay","Normality"],"score":1475,"play_id":"4d79404a-1f4f-412c-af9c-a16499072e1d","local_time":"20181229125025","is_ascension_mode":true,"campfire_choices":[{"data":"Bane","floor":6,"key":"SMITH"},{"floor":11,"key":"REST"},{"data":"Crippling Poison","floor":15,"key":"SMITH"},{"data":"Neutralize","floor":24,"key":"SMITH"},{"floor":32,"key":"REST"},{"data":"Bullet Time","floor":40,"key":"SMITH"},{"floor":45,"key":"RECALL"},{"floor":49,"key":"REST"}],"neow_cost":"NONE","seed_source_timestamp":730179906171780,"circlet_count":0,"master_deck":["AscendersBane","Defend_G+1","Defend_G+1","Defend_G+1","Defend_G+1","Defend_G+1","Strike_G+1","Strike_G+1","Strike_G+1","Strike_G+1","Survivor","Neutralize+1","Crippling Poison+1","Bane+1","Backstab+1","All Out Attack","Dodge and Roll","Terror+1","Poisoned Stab","PiercingWail","Adrenaline","Backstab","Distraction+1","Bullet Time+1","Cloak And Dagger","Noxious Fumes+1","Regret","Backflip+1"],"relics":["Ring of the Snake","Dead Branch","Bottled Flame","Centennial Puzzle","Busted Crown","Juzu Bracelet","Torii","Question Card","Sling","Bronze Scales","MutagenicStrength","Cursed Key","Ice Cream","Bag of Preparation","Pen Nib","Ninja Scroll","Turnip"],"potions_floor_usage":[23,25,33,50,51],"damage_taken":[{"damage":0,"enemies":"2 Louse","floor":1,"turns":4},{"damage":2,"enemies":"Small Slimes","floor":2,"turns":4},{"damage":1,"enemies":"Jaw Worm","floor":3,"turns":4},{"damage":11,"enemies":"Large Slime","floor":4,"turns":6},{"damage":36,"enemies":"3 Sentries","floor":7,"turns":11},{"damage":3,"enemies":"Looter","floor":10,"turns":3},{"damage":0,"enemies":"Red Slaver","floor":12,"turns":1},{"damage":17,"enemies":"Lagavulin","floor":14,"turns":6},{"damage":20,"enemies":"Hexaghost","floor":16,"turns":9},{"damage":2,"enemies":"Chosen","floor":18,"turns":3},{"damage":3,"enemies":"Shell Parasite","floor":21,"turns":4},{"damage":0,"enemies":"3 Cultists","floor":22,"turns":4},{"damage":0,"enemies":"Gremlin Leader","floor":23,"turns":7},{"damage":1,"enemies":"Book of Stabbing","floor":25,"turns":5},{"damage":1,"enemies":"Chosen and Byrds","floor":28,"turns":3},{"damage":7,"enemies":"Shelled Parasite and Fungi","floor":31,"turns":2},{"damage":11,"enemies":"Collector","floor":33,"turns":4},{"damage":0,"enemies":"3 Shapes","floor":35,"turns":5},{"damage":2,"enemies":"2 Orb Walkers","floor":36,"turns":4},{"damage":0,"enemies":"3 Darklings","floor":38,"turns":1},{"damage":16,"enemies":"Maw","floor":44,"turns":5},{"damage":1,"enemies":"Giant Head","floor":46,"turns":4},{"damage":0,"enemies":"Jaw Worm Horde","floor":48,"turns":1},{"damage":47,"enemies":"Donu and Deca","floor":50,"turns":8},{"damage":8,"enemies":"Awakened One","floor":51,"turns":3}],"seed_played":"2423071729166954479","potions_obtained":[{"floor":7,"key":"GamblersBrew"},{"floor":10,"key":"SpeedPotion"},{"floor":23,"key":"FearPotion"},{"floor":25,"key":"SteroidPotion"},{"floor":33,"key":"Strength Potion"},{"floor":38,"key":"GhostInAJar"}],"is_trial":false,"path_per_floor":["M","M","M","M","?","R","E","?","T","M","R","M","?","E","R","B",null,"M","?","?","M","M","E","R","E","T","$","M","?","?","M","R","B",null,"M","?","$","M","T","R","?","$","T","M","R","E","?","M","R","B","B"],"character_chosen":"THE_SILENT","items_purchased":["Backstab","Sling","Bronze Scales","Bag of Preparation","Pen Nib"],"campfire_rested":3,"item_purchase_floors":[27,27,27,37,42],"current_hp_per_floor":[59,57,56,45,45,45,9,25,25,22,41,41,41,24,24,4,46,44,44,44,41,41,41,41,40,40,40,39,39,39,32,50,39,55,55,53,53,53,53,53,53,53,53,37,37,36,36,36,54,7,0],"gold":206,"neow_bonus":"TRANSFORM_CARD","is_prod":false,"is_daily":false,"chose_seed":false,"campfire_upgraded":4,"win_rate":0,"timestamp":1546105825,"path_taken":["M","M","M","M","?","R","E","?","T","M","R","M","?","E","R","BOSS","M","?","?","M","M","E","R","E","T","$","M","?","?","M","R","BOSS","M","?","$","M","?","R","?","$","T","M","R","E","?","M","R","BOSS","BOSS"],"build_version":"2018-12-20","purchased_purges":2,"victory":false,"max_hp_per_floor":[66,66,66,66,66,66,66,66,66,66,66,66,60,60,60,60,60,60,60,60,60,60,60,60,60,60,60,60,60,60,60,60,60,60,60,60,60,60,60,60,60,60,60,60,60,60,60,60,60,60,60],"card_choices":[{"not_picked":["Poisoned Stab","Prepared"],"picked":"Bane","floor":1},{"not_picked":["Outmaneuver","PiercingWail"],"picked":"Backstab","floor":2},{"not_picked":["Bane","Setup"],"picked":"All Out Attack","floor":3},{"not_picked":["Leg Sweep","Die Die Die"],"picked":"Dodge and Roll","floor":4},{"not_picked":["Deflect","PiercingWail"],"picked":"Terror","floor":7},{"not_picked":["Distraction","Flying Knee"],"picked":"Poisoned Stab","floor":10},{"not_picked":["Prepared","Underhanded Strike","Deflect"],"picked":"SKIP","floor":12},{"not_picked":["Finisher","Sucker Punch"],"picked":"PiercingWail","floor":14},{"not_picked":["Bullet Time","Venomology"],"picked":"Adrenaline","floor":16},{"not_picked":["Quick Slash"],"picked":"SKIP","floor":18},{"not_picked":["Cloak And Dagger"],"picked":"SKIP","floor":21},{"not_picked":["PiercingWail"],"picked":"SKIP","floor":22},{"not_picked":["Flying Knee"],"picked":"SKIP","floor":23},{"not_picked":["Dagger Throw"],"picked":"SKIP","floor":25},{"not_picked":["Reflex+1","Masterful Stab"],"picked":"SKIP","floor":28},{"not_picked":["Endless Agony"],"picked":"Distraction+1","floor":31},{"not_picked":["Venomology"],"picked":"Bullet Time","floor":33},{"not_picked":["Quick Slash"],"picked":"Cloak And Dagger","floor":35},{"not_picked":["Poisoned Stab"],"picked":"Noxious Fumes+1","floor":36},{"not_picked":["Deflect","PiercingWail"],"picked":"SKIP","floor":38},{"not_picked":["Crippling Poison"],"picked":"Backflip+1","floor":44},{"not_picked":["Slice","Dagger Spray"],"picked":"SKIP","floor":46},{"not_picked":["Finisher","Calculated Gamble"],"picked":"SKIP","floor":48}],"player_experience":1092120,"relics_obtained":[{"floor":7,"key":"Dead Branch"},{"floor":9,"key":"Bottled Flame"},{"floor":14,"key":"Centennial Puzzle"},{"floor":23,"key":"Juzu Bracelet"},{"floor":25,"key":"Torii"},{"floor":26,"key":"Question Card"},{"floor":36,"key":"Ice Cream"},{"floor":43,"key":"Ninja Scroll"},{"floor":46,"key":"Turnip"}],"event_choices":[{"damage_healed":0,"gold_gain":0,"player_choice":"Grow","damage_taken":0,"max_hp_gain":0,"max_hp_loss":0,"event_name":"Living Wall","floor":5,"gold_loss":0,"cards_upgraded":["Backstab"]},{"damage_healed":16,"gold_gain":0,"player_choice":"Healed","damage_taken":0,"max_hp_gain":0,"max_hp_loss":0,"event_name":"The Cleric","floor":8,"gold_loss":35},{"damage_healed":0,"gold_gain":0,"player_choice":"Lose Max HP","damage_taken":0,"relics_obtained":["Golden Idol"],"max_hp_gain":0,"max_hp_loss":6,"event_name":"Golden Idol","floor":13,"gold_loss":0},{"damage_healed":0,"gold_gain":0,"player_choice":"Simplicity","damage_taken":0,"max_hp_gain":0,"max_hp_loss":0,"event_name":"Back to Basics","floor":19,"gold_loss":0,"cards_upgraded":["Defend_G","Defend_G","Defend_G","Defend_G","Defend_G","Strike_G","Strike_G","Strike_G","Strike_G"]},{"damage_healed":0,"gold_gain":0,"player_choice":"Ignored","damage_taken":0,"max_hp_gain":0,"max_hp_loss":0,"event_name":"Ghosts","floor":20,"gold_loss":0},{"damage_healed":0,"gold_gain":0,"player_choice":"Inject Mutagens","damage_taken":0,"relics_obtained":["MutagenicStrength"],"max_hp_gain":0,"max_hp_loss":0,"event_name":"Drug Dealer","floor":29,"gold_loss":0},{"damage_healed":0,"gold_gain":0,"player_choice":"Cursed","damage_taken":0,"max_hp_gain":0,"max_hp_loss":0,"event_name":"Wheel of Change","floor":30,"gold_loss":0,"cards_obtained":["Decay"]},{"damage_healed":0,"gold_gain":0,"player_choice":"Fight","damage_taken":0,"max_hp_gain":0,"max_hp_loss":0,"event_name":"Mysterious Sphere","floor":36,"gold_loss":0},{"damage_healed":0,"gold_gain":333,"player_choice":"Gave Idol","damage_taken":0,"max_hp_gain":0,"max_hp_loss":0,"event_name":"The Moai Head","floor":41,"relics_lost":["Golden Idol"],"gold_loss":0},{"damage_healed":0,"gold_gain":0,"player_choice":"Upgraded","damage_taken":0,"max_hp_gain":0,"max_hp_loss":0,"event_name":"Upgrade Shrine","floor":47,"gold_loss":0,"cards_upgraded":["Terror"]}],"is_beta":false,"boss_relics":[{"not_picked":["Runic Dome","Astrolabe"],"picked":"Busted Crown"},{"not_picked":["Calling Bell","Lizard Tail"],"picked":"Cursed Key"}],"items_purged_floors":[37,42],"is_endless":false,"potions_floor_spawned":[7,10,12,22,23,25,33,38,44,48],"killed_by":"Awakened One","ascension_level":20}