{"gold_per_floor":[361,3,21,39,49,49,76,86,113,113],"floor_reached":10,"playtime":325,"items_purged":[],"score":119,"play_id":"44c4fe35-773d-4d92-b6f5-1eb7620a7d9e","local_time":"20190709145155","is_ascension_mode":true,"campfire_choices":[{"data":"Hemokinesis","floor":6,"key":"SMITH"}],"neow_cost":"PERCENT_DAMAGE","seed_source_timestamp":49770875086366,"circlet_count":0,"master_deck":["AscendersBane","Strike_R","Strike_R","Strike_R","Strike_R","Strike_R","Defend_R","Defend_R","Defend_R","Defend_R","Bash","Pommel Strike","Hemokinesis+1","Impervious","Flame Barrier","Feel No Pain","Clothesline","Shrug It Off","Whirlwind"],"relics":["Burning Blood","Medical Kit","Shuriken","Centennial Puzzle"],"potions_floor_usage":[8,8],"damage_taken":[{"damage":6,"enemies":"Cultist","floor":1,"turns":3},{"damage":10,"enemies":"Small Slimes","floor":3,"turns":4},{"damage":0,"enemies":"Jaw Worm","floor":4,"turns":3},{"damage":9,"enemies":"Looter","floor":5,"turns":3},{"damage":32,"enemies":"Gremlin Nob","floor":7,"turns":4},{"damage":23,"enemies":"Lots of Slimes","floor":8,"turns":6},{"damage":40,"enemies":"Lagavulin","floor":10,"turns":6}],"seed_played":"-7985824692136801698","potions_obtained":[{"floor":3,"key":"SkillPotion"},{"floor":4,"key":"FearPotion"},{"floor":7,"key":"Regen Potion"}],"is_trial":false,"path_per_floor":["M","$","M","M","M","R","E","M","T","E"],"character_chosen":"IRONCLAD","items_purchased":["Medical Kit","Hemokinesis","Impervious"],"campfire_rested":0,"item_purchase_floors":[2,2,2],"current_hp_per_floor":[50,50,46,52,49,49,23,21,21,0],"gold":113,"neow_bonus":"TWO_FIFTY_GOLD","is_prod":false,"is_daily":false,"chose_seed":false,"campfire_upgraded":1,"win_rate":0,"timestamp":1562647915,"path_taken":["M","?","M","M","M","R","E","M","T","E"],"build_version":"2019-07-05","purchased_purges":0,"victory":false,"max_hp_per_floor":[75,75,75,75,75,75,75,75,75,75],"card_choices":[{"not_picked":["Havoc","Iron Wave"],"picked":"Pommel Strike","floor":1},{"not_picked":["Reckless Charge","Heavy Blade"],"picked":"Flame Barrier","floor":3},{"not_picked":["Armaments","Perfected Strike"],"picked":"Feel No Pain","floor":4},{"not_picked":["Anger","Hemokinesis"],"picked":"Clothesline","floor":5},{"not_picked":["Double Tap","Clash"],"picked":"Shrug It Off","floor":7},{"not_picked":["Perfected Strike","Wild Strike"],"picked":"Whirlwind","floor":8}],"player_experience":962161,"relics_obtained":[{"floor":7,"key":"Shuriken"},{"floor":9,"key":"Centennial Puzzle"}],"event_choices":[],"is_beta":false,"boss_relics":[],"items_purged_floors":[],"is_endless":false,"potions_floor_spawned":[3,4,7],"killed_by":"Lagavulin","ascension_level":14}