{"gold_per_floor":[115,190,18,36,89,119,119,194,245,257,268,278,278,295,295,393,393,407,407],"floor_reached":19,"playtime":745,"items_purged":[],"score":169,"play_id":"7c51fabf-0ce7-46c6-ba54-2eb7b7b9043d","local_time":"20190327143401","is_ascension_mode":false,"campfire_choices":[{"data":"Demon Form","floor":7,"key":"SMITH"},{"floor":13,"key":"REST"},{"floor":15,"key":"REST"}],"neow_cost":"CURSE","seed_source_timestamp":14275442540595,"circlet_count":0,"master_deck":["Strike_R","Strike_R","Strike_R","Strike_R","Strike_R","Defend_R","Defend_R","Bash","Decay","Fiend Fire","Demon Form+1","Infernal Blade","Pommel Strike","Twin Strike","Shrug It Off","Armaments","Dual Wield","Wild Strike","Disarm","Flex","Clash","Anger","Flex","Spot Weakness","Feed","Thunderclap","Armaments","Warcry","Flex","Dropkick","Rage"],"relics":["Burning Blood","Bag of Marbles","Happy Flower","Dream Catcher","Orrery"],"potions_floor_usage":[6,14,16,18],"damage_taken":[{"damage":13,"enemies":"Jaw Worm","floor":1,"turns":3},{"damage":0,"enemies":"Cultist","floor":4,"turns":2},{"damage":33,"enemies":"Lagavulin","floor":6,"turns":7},{"damage":3,"enemies":"Small Slimes","floor":10,"turns":3},{"damage":7,"enemies":"3 Louse","floor":11,"turns":2},{"damage":8,"enemies":"Exordium Wildlife","floor":12,"turns":4},{"damage":11,"enemies":"Lots of Slimes","floor":14,"turns":4},{"damage":20,"enemies":"Slime Boss","floor":16,"turns":7},{"damage":30,"enemies":"Spheric Guardian","floor":18,"turns":5},{"damage":68,"enemies":"Chosen","floor":19,"turns":7}],"seed_played":"-3461954112817404841","potions_obtained":[{"floor":4,"key":"Energy Potion"},{"floor":10,"key":"EssenceOfSteel"},{"floor":11,"key":"SpeedPotion"},{"floor":12,"key":"LiquidBronze"}],"is_trial":false,"path_per_floor":["M","?","$","M","T","E","R","?","T","M","M","M","R","M","R","B",null,"M","M"],"character_chosen":"IRONCLAD","items_purchased":["Pommel Strike","Twin Strike","Shrug It Off","Armaments"],"campfire_rested":2,"item_purchase_floors":[3,3,3,3],"current_hp_per_floor":[73,65,65,71,71,44,44,33,33,36,35,33,57,52,76,62,80,56,0],"gold":407,"neow_bonus":"TRANSFORM_TWO_CARDS","is_prod":false,"is_daily":false,"chose_seed":false,"campfire_upgraded":1,"win_rate":0,"timestamp":1553661241,"path_taken":["M","?","?","M","?","E","R","?","T","M","M","M","R","M","R","BOSS","M","M"],"build_version":"2019-01-23","purchased_purges":0,"victory":false,"max_hp_per_floor":[80,80,80,80,80,80,80,80,80,80,80,80,80,80,80,80,80,80,80],"card_choices":[{"not_picked":["Rampage","Corruption"],"picked":"Infernal Blade","floor":1},{"not_picked":["Body Slam","Ghostly Armor"],"picked":"Dual Wield","floor":4},{"not_picked":["Combust","Sword Boomerang"],"picked":"Wild Strike","floor":6},{"not_picked":["Havoc","Pommel Strike"],"picked":"Disarm","floor":10},{"not_picked":["True Grit","Shockwave"],"picked":"Flex","floor":11},{"not_picked":["Searing Blow","Body Slam"],"picked":"Clash","floor":12},{"not_picked":["Warcry","True Grit"],"picked":"Anger","floor":13},{"not_picked":["Pummel","Havoc"],"picked":"Flex","floor":14},{"not_picked":["Shrug It Off","Anger"],"picked":"Spot Weakness","floor":15},{"not_picked":["Offering","Reaper"],"picked":"Feed","floor":16},{"not_picked":["Pommel Strike","Wild Strike"],"picked":"Thunderclap","floor":17},{"not_picked":["Entrench","Clash"],"picked":"Armaments","floor":17},{"not_picked":["Sword Boomerang","Wild Strike"],"picked":"Warcry","floor":17},{"not_picked":["Clash","Sword Boomerang"],"picked":"Flex","floor":17},{"not_picked":["Combust","Wild Strike"],"picked":"Dropkick","floor":17},{"not_picked":["Thunderclap+1","Dark Embrace"],"picked":"Rage","floor":18}],"player_experience":189507,"relics_obtained":[{"floor":5,"key":"Bag of Marbles"},{"floor":6,"key":"Happy Flower"},{"floor":9,"key":"Dream Catcher"}],"event_choices":[{"damage_healed":0,"gold_gain":75,"player_choice":"Touch","damage_taken":8,"max_hp_gain":0,"max_hp_loss":0,"event_name":"FaceTrader","floor":2,"gold_loss":0},{"damage_healed":0,"gold_gain":75,"player_choice":"Gather Gold","damage_taken":11,"max_hp_gain":0,"max_hp_loss":0,"event_name":"World of Goop","floor":8,"gold_loss":0}],"is_beta":false,"boss_relics":[{"not_picked":["Coffee Dripper","Eternal Feather"],"picked":"Orrery"}],"items_purged_floors":[],"is_endless":false,"potions_floor_spawned":[4,10,11,12],"killed_by":"Chosen","ascension_level":0}