{"gold_per_floor":[117,117,128,39,51,51,80,80,106,141,141,170,170,197,197,293,293,304,304,318,39,39,39,58,58,84,113,131,141,161,161],"floor_reached":31,"playtime":2460,"items_purged":["Defend_G"],"score":566,"play_id":"45318650-f353-4df0-b0e1-53740bbd5a1c","local_time":"20181229192826","is_ascension_mode":true,"campfire_choices":[{"data":"Deadly Poison","floor":6.0,"key":"SMITH"},{"data":"Jack Of All Trades","floor":8.0,"key":"SMITH"},{"data":"Neutralize","floor":11.0,"key":"SMITH"},{"floor":13.0,"key":"REST"},{"data":"Dagger Spray","floor":15.0,"key":"SMITH"},{"floor":23,"key":"REST"},{"floor":25,"key":"REST"}],"neow_cost":"NONE","seed_source_timestamp":754716075565285,"circlet_count":0,"master_deck":["AscendersBane","Defend_G","Defend_G","Defend_G","Defend_G","Survivor","Neutralize+1","Glass Knife+1","Bullet Time+1","Backstab","Dagger Spray+1","Jack Of All Trades+1","Deadly Poison+1","Quick Slash","Well Laid Plans","After Image","Riddle With Holes","Cloak And Dagger","Escape Plan","Footwork","Leg Sweep"],"special_seed":0,"relics":["Astrolabe","Omamori","Regal Pillow","The Courier","Matryoshka","Vajra","Empty Cage","Necronomicon","Pen Nib","Ancient Tea Set","Centennial Puzzle","Ornamental Fan"],"potions_floor_usage":[29,31],"damage_taken":[{"damage":0.0,"enemies":"Small Slimes","floor":1.0,"turns":5.0},{"damage":0.0,"enemies":"Cultist","floor":3.0,"turns":3.0},{"damage":0.0,"enemies":"2 Louse","floor":5.0,"turns":3.0},{"damage":20.0,"enemies":"3 Sentries","floor":7.0,"turns":5.0},{"damage":12.0,"enemies":"Lagavulin","floor":10.0,"turns":6.0},{"damage":7.0,"enemies":"3 Sentries","floor":12.0,"turns":5.0},{"damage":27.0,"enemies":"Lagavulin","floor":14.0,"turns":5.0},{"damage":9.0,"enemies":"Hexaghost","floor":16.0,"turns":9.0},{"damage":17.0,"enemies":"2 Thieves","floor":18.0,"turns":3.0},{"damage":9.0,"enemies":"3 Byrds","floor":20.0,"turns":5.0},{"damage":5,"enemies":"Colosseum Slavers","floor":22,"turns":4},{"damage":10,"enemies":"Snake Plant","floor":24,"turns":2},{"damage":22,"enemies":"Book of Stabbing","floor":27,"turns":5},{"damage":11,"enemies":"Shelled Parasite and Fungi","floor":28,"turns":5},{"damage":0,"enemies":"Centurion and Healer","floor":29,"turns":1},{"damage":6,"enemies":"Chosen and Byrds","floor":30,"turns":6},{"damage":26,"enemies":"Gremlin Leader","floor":31,"turns":3}],"seed_played":"8142749561376392273","potions_obtained":[{"floor":1.0,"key":"Ancient Potion"},{"floor":3.0,"key":"PowerPotion"},{"floor":10.0,"key":"SteroidPotion"},{"floor":14.0,"key":"SteroidPotion"},{"floor":27,"key":"SteroidPotion"},{"floor":30,"key":"FearPotion"}],"is_trial":false,"path_per_floor":["M","?","M","$","M","R","E","R","T","E","R","E","R","E","R","B",null,"M","?","M","$","?","R","M","R","T","E","M","M","M","E"],"character_chosen":"THE_SILENT","items_purchased":["Jack Of All Trades","Pen Nib","Cloak And Dagger","Escape Plan"],"campfire_rested":3,"item_purchase_floors":[4,21,21,21],"current_hp_per_floor":[59,66,66,66,66,66,46,46,46,34,34,27,61,34,34,25,56,39,18,9,9,4,38,28,62,62,40,29,29,23,0],"gold":161,"neow_bonus":"BOSS_RELIC","is_prod":false,"is_daily":false,"chose_seed":false,"campfire_upgraded":4,"win_rate":0,"timestamp":1546129706,"path_taken":["M","?","M","$","M","R","E","R","T","E","R","E","R","E","R","BOSS","M","?","M","$","?","R","M","R","T","E","?","M","M","E"],"build_version":"2018-12-20","purchased_purges":1,"victory":false,"max_hp_per_floor":[66,66,66,66,66,66,66,66,66,66,66,66,66,66,66,66,66,66,66,66,66,66,66,66,66,66,66,66,66,66,66],"card_choices":[{"not_picked":["Bane","Setup"],"picked":"Backstab","floor":1.0},{"not_picked":["Deflect","Setup"],"picked":"Dagger Spray","floor":3.0},{"not_picked":["PiercingWail","Backflip"],"picked":"Deadly Poison","floor":5.0},{"not_picked":["Dagger Throw","Outmaneuver"],"picked":"Quick Slash","floor":7.0},{"not_picked":["Quick Slash","Heel Hook","Grand Finale"],"picked":"SKIP","floor":10.0},{"not_picked":["Cloak And Dagger","Deadly Poison"],"picked":"Well Laid Plans","floor":12.0},{"not_picked":["Terror","Deflect","Dodge and Roll"],"picked":"SKIP","floor":14.0},{"not_picked":["Venomology","Doppelganger"],"picked":"After Image","floor":16.0},{"not_picked":["Dodge and Roll","Setup","Bane"],"picked":"SKIP","floor":18.0},{"not_picked":["Setup","Slice"],"picked":"Riddle With Holes","floor":20.0},{"not_picked":["Bane","Deadly Poison"],"picked":"Footwork","floor":24},{"not_picked":["Dagger Spray","Dagger Throw"],"picked":"Leg Sweep","floor":27},{"not_picked":["Poisoned Stab+1","Cloak And Dagger","Quick Slash"],"picked":"SKIP","floor":28},{"not_picked":["Poisoned Stab+1","Cloak And Dagger","Quick Slash"],"picked":"SKIP","floor":28},{"not_picked":["Malaise","Slice","Flying Knee"],"picked":"SKIP","floor":29},{"not_picked":["Sucker Punch","Deadly Poison","Dagger Throw"],"picked":"SKIP","floor":30}],"player_experience":1102553,"relics_obtained":[{"floor":7.0,"key":"Omamori"},{"floor":9.0,"key":"Regal Pillow"},{"floor":10.0,"key":"The Courier"},{"floor":12.0,"key":"Matryoshka"},{"floor":14.0,"key":"Vajra"},{"floor":19.0,"key":"Necronomicon"},{"floor":26,"key":"Ancient Tea Set"},{"floor":26,"key":"Centennial Puzzle"},{"floor":27,"key":"Ornamental Fan"}],"event_choices":[{"cards_removed":["Reflex"],"damage_healed":7.0,"max_hp_gain":0.0,"max_hp_loss":0.0,"gold_gain":0.0,"event_name":"Bonfire Elementals","player_choice":"Offered Uncommon","floor":2.0,"gold_loss":0.0,"damage_taken":0.0},{"damage_healed":0.0,"max_hp_gain":0.0,"max_hp_loss":0.0,"gold_gain":0.0,"event_name":"Cursed Tome","player_choice":"Obtained Book","floor":19.0,"gold_loss":0.0,"damage_taken":21.0},{"damage_healed":0,"gold_gain":0,"player_choice":"Fight","damage_taken":0,"max_hp_gain":0,"max_hp_loss":0,"event_name":"Colosseum","floor":22,"gold_loss":0},{"damage_healed":0,"gold_gain":0,"player_choice":"Fled From Nobs","damage_taken":0,"max_hp_gain":0,"max_hp_loss":0,"event_name":"Colosseum","floor":22,"gold_loss":0}],"is_beta":false,"boss_relics":[{"not_picked":["Tiny House","Lizard Tail"],"picked":"Empty Cage"}],"items_purged_floors":[21],"is_endless":false,"potions_floor_spawned":[1,3,10,14,22,27,30],"killed_by":"Gremlin Leader","ascension_level":20}