{"gold_per_floor":[118,43,43,59,73,73,73,73,99,99,110,128,28,28,28,102,102,117,135,135,150,23,23,42,42,89,89,103,103,121,137,137,137],"floor_reached":33,"playtime":944,"items_purged":["Amplify","Regret"],"score":418,"play_id":"eaeca4f5-11bc-4926-b208-e944bbbec475","local_time":"20190723225732","is_ascension_mode":true,"campfire_choices":[{"data":"Zap","floor":6,"key":"SMITH"},{"data":"Streamline","floor":8,"key":"SMITH"},{"data":"Dualcast","floor":10,"key":"SMITH"},{"floor":15,"key":"REST"},{"floor":23,"key":"REST"},{"floor":27,"key":"REST"},{"floor":29,"key":"REST"},{"floor":32,"key":"REST"}],"neow_cost":"NONE","seed_source_timestamp":21524678951026,"circlet_count":0,"master_deck":["AscendersBane","Strike_B","Strike_B","Strike_B","Strike_B","Defend_B","Defend_B","Defend_B","Defend_B","Zap+1","Dualcast+1","Conserve Battery+1","Streamline+1","Doom and Gloom","Compile Driver","Gash","Biased Cognition","Cold Snap","BootSequence+1","Pain","Sunder","Self Repair","Hologram","Reinforced Body","Self Repair","Clumsy","Sweeping Beam","Amplify","Consume+1"],"relics":["Cracked Core","Darkstone Periapt","Art of War","Cursed Key","WarpedTongs","Ancient Tea Set"],"potions_floor_usage":[12,12,16,21,28,31],"damage_taken":[{"damage":0,"enemies":"Small Slimes","floor":1,"turns":3},{"damage":7,"enemies":"2 Louse","floor":4,"turns":3},{"damage":6,"enemies":"Cultist","floor":5,"turns":3},{"damage":23,"enemies":"Blue Slaver","floor":11,"turns":3},{"damage":15,"enemies":"Gremlin Gang","floor":12,"turns":3},{"damage":34,"enemies":"The Guardian","floor":16,"turns":10},{"damage":42,"enemies":"2 Thieves","floor":18,"turns":4},{"damage":3,"enemies":"Spheric Guardian","floor":19,"turns":4},{"damage":14,"enemies":"Snake Plant","floor":21,"turns":4},{"damage":13,"enemies":"Snecko","floor":24,"turns":5},{"damage":29,"enemies":"Cultist and Chosen","floor":28,"turns":8},{"damage":27,"enemies":"Chosen and Byrds","floor":30,"turns":6},{"damage":55,"enemies":"3 Cultists","floor":31,"turns":5},{"damage":69,"enemies":"Champ","floor":33,"turns":7}],"seed_played":"-3421633076833701377","potions_obtained":[{"floor":1,"key":"GamblersBrew"},{"floor":5,"key":"Fire Potion"},{"floor":12,"key":"GamblersBrew"},{"floor":18,"key":"GamblersBrew"},{"floor":21,"key":"SteroidPotion"},{"floor":30,"key":"Weak Potion"}],"is_trial":false,"path_per_floor":["M","$","?","M","M","R","?","R","T","R","M","M","$","?","R","B",null,"M","M","?","M","$","R","M","?","T","R","M","R","M","M","R","B"],"character_chosen":"DEFECT","items_purchased":["Self Repair","Hologram"],"campfire_rested":5,"item_purchase_floors":[22,22],"current_hp_per_floor":[64,64,70,63,57,57,57,57,57,57,34,19,19,19,42,8,60,18,15,21,7,7,31,25,25,31,57,48,74,64,23,49,0],"gold":137,"neow_bonus":"ONE_RANDOM_RARE_CARD","is_prod":false,"is_daily":false,"chose_seed":false,"campfire_upgraded":3,"win_rate":0,"timestamp":1563886652,"path_taken":["M","$","?","M","M","R","?","R","T","R","M","?","$","?","R","BOSS","M","?","?","?","$","R","M","?","T","R","?","R","M","M","R","BOSS"],"build_version":"2019-07-17","purchased_purges":2,"victory":false,"max_hp_per_floor":[71,71,77,77,77,77,77,77,77,77,77,77,77,77,77,77,77,77,77,83,83,83,83,83,83,89,89,89,89,89,89,89,89],"card_choices":[{"not_picked":["Consume","FTL"],"picked":"Conserve Battery","floor":1},{"not_picked":["Leap","Gash"],"picked":"Streamline","floor":4},{"not_picked":["Barrage","Leap"],"picked":"Doom and Gloom","floor":5},{"not_picked":["FTL","Stack"],"picked":"Compile Driver","floor":11},{"not_picked":["Chaos","Doom and Gloom"],"picked":"Gash","floor":12},{"not_picked":["Amplify","Hyperbeam"],"picked":"Biased Cognition","floor":16},{"not_picked":["Conserve Battery","Heatsinks"],"picked":"Cold Snap","floor":18},{"not_picked":["Go for the Eyes","Streamline"],"picked":"BootSequence+1","floor":19},{"not_picked":["Leap","Doom and Gloom"],"picked":"Sunder","floor":21},{"not_picked":["Leap+1","Coolheaded"],"picked":"Reinforced Body","floor":24},{"not_picked":["Steam+1","Barrage+1"],"picked":"Sweeping Beam","floor":28},{"not_picked":["Force Field","Streamline"],"picked":"Amplify","floor":30},{"not_picked":["Turbo","Leap"],"picked":"Consume+1","floor":31}],"player_experience":1089087,"relics_obtained":[{"floor":9,"key":"Art of War"},{"floor":26,"key":"Ancient Tea Set"}],"event_choices":[{"damage_healed":0,"gold_gain":0,"player_choice":"Box","damage_taken":0,"relics_obtained":["Darkstone Periapt"],"max_hp_gain":0,"max_hp_loss":0,"event_name":"Big Fish","floor":3,"gold_loss":0,"cards_obtained":["Regret"]},{"damage_healed":0,"gold_gain":0,"player_choice":"Got Potions","damage_taken":0,"max_hp_gain":0,"max_hp_loss":0,"event_name":"Lab","floor":7,"gold_loss":0},{"damage_healed":0,"gold_gain":0,"player_choice":"Upgraded","damage_taken":0,"max_hp_gain":0,"max_hp_loss":0,"event_name":"Upgrade Shrine","floor":14,"gold_loss":0,"cards_upgraded":["Conserve Battery"]},{"damage_healed":0,"gold_gain":0,"player_choice":"Rummage","damage_taken":0,"relics_obtained":["WarpedTongs"],"max_hp_gain":0,"max_hp_loss":0,"event_name":"Accursed Blacksmith","floor":20,"gold_loss":0,"cards_obtained":["Pain"]},{"damage_healed":0,"gold_gain":0,"player_choice":"Copied","damage_taken":0,"max_hp_gain":0,"max_hp_loss":0,"event_name":"Duplicator","floor":25,"gold_loss":0,"cards_obtained":["Self Repair"]}],"is_beta":false,"boss_relics":[{"not_picked":["Runic Pyramid","Empty Cage"],"picked":"Cursed Key"}],"items_purged_floors":[2,13],"is_endless":false,"potions_floor_spawned":[1,5,12,18,21,30],"killed_by":"Champ","ascension_level":15}