{"gold_per_floor":[114,289,12,12,31,65,65,85,85,85,99,134,134,162,162,236,236,249,249,232,249,249],"floor_reached":22,"playtime":1044,"items_purged":["Doubt"],"score":389,"play_id":"24e77210-fa83-4e61-b95d-9102f38cf491","local_time":"20190709030735","is_ascension_mode":true,"campfire_choices":[{"data":"Rampage","floor":7,"key":"SMITH"},{"data":"Rampage","floor":13,"key":"SMITH"},{"data":"True Grit","floor":15,"key":"SMITH"}],"neow_cost":"NONE","seed_source_timestamp":6790390271968,"circlet_count":0,"master_deck":["AscendersBane","Strike_R","Strike_R+1","Strike_R","Strike_R","Defend_R","Defend_R+1","Defend_R","Defend_R+1","Bash","Clothesline","Rampage+1","Disarm+1","Rampage+1","True Grit+1","Reaper","Fiend Fire","Power Through+1","Impervious+1","Sword Boomerang","Seeing Red+1","Evolve","Wild Strike"],"relics":["Burning Blood","NeowsBlessing","Bag of Preparation","War Paint","Mercury Hourglass","Toxic Egg 2","Omamori","Snecko Eye"],"potions_floor_usage":[12,12,14,20],"damage_taken":[{"damage":0,"enemies":"2 Louse","floor":1,"turns":1},{"damage":0,"enemies":"Small Slimes","floor":5,"turns":1},{"damage":0,"enemies":"Lagavulin","floor":6,"turns":1},{"damage":9,"enemies":"Jaw Worm","floor":8,"turns":3},{"damage":14,"enemies":"Lots of Slimes","floor":11,"turns":4},{"damage":12,"enemies":"3 Sentries","floor":12,"turns":5},{"damage":19,"enemies":"Lagavulin","floor":14,"turns":5},{"damage":30,"enemies":"Hexaghost","floor":16,"turns":11},{"damage":0,"enemies":"Spheric Guardian","floor":18,"turns":1},{"damage":26,"enemies":"2 Thieves","floor":20,"turns":4},{"damage":21,"enemies":"Cultist and Chosen","floor":21,"turns":6},{"damage":57,"enemies":"Centurion and Healer","floor":22,"turns":7}],"seed_played":"-7265889184716809312","potions_obtained":[{"floor":6,"key":"SkillPotion"},{"floor":12,"key":"Regen Potion"},{"floor":14,"key":"Ancient Potion"},{"floor":18,"key":"Poison Potion"}],"is_trial":false,"path_per_floor":["M","?","$","?","M","E","R","M","T","?","M","E","R","E","R","B",null,"M","?","M","M","M"],"character_chosen":"IRONCLAD","items_purchased":["Bag of Preparation","Strength Potion"],"campfire_rested":0,"item_purchase_floors":[3,3],"current_hp_per_floor":[74,74,74,74,75,75,75,72,72,57,49,55,55,58,58,38,66,72,72,53,48,0],"gold":249,"neow_bonus":"THREE_ENEMY_KILL","is_prod":false,"is_daily":false,"chose_seed":false,"campfire_upgraded":3,"win_rate":0,"timestamp":1562605655,"path_taken":["M","?","$","?","M","E","R","M","T","?","M","E","R","E","R","BOSS","M","?","M","M","?"],"build_version":"2019-07-05","purchased_purges":1,"victory":false,"max_hp_per_floor":[75,75,75,75,75,75,75,75,75,75,75,75,75,75,75,75,75,75,75,75,75,75],"card_choices":[{"not_picked":["Havoc","Warcry"],"picked":"Clothesline","floor":1},{"not_picked":["Dropkick","Warcry"],"picked":"Disarm","floor":5},{"not_picked":["Entrench","Anger"],"picked":"Rampage","floor":6},{"not_picked":["Reckless Charge","Searing Blow"],"picked":"True Grit","floor":8},{"not_picked":["Flex","Shrug It Off"],"picked":"Reaper","floor":11},{"not_picked":["Rampage","Havoc"],"picked":"Fiend Fire","floor":12},{"not_picked":["Pommel Strike","Intimidate+1"],"picked":"Power Through+1","floor":14},{"not_picked":["Fiend Fire","Juggernaut"],"picked":"Impervious+1","floor":16},{"not_picked":["Iron Wave","Anger"],"picked":"Sword Boomerang","floor":18},{"not_picked":["Headbutt","Wild Strike"],"picked":"Evolve","floor":20},{"not_picked":["Heavy Blade","Sword Boomerang"],"picked":"Wild Strike","floor":21}],"player_experience":959904,"relics_obtained":[{"floor":6,"key":"War Paint"},{"floor":9,"key":"Mercury Hourglass"},{"floor":12,"key":"Toxic Egg 2"},{"floor":14,"key":"Omamori"}],"event_choices":[{"damage_healed":0,"gold_gain":175,"player_choice":"AGREE","damage_taken":0,"max_hp_gain":0,"max_hp_loss":0,"event_name":"Liars Game","floor":2,"gold_loss":0,"cards_obtained":["Doubt"]},{"damage_healed":0,"gold_gain":0,"cards_transformed":["Strike_R"],"player_choice":"Change","damage_taken":0,"max_hp_gain":0,"max_hp_loss":0,"event_name":"Living Wall","floor":4,"gold_loss":0,"cards_obtained":["Rampage"]},{"damage_healed":0,"gold_gain":0,"player_choice":"Entered Light","damage_taken":15,"max_hp_gain":0,"max_hp_loss":0,"event_name":"Shining Light","floor":10,"gold_loss":0,"cards_upgraded":["Strike_R","Disarm"]},{"damage_healed":0,"gold_gain":0,"player_choice":"1 cards matched","damage_taken":0,"max_hp_gain":0,"max_hp_loss":0,"event_name":"Match and Keep!","floor":19,"gold_loss":0,"cards_obtained":["Seeing Red"]}],"is_beta":false,"boss_relics":[{"not_picked":["Fusion Hammer","Calling Bell"],"picked":"Snecko Eye"}],"items_purged_floors":[3],"is_endless":false,"potions_floor_spawned":[6,8,12,14,18],"killed_by":"Centurion and Healer","ascension_level":14}