{"gold_per_floor":[116,135,135,153,166,194,194,220,220,237,249,249,260,4,4,122,122,142,161,178,22,22],"floor_reached":22,"playtime":976,"items_purged":["Strike_B"],"score":400,"play_id":"39cec5ff-16e3-481c-9983-a30ffd319932","local_time":"20181203124447","is_ascension_mode":true,"campfire_choices":[{"data":"Ball Lightning","floor":7,"key":"SMITH"},{"floor":12,"key":"REST"},{"floor":15,"key":"REST"}],"neow_cost":"NONE","seed_source_timestamp":63735047833615,"circlet_count":0,"master_deck":["AscendersBane","Strike_B","Strike_B","Strike_B","Defend_B","Defend_B","Defend_B","Defend_B","Zap","Dualcast+1","Ball Lightning+1","Cold Snap","Beam Cell","Conserve Battery","Coolheaded","Reboot","Streamline","Magnetism+1","Reboot","Sunder+1","Go for the Eyes+1"],"relics":["Cracked Core","FossilizedHelix","Art of War","WingedGreaves","Frozen Egg 2","Black Star","PreservedInsect"],"potions_floor_usage":[10,16,16,22],"damage_taken":[{"damage":0,"enemies":"Small Slimes","floor":1,"turns":4},{"damage":1,"enemies":"Cultist","floor":2,"turns":3},{"damage":0,"enemies":"2 Louse","floor":4,"turns":2},{"damage":0,"enemies":"Looter","floor":5,"turns":2},{"damage":16,"enemies":"3 Sentries","floor":6,"turns":8},{"damage":50,"enemies":"Gremlin Nob","floor":8,"turns":5},{"damage":0,"enemies":"Blue Slaver","floor":10,"turns":2},{"damage":0,"enemies":"Exordium Thugs","floor":11,"turns":4},{"damage":0,"enemies":"Large Slime","floor":13,"turns":4},{"damage":0,"enemies":"The Guardian","floor":16,"turns":12},{"damage":13,"enemies":"Shell Parasite","floor":18,"turns":5},{"damage":22,"enemies":"2 Thieves","floor":19,"turns":3},{"damage":16,"enemies":"3 Cultists","floor":20,"turns":5},{"damage":24,"enemies":"Shelled Parasite and Fungi","floor":22,"turns":2}],"seed_played":"3473778789165620723","potions_obtained":[{"floor":1,"key":"Swift Potion"},{"floor":5,"key":"Regen Potion"},{"floor":8,"key":"Energy Potion"},{"floor":13,"key":"Swift Potion"},{"floor":20,"key":"PowerPotion"}],"is_trial":false,"path_per_floor":["M","M","?","M","M","E","R","E","T","M","M","R","M","$","R","B",null,"M","M","M","$","M"],"character_chosen":"DEFECT","items_purchased":["Magnetism+1","PreservedInsect"],"campfire_rested":2,"item_purchase_floors":[14,21],"current_hp_per_floor":[68,67,67,67,67,51,51,1,1,6,6,28,28,28,50,50,69,56,34,18,18,0],"gold":22,"neow_bonus":"UPGRADE_CARD","is_prod":false,"is_daily":false,"chose_seed":false,"campfire_upgraded":1,"win_rate":0,"timestamp":1543859087,"path_taken":["M","M","?","M","M","E","R","E","T","M","M","R","?","$","R","BOSS","M","M","M","?","M"],"build_version":"2018-11-15","purchased_purges":1,"victory":false,"max_hp_per_floor":[75,75,75,75,75,75,75,75,75,75,75,75,75,75,75,75,75,75,75,75,75,75],"card_choices":[{"not_picked":["Barrage","Hologram"],"picked":"Ball Lightning","floor":1},{"not_picked":["Ball Lightning","Double Energy"],"picked":"Cold Snap","floor":2},{"not_picked":["Redo","Melter"],"picked":"Beam Cell","floor":4},{"not_picked":["Hologram","Steam"],"picked":"Conserve Battery","floor":5},{"not_picked":["Conserve Battery","Lockon"],"picked":"Coolheaded","floor":6},{"not_picked":["Auto Shields","Compile Driver"],"picked":"Reboot","floor":8},{"not_picked":["White Noise","Go for the Eyes"],"picked":"Streamline","floor":10},{"not_picked":["Go for the Eyes","Sweeping Beam","Lockon"],"picked":"SKIP","floor":11},{"not_picked":["Turbo","Leap","Streamline"],"picked":"SKIP","floor":13},{"not_picked":["Rainbow","Echo Form+1"],"picked":"Reboot","floor":16},{"not_picked":["Reinforced Body","Ball Lightning"],"picked":"Sunder+1","floor":18},{"not_picked":["Redo","Coolheaded"],"picked":"Go for the Eyes+1","floor":19},{"not_picked":["Beam Cell","Go for the Eyes","Turbo"],"picked":"SKIP","floor":20}],"player_experience":789182,"relics_obtained":[{"floor":6,"key":"Art of War"},{"floor":8,"key":"WingedGreaves"},{"floor":9,"key":"Frozen Egg 2"}],"event_choices":[{"damage_healed":0,"gold_gain":0,"player_choice":"Gave Potion","damage_taken":0,"relics_obtained":["FossilizedHelix"],"max_hp_gain":0,"max_hp_loss":0,"event_name":"WeMeetAgain","floor":3,"gold_loss":0}],"is_beta":false,"boss_relics":[{"not_picked":["Runic Pyramid","White Beast Statue"],"picked":"Black Star"}],"items_purged_floors":[14],"is_endless":false,"potions_floor_spawned":[1,5,8,13,20],"killed_by":"Shelled Parasite and Fungi","ascension_level":12}