{"gold_per_floor":[117,117,131,144,2,28,28,48,100,100,100,114,114,14,14,87,87,99,14,14,33,33,33,33,43,95,95,95,110,35,53,53,53],"floor_reached":33,"playtime":1633,"items_purged":["Regret"],"score":569,"play_id":"023629f5-a7b0-4fa9-82bc-6c66e20ec7cf","local_time":"20181219143937","is_ascension_mode":true,"campfire_choices":[{"floor":7.0,"key":"REST"},{"floor":11.0,"key":"REST"},{"data":"Malaise","floor":15.0,"key":"SMITH"},{"floor":23.0,"key":"REST"},{"floor":27.0,"key":"RECALL"},{"floor":32,"key":"REST"}],"neow_cost":"NONE","seed_source_timestamp":500016472349464,"circlet_count":0,"master_deck":["AscendersBane","Defend_G+1","Defend_G","Defend_G","Defend_G+1","Survivor","Neutralize+1","Flying Knee","Riddle With Holes","Sucker Punch","Grand Finale","Malaise+1","Quick Slash","Concentrate+1","Bullet Time+1","Phantasmal Killer+1","Quick Slash+1","Heel Hook","Poisoned Stab","Ghostly","Ghostly","Ghostly","Ghostly","Ghostly","Backflip","Dodge and Roll"],"special_seed":0,"relics":["Ring of the Snake","NeowsBlessing","Darkstone Periapt","Art of War","Juzu Bracelet","Astrolabe","Frozen Egg 2","Kunai"],"potions_floor_usage":[31],"damage_taken":[{"damage":0.0,"enemies":"Jaw Worm","floor":1.0,"turns":1.0},{"damage":0.0,"enemies":"Cultist","floor":3.0,"turns":1.0},{"damage":0.0,"enemies":"2 Louse","floor":4.0,"turns":1.0},{"damage":55.0,"enemies":"3 Sentries","floor":6.0,"turns":18.0},{"damage":0.0,"enemies":"Looter","floor":8.0,"turns":4.0},{"damage":0.0,"enemies":"Exordium Wildlife","floor":12.0,"turns":3.0},{"damage":0.0,"enemies":"The Guardian","floor":16.0,"turns":13.0},{"damage":38.0,"enemies":"Spheric Guardian","floor":18.0,"turns":8.0},{"damage":13.0,"enemies":"2 Thieves","floor":21.0,"turns":4.0},{"damage":4.0,"enemies":"Centurion and Healer","floor":25.0,"turns":8.0},{"damage":34.0,"enemies":"Cultist and Chosen","floor":29.0,"turns":12.0},{"damage":0,"enemies":"Shelled Parasite and Fungi","floor":31,"turns":8},{"damage":27,"enemies":"Champ","floor":33,"turns":19}],"seed_played":"7400798115632840428","potions_obtained":[{"floor":6.0,"key":"Swift Potion"},{"floor":8.0,"key":"LiquidBronze"},{"floor":12.0,"key":"Strength Potion"},{"floor":25.0,"key":"SpeedPotion"},{"floor":29.0,"key":"GamblersBrew"}],"is_trial":false,"path_per_floor":["M","?","M","M","$","E","R","M","T","?","R","M","?","$","R","B",null,"M","?","?","M","?","R","?","M","T","R","?","M","?","M","R","B"],"character_chosen":"THE_SILENT","items_purchased":["Grand Finale","Quick Slash"],"campfire_rested":4,"item_purchase_floors":[5,14],"current_hp_per_floor":[59,59,59,59,59,4,23,23,23,10,29,29,35,35,35,35,63,25,25,25,12,12,33,33,29,29,29,36,2,2,2,12,0],"gold":53,"neow_bonus":"THREE_ENEMY_KILL","is_prod":false,"is_daily":false,"chose_seed":false,"campfire_upgraded":1,"win_rate":0,"timestamp":1545248377,"path_taken":["M","?","?","M","$","E","R","M","T","?","R","M","?","$","R","BOSS","M","?","?","M","?","R","?","M","T","R","?","M","?","M","R","BOSS"],"build_version":"2018-12-13","purchased_purges":1,"victory":false,"max_hp_per_floor":[66,66,66,66,66,66,66,66,66,66,66,66,72,72,72,72,72,72,72,72,72,72,72,36,36,36,36,36,36,36,36,36,36],"card_choices":[{"not_picked":["PiercingWail","Acrobatics"],"picked":"Flying Knee","floor":1.0},{"not_picked":["Deadly Poison","Prepared"],"picked":"Riddle With Holes","floor":3.0},{"not_picked":["Dagger Throw","Underhanded Strike"],"picked":"Sucker Punch","floor":4.0},{"not_picked":["Deadly Poison","Masterful Stab"],"picked":"Malaise","floor":6.0},{"not_picked":["Outmaneuver","Slice","Dodge and Roll"],"picked":"SKIP","floor":8.0},{"not_picked":["Leg Sweep","Sucker Punch","Cloak And Dagger"],"picked":"SKIP","floor":12.0},{"not_picked":["Backflip","Bane"],"picked":"Quick Slash+1","floor":18.0},{"not_picked":["Accuracy+1","Prepared","Quick Slash"],"picked":"SKIP","floor":21.0},{"not_picked":["PiercingWail","Deflect"],"picked":"Backflip","floor":25.0},{"not_picked":["Distraction","Deflect"],"picked":"Dodge and Roll","floor":29.0},{"not_picked":["Slice","Quick Slash","Crippling Poison"],"picked":"SKIP","floor":31}],"player_experience":907973,"relics_obtained":[{"floor":6.0,"key":"Darkstone Periapt"},{"floor":9.0,"key":"Art of War"}],"event_choices":[{"damage_healed":0.0,"max_hp_gain":0.0,"max_hp_loss":0.0,"gold_gain":0.0,"event_name":"Accursed Blacksmith","player_choice":"Forge","floor":2.0,"gold_loss":0.0,"damage_taken":0.0,"cards_upgraded":["Neutralize"]},{"damage_healed":0.0,"max_hp_gain":0.0,"max_hp_loss":0.0,"gold_gain":0.0,"event_name":"Shining Light","player_choice":"Entered Light","floor":10.0,"gold_loss":0.0,"damage_taken":13.0,"cards_upgraded":["Defend_G","Defend_G"]},{"damage_healed":0.0,"max_hp_gain":0.0,"max_hp_loss":0.0,"gold_gain":0.0,"event_name":"Big Fish","player_choice":"Box","floor":13.0,"gold_loss":0.0,"damage_taken":0.0,"relics_obtained":["Juzu Bracelet"],"cards_obtained":["Regret"]},{"damage_healed":0.0,"max_hp_gain":0.0,"max_hp_loss":0.0,"gold_gain":0.0,"event_name":"Addict","player_choice":"Obtained Relic","floor":19.0,"gold_loss":85.0,"damage_taken":0.0,"relics_obtained":["Frozen Egg 2"]},{"damage_healed":0.0,"max_hp_gain":0.0,"max_hp_loss":0.0,"gold_gain":0.0,"event_name":"The Mausoleum","player_choice":"Opened","floor":20.0,"gold_loss":0.0,"damage_taken":0.0,"relics_obtained":["Kunai"]},{"damage_healed":0.0,"max_hp_gain":0.0,"max_hp_loss":0.0,"gold_gain":0.0,"cards_transformed":["Strike_G","Strike_G"],"event_name":"Drug Dealer","player_choice":"Became Test Subject","floor":22.0,"gold_loss":0.0,"damage_taken":0.0,"cards_obtained":["Heel Hook","Poisoned Stab"]},{"damage_healed":0.0,"max_hp_gain":0.0,"max_hp_loss":36.0,"gold_gain":0.0,"event_name":"Ghosts","player_choice":"Became a Ghost","floor":24.0,"gold_loss":0.0,"damage_taken":0.0,"cards_obtained":["Ghostly","Ghostly","Ghostly","Ghostly","Ghostly"]},{"damage_healed":12.0,"max_hp_gain":0.0,"max_hp_loss":0.0,"gold_gain":0.0,"event_name":"The Library","player_choice":"Heal","floor":28.0,"gold_loss":0.0,"damage_taken":0.0},{"cards_removed":["Defend_G"],"damage_healed":0.0,"max_hp_gain":0.0,"max_hp_loss":0.0,"gold_gain":0.0,"event_name":"Beggar","player_choice":"Gave Gold","floor":30.0,"gold_loss":75.0,"damage_taken":0.0}],"is_beta":false,"boss_relics":[{"not_picked":["White Beast Statue","Lizard Tail"],"picked":"Astrolabe"}],"items_purged_floors":[14],"is_endless":false,"potions_floor_spawned":[6,8,12,25,29],"killed_by":"Champ","ascension_level":14}