{"gold_per_floor":[111,111,129,79,99,99,126,126,126,142,159,49,62,62,62,183,183,183,202,202,10,31,31],"floor_reached":23,"playtime":1174,"items_purged":["Strike_P"],"score":255,"play_id":"11724bf7-d302-4f5b-a8fd-62d9ff34d2d0","local_time":"20190910200304","is_ascension_mode":true,"campfire_choices":[{"data":"ClearTheMind","floor":6,"key":"SMITH"},{"floor":8,"key":"REST"},{"floor":15,"key":"REST"}],"neow_cost":"NONE","seed_source_timestamp":6397313877743,"circlet_count":0,"master_deck":["Strike_P+1","Strike_P","Defend_P+1","Defend_P","Defend_P+1","Defend_P","Eruption+1","Vigilance","FlyingSleeves","ClearTheMind+1","FollowUp","DeusExMachina","MentalFortress","EmptyFist","Crescendo","ReachHeaven","MentalFortress","Adaptation","Crescendo+1","LessonLearned+1","EmptyMind","Bandage Up","EmptyBody+1"],"relics":["PureWater","NeowsBlessing","Gambling Chip","Prayer Wheel","Golden Idol","Busted Crown","Membership Card"],"potions_floor_usage":[16,22],"damage_taken":[{"damage":0,"enemies":"Cultist","floor":1,"turns":1},{"damage":0,"enemies":"2 Louse","floor":3,"turns":1},{"damage":0,"enemies":"Jaw Worm","floor":5,"turns":1},{"damage":27,"enemies":"3 Sentries","floor":7,"turns":7},{"damage":10,"enemies":"Exordium Thugs","floor":10,"turns":3},{"damage":14,"enemies":"Blue Slaver","floor":11,"turns":2},{"damage":5,"enemies":"Lots of Slimes","floor":13,"turns":3},{"damage":0,"enemies":"Slime Boss","floor":16,"turns":7},{"damage":9,"enemies":"Spheric Guardian","floor":18,"turns":5},{"damage":0,"enemies":"Chosen","floor":19,"turns":4},{"damage":50,"enemies":"Snecko","floor":22,"turns":7},{"damage":17,"enemies":"Slavers","floor":23,"turns":2}],"seed_played":"2369729237850070721","potions_obtained":[{"floor":1,"key":"EssenceOfSteel"},{"floor":7,"key":"Strength Potion"},{"floor":11,"key":"GamblersBrew"},{"floor":19,"key":"SpeedPotion"}],"is_trial":false,"path_per_floor":["M","?","M","?","M","R","E","R","T","M","M","$","M","?","R","B",null,"M","M","?","$","M","E"],"character_chosen":"WATCHER","items_purchased":["MentalFortress","Membership Card","Bandage Up"],"campfire_rested":2,"item_purchase_floors":[12,21,21],"current_hp_per_floor":[65,52,52,52,52,52,25,44,44,34,20,20,15,15,33,33,60,51,51,51,51,5,0],"gold":31,"neow_bonus":"THREE_ENEMY_KILL","is_prod":false,"is_daily":false,"chose_seed":false,"campfire_upgraded":1,"win_rate":0,"timestamp":1568109784,"path_taken":["M","?","M","?","M","R","E","R","T","M","M","$","M","?","R","BOSS","M","M","?","$","?","E"],"build_version":"2019-09-09v2","purchased_purges":1,"victory":false,"max_hp_per_floor":[65,65,65,65,65,65,65,65,65,65,65,65,65,60,60,60,60,60,60,60,60,60,60],"card_choices":[{"not_picked":["Vengeance","JustLucky"],"picked":"FlyingSleeves","floor":1},{"not_picked":["Prostrate","FollowUp"],"picked":"ClearTheMind","floor":3},{"not_picked":["ThirdEye","Protect"],"picked":"FollowUp","floor":5},{"not_picked":["ClearTheMind","Adaptation"],"picked":"DeusExMachina","floor":7},{"not_picked":["PathToVictory","FlyingSleeves"],"picked":"MentalFortress","floor":10},{"not_picked":["BowlingBash","FlyingSleeves"],"picked":"EmptyFist","floor":10},{"not_picked":["Prostrate","FollowUp"],"picked":"Crescendo","floor":11},{"not_picked":["EmptyBody","Crescendo"],"picked":"ReachHeaven","floor":11},{"not_picked":["FollowUp","FlyingSleeves"],"picked":"Adaptation","floor":13},{"not_picked":["Scrawl","Halt"],"picked":"Crescendo","floor":13},{"not_picked":["DevaForm","Unraveling"],"picked":"LessonLearned","floor":16},{"not_picked":["Crescendo"],"picked":"SKIP","floor":18},{"not_picked":["Halt+1"],"picked":"SKIP","floor":18},{"not_picked":[],"picked":"EmptyMind","floor":19},{"not_picked":["Weave"],"picked":"SKIP","floor":19},{"not_picked":[],"picked":"EmptyBody+1","floor":22},{"not_picked":["Vengeance"],"picked":"SKIP","floor":22}],"player_experience":1275693,"relics_obtained":[{"floor":7,"key":"Gambling Chip"},{"floor":9,"key":"Prayer Wheel"}],"event_choices":[{"damage_healed":0,"gold_gain":0,"player_choice":"Entered Light","damage_taken":13,"max_hp_gain":0,"max_hp_loss":0,"event_name":"Shining Light","floor":2,"gold_loss":0,"cards_upgraded":["Defend_P","Eruption"]},{"cards_removed":["Strike_P"],"damage_healed":0,"gold_gain":0,"player_choice":"Card Removal","damage_taken":0,"max_hp_gain":0,"max_hp_loss":0,"event_name":"The Cleric","floor":4,"gold_loss":50},{"damage_healed":0,"gold_gain":0,"player_choice":"Lose Max HP","damage_taken":0,"relics_obtained":["Golden Idol"],"max_hp_gain":0,"max_hp_loss":5,"event_name":"Golden Idol","floor":14,"gold_loss":0},{"damage_healed":0,"gold_gain":0,"player_choice":"Upgraded","damage_taken":0,"max_hp_gain":0,"max_hp_loss":0,"event_name":"Upgrade Shrine","floor":20,"gold_loss":0,"cards_upgraded":["LessonLearned"]}],"is_beta":true,"boss_relics":[{"not_picked":["Ectoplasm","Empty Cage"],"picked":"Busted Crown"}],"items_purged_floors":[12],"is_endless":false,"potions_floor_spawned":[1,7,11,19],"killed_by":"Slavers","ascension_level":1}