{"gold_per_floor":[117,127,127,140,150,180,192,192,192,38,53,67,67,82,82,187,187,201,216,216,242,261,261,261],"floor_reached":24,"playtime":941,"items_purged":[],"score":242,"play_id":"0b29133e-c507-4450-9ae1-c6e43174e787","local_time":"20190430132503","is_ascension_mode":true,"campfire_choices":[{"floor":8,"key":"REST"},{"floor":13,"key":"REST"},{"floor":15,"key":"REST"},{"floor":23,"key":"REST"}],"neow_cost":"NONE","seed_source_timestamp":19557121379977,"circlet_count":0,"master_deck":["Survivor","Neutralize","Cloak And Dagger","Dagger Spray","PiercingWail","Bane","Prepared","Dagger Throw","Infinite Blades","Choke","Dagger Throw","Dodge and Roll","Poisoned Stab","Tools of the Trade","Underhanded Strike","Grand Finale","Tools of the Trade","Acrobatics","Well Laid Plans","Blade Dance","Poisoned Stab","Cloak And Dagger","Noxious Fumes","Well Laid Plans","Cloak And Dagger","Necronomicurse"],"relics":["Ring of the Snake","NeowsBlessing","Lantern","Pen Nib","Pandora\u0027s Box","Necronomicon","Potion Belt"],"potions_floor_usage":[7,16,19],"damage_taken":[{"damage":0,"enemies":"Jaw Worm","floor":1,"turns":1},{"damage":0,"enemies":"Cultist","floor":2,"turns":1},{"damage":0,"enemies":"2 Louse","floor":4,"turns":1},{"damage":4,"enemies":"2 Fungi Beasts","floor":5,"turns":4},{"damage":60,"enemies":"Gremlin Nob","floor":6,"turns":6},{"damage":0,"enemies":"Looter","floor":7,"turns":3},{"damage":14,"enemies":"Gremlin Gang","floor":11,"turns":5},{"damage":0,"enemies":"3 Louse","floor":12,"turns":1},{"damage":1,"enemies":"Exordium Thugs","floor":14,"turns":3},{"damage":50,"enemies":"Hexaghost","floor":16,"turns":12},{"damage":21,"enemies":"2 Thieves","floor":18,"turns":4},{"damage":10,"enemies":"Spheric Guardian","floor":19,"turns":4},{"damage":22,"enemies":"Cultist and Chosen","floor":22,"turns":5},{"damage":31,"enemies":"Slavers","floor":24,"turns":3}],"seed_played":"-7585382613378016500","potions_obtained":[{"floor":6,"key":"Poison Potion"},{"floor":7,"key":"Ancient Potion"},{"floor":11,"key":"Strength Potion"},{"floor":12,"key":"EssenceOfSteel"},{"floor":16,"key":"Strength Potion"},{"floor":18,"key":"Regen Potion"}],"is_trial":false,"path_per_floor":["M","M","?","M","M","E","M","R","T","$","M","M","R","M","R","B",null,"M","M","?","T","M","R","E"],"character_chosen":"THE_SILENT","items_purchased":["Infinite Blades","Choke"],"campfire_rested":4,"item_purchase_floors":[10,10],"current_hp_per_floor":[70,70,70,70,66,6,6,27,27,27,13,13,34,33,54,4,70,49,44,28,28,6,27,0],"gold":261,"neow_bonus":"THREE_ENEMY_KILL","is_prod":false,"is_daily":false,"chose_seed":false,"campfire_upgraded":0,"win_rate":0,"timestamp":1556594703,"path_taken":["M","M","?","M","M","E","M","R","T","$","M","M","R","M","R","BOSS","M","M","?","?","M","R","E"],"build_version":"2019-01-23","purchased_purges":0,"victory":false,"max_hp_per_floor":[70,70,70,70,70,70,70,70,70,70,70,70,70,70,70,70,70,70,70,70,70,70,70,70],"card_choices":[{"not_picked":["Dodge and Roll","Catalyst"],"picked":"Cloak And Dagger","floor":1},{"not_picked":["Terror","Skewer"],"picked":"Dagger Spray","floor":2},{"not_picked":["Outmaneuver","Riddle With Holes"],"picked":"PiercingWail","floor":4},{"not_picked":["Concentrate","Doppelganger"],"picked":"Bane","floor":5},{"not_picked":["Slice","Outmaneuver"],"picked":"Prepared","floor":6},{"not_picked":["Venomology","Backflip"],"picked":"Dagger Throw","floor":7},{"not_picked":["Acrobatics","Concentrate"],"picked":"Dagger Throw","floor":11},{"not_picked":["Blade Dance","Choke"],"picked":"Dodge and Roll","floor":12},{"not_picked":["Skewer","Sucker Punch"],"picked":"Poisoned Stab","floor":14},{"not_picked":["Phantasmal Killer","Malaise"],"picked":"Tools of the Trade","floor":16},{"not_picked":["Choke","Underhanded Strike"],"picked":"Well Laid Plans","floor":18},{"not_picked":["Tactician","Dodge and Roll+1"],"picked":"Cloak And Dagger","floor":19},{"not_picked":["Endless Agony+1","Acrobatics","Terror"],"picked":"SKIP","floor":22}],"player_experience":522374,"relics_obtained":[{"floor":6,"key":"Lantern"},{"floor":9,"key":"Pen Nib"},{"floor":20,"key":"Necronomicon"},{"floor":21,"key":"Potion Belt"}],"event_choices":[{"cards_removed":["Strike_G"],"damage_healed":0,"gold_gain":0,"player_choice":"Offered Basic","damage_taken":0,"max_hp_gain":0,"max_hp_loss":0,"event_name":"Bonfire Elementals","floor":3,"gold_loss":0},{"damage_healed":0,"gold_gain":0,"player_choice":"Obtained Book","damage_taken":16,"max_hp_gain":0,"max_hp_loss":0,"event_name":"Cursed Tome","floor":20,"gold_loss":0}],"is_beta":false,"boss_relics":[{"not_picked":["Ectoplasm","White Beast Statue"],"picked":"Pandora\u0027s Box"}],"items_purged_floors":[],"is_endless":false,"potions_floor_spawned":[6,7,11,12,16,18],"killed_by":"Slavers","ascension_level":4}