{"gold_per_floor":[119,133,96,165,165,165,200,36,63,94,114,114,133,143,143,245,245,217,317,336,64,64,64,90,105,105,124,124,151,167,185,185,283,283,299,345,2,19,38,38,38,38,38,72,72,72,72],"floor_reached":47,"playtime":4156,"items_purged":["Strike_B"],"score":689,"play_id":"60e4ee93-9a99-4c5e-9d37-c63512d8293c","local_time":"20190316030350","is_ascension_mode":true,"campfire_choices":[{"data":"Zap","floor":6,"key":"SMITH"},{"data":"Apotheosis","floor":12,"key":"SMITH"},{"data":"Creative AI","floor":15,"key":"SMITH"},{"data":"1","floor":23,"key":"LIFT"},{"data":"Echo Form","floor":28,"key":"SMITH"},{"floor":32,"key":"REST"},{"floor":40,"key":"REST"},{"floor":46,"key":"REST"}],"neow_cost":"NONE","seed_source_timestamp":2695214780830500,"circlet_count":0,"master_deck":["Strike_B+1","Strike_B","Defend_B","Defend_B","Defend_B","Defend_B","Zap+1","Dualcast","Doom and Gloom+1","Coolheaded","Glacier","Reboot","Genetic Algorithm","Apotheosis+1","Compile Driver","Reinforced Body","Conserve Battery","Creative AI+1","Echo Form+1","Tempest","Self Repair","Amplify","Regret","Buffer","Double Energy","Hyperbeam","Normality"],"relics":["FrozenCore","NeowsBlessing","Blood Vial","Vajra","Whetstone","Cursed Key","Girya","Blue Candle","Runic Capacitor","Bag of Marbles","Mango","Sundial","Bird Faced Urn","TheAbacus","Dream Catcher","Pantograph","Question Card"],"potions_floor_usage":[16,16,24,29,36,41],"damage_taken":[{"damage":0,"enemies":"Cultist","floor":1,"turns":1},{"damage":0,"enemies":"2 Louse","floor":2,"turns":1},{"damage":0,"enemies":"3 Sentries","floor":7,"turns":1},{"damage":18,"enemies":"Gremlin Nob","floor":10,"turns":4},{"damage":0,"enemies":"Small Slimes","floor":11,"turns":2},{"damage":1,"enemies":"2 Fungi Beasts","floor":13,"turns":2},{"damage":5,"enemies":"Exordium Thugs","floor":14,"turns":4},{"damage":38,"enemies":"Slime Boss","floor":16,"turns":5},{"damage":19,"enemies":"2 Thieves","floor":18,"turns":5},{"damage":0,"enemies":"Colosseum Slavers","floor":19,"turns":6},{"damage":22,"enemies":"Colosseum Nobs","floor":19,"turns":4},{"damage":10,"enemies":"3 Byrds","floor":20,"turns":5},{"damage":36,"enemies":"Book of Stabbing","floor":24,"turns":7},{"damage":5,"enemies":"Centurion and Healer","floor":25,"turns":6},{"damage":26,"enemies":"Cultist and Chosen","floor":27,"turns":8},{"damage":28,"enemies":"Gremlin Leader","floor":29,"turns":7},{"damage":22,"enemies":"Snake Plant","floor":30,"turns":5},{"damage":3,"enemies":"Centurion and Healer","floor":31,"turns":9},{"damage":41,"enemies":"Automaton","floor":33,"turns":10},{"damage":4,"enemies":"3 Shapes","floor":35,"turns":7},{"damage":84,"enemies":"2 Orb Walkers","floor":36,"turns":6},{"damage":7,"enemies":"Orb Walker","floor":38,"turns":7},{"damage":16,"enemies":"Jaw Worm Horde","floor":39,"turns":6},{"damage":0,"enemies":"Writhing Mass","floor":41,"turns":1},{"damage":55,"enemies":"Nemesis","floor":44,"turns":12},{"damage":91,"enemies":"Reptomancer","floor":47,"turns":4}],"seed_played":"-581611304677500259","potions_obtained":[{"floor":1,"key":"AttackPotion"},{"floor":2,"key":"FearPotion"},{"floor":7,"key":"SmokeBomb"},{"floor":18,"key":"Dexterity Potion"},{"floor":24,"key":"SpeedPotion"},{"floor":25,"key":"Dexterity Potion"},{"floor":33,"key":"Ancient Potion"},{"floor":35,"key":"Block Potion"},{"floor":36,"key":"GamblersBrew"},{"floor":44,"key":"FearPotion"}],"is_trial":false,"path_per_floor":["M","M","$","?","?","R","E","$","T","E","M","R","M","M","R","B",null,"M","?","M","$","?","R","E","M","T","M","R","E","M","M","R","B",null,"M","?","$","M","M","R","M","T","T","E","$","R","E"],"character_chosen":"DEFECT","items_purchased":["Glacier","Apotheosis","Runic Capacitor","TheAbacus","Dream Catcher"],"campfire_rested":3,"item_purchase_floors":[3,8,21,37,37],"current_hp_per_floor":[68,68,68,68,68,68,68,68,68,52,54,54,55,52,52,16,60,43,25,27,27,52,52,32,59,73,69,69,63,57,66,89,55,81,89,12,12,22,34,60,62,62,62,59,59,85,0],"gold":72,"neow_bonus":"THREE_ENEMY_KILL","is_prod":false,"is_daily":false,"chose_seed":false,"campfire_upgraded":4,"win_rate":0,"timestamp":1552730630,"path_taken":["M","?","$","?","?","R","E","$","T","E","M","R","M","M","R","BOSS","M","?","M","$","?","R","E","M","T","M","R","E","M","M","R","BOSS","M","?","$","M","M","R","M","?","T","E","$","R","E"],"build_version":"2019-01-23","purchased_purges":1,"victory":false,"max_hp_per_floor":[75,75,75,75,75,75,75,75,75,75,75,75,75,75,75,75,75,75,75,75,75,75,75,75,75,89,89,89,89,89,89,89,89,89,89,89,89,89,89,89,89,89,89,89,89,89,89],"card_choices":[{"not_picked":["Lockon","Conserve Battery"],"picked":"Doom and Gloom","floor":1},{"not_picked":["Beam Cell","Streamline"],"picked":"Coolheaded","floor":2},{"not_picked":["Conserve Battery","Steam Power"],"picked":"Genetic Algorithm","floor":7},{"not_picked":["Stack","Rebound"],"picked":"Compile Driver","floor":10},{"not_picked":["Hologram","Sweeping Beam"],"picked":"Reinforced Body","floor":11},{"not_picked":["Steam","Compile Driver"],"picked":"Conserve Battery","floor":13},{"not_picked":["Reprogram","Ball Lightning"],"picked":"Creative AI","floor":14},{"not_picked":["All For One","Creative AI"],"picked":"Echo Form","floor":16},{"not_picked":["Sweeping Beam","Sunder"],"picked":"Tempest","floor":18},{"not_picked":["Sweeping Beam+1","Beam Cell"],"picked":"Self Repair","floor":19},{"not_picked":["Cold Snap","Chaos","Genetic Algorithm"],"picked":"SKIP","floor":20},{"not_picked":["Doom and Gloom+1","Sunder"],"picked":"Amplify","floor":24},{"not_picked":["Force Field","Compile Driver+1","Glacier"],"picked":"SKIP","floor":25},{"not_picked":["Compile Driver","Stack"],"picked":"Buffer","floor":27},{"not_picked":["Go for the Eyes+1","Defragment"],"picked":"Double Energy","floor":29},{"not_picked":["Loop","Hologram","FTL"],"picked":"SKIP","floor":30},{"not_picked":["Cold Snap","Reinforced Body","Gash"],"picked":"SKIP","floor":31},{"not_picked":["Echo Form","Biased Cognition"],"picked":"Hyperbeam","floor":33},{"not_picked":["Static Discharge","Streamline","Loop+1"],"picked":"SKIP","floor":35},{"not_picked":["Tempest+1","Stack","Hello World+1"],"picked":"SKIP","floor":38},{"not_picked":["Recycle+1","Streamline","Storm"],"picked":"SKIP","floor":39},{"not_picked":["Electrodynamics","Sweeping Beam","Scrape+1"],"picked":"SKIP","floor":44}],"player_experience":365199,"relics_obtained":[{"floor":7,"key":"Blood Vial"},{"floor":9,"key":"Vajra"},{"floor":10,"key":"Whetstone"},{"floor":19,"key":"Girya"},{"floor":19,"key":"Blue Candle"},{"floor":24,"key":"Bag of Marbles"},{"floor":26,"key":"Mango"},{"floor":29,"key":"Sundial"},{"floor":36,"key":"Bird Faced Urn"},{"floor":43,"key":"Pantograph"},{"floor":44,"key":"Question Card"}],"event_choices":[{"damage_healed":0,"gold_gain":69,"player_choice":"Gained Gold","damage_taken":0,"max_hp_gain":0,"max_hp_loss":0,"event_name":"Golden Wing","floor":4,"gold_loss":0},{"damage_healed":0,"gold_gain":0,"cards_transformed":["Strike_B"],"player_choice":"Change","damage_taken":0,"max_hp_gain":0,"max_hp_loss":0,"event_name":"Living Wall","floor":5,"gold_loss":0,"cards_obtained":["Reboot"]},{"damage_healed":0,"gold_gain":0,"player_choice":"Fight","damage_taken":0,"max_hp_gain":0,"max_hp_loss":0,"event_name":"Colosseum","floor":19,"gold_loss":0},{"damage_healed":0,"gold_gain":0,"player_choice":"Fought Nobs","damage_taken":0,"max_hp_gain":0,"max_hp_loss":0,"event_name":"Colosseum","floor":19,"gold_loss":0},{"damage_healed":25,"gold_gain":0,"player_choice":"Heal","damage_taken":0,"max_hp_gain":0,"max_hp_loss":0,"event_name":"The Library","floor":22,"gold_loss":0},{"damage_healed":0,"gold_gain":0,"player_choice":"Fight","damage_taken":0,"max_hp_gain":0,"max_hp_loss":0,"event_name":"Mysterious Sphere","floor":36,"gold_loss":0}],"is_beta":false,"boss_relics":[{"not_picked":["Pandora\u0027s Box","Runic Dome"],"picked":"Cursed Key"},{"not_picked":["Astrolabe","Philosopher\u0027s Stone"],"picked":"FrozenCore"}],"items_purged_floors":[21],"is_endless":false,"potions_floor_spawned":[1,2,7,13,18,24,25,33,35,36,39,44],"killed_by":"Reptomancer","ascension_level":6}