{"gold_per_floor":[113,113,113,133,144,177,177,177,177,190,190,190,200,210,210,311,311,331,246,246,261,40,65,76,76,76,86,86,105,134,145,145,247,247,261,261,18,30,48,48,65,80,132,132,132,151,7,21,21,21],"floor_reached":50,"playtime":4561,"items_purged":[],"score":513,"play_id":"cc521158-7d0c-4b55-8ab9-fa6c337db5a4","local_time":"20190709205559","is_ascension_mode":false,"campfire_choices":[{"floor":7,"key":"REST"},{"data":"Neutralize","floor":11,"key":"SMITH"},{"data":"Sucker Punch","floor":15,"key":"SMITH"},{"data":"Finisher","floor":25,"key":"SMITH"},{"data":"Dodge and Roll","floor":28,"key":"SMITH"},{"floor":32,"key":"REST"},{"data":"Heel Hook","floor":40,"key":"SMITH"},{"floor":49,"key":"REST"}],"neow_cost":"NONE","seed_source_timestamp":29411905865203,"circlet_count":0,"master_deck":["Strike_G+1","Strike_G+1","Strike_G+1","Strike_G+1","Strike_G+1","Defend_G+1","Defend_G+1","Defend_G+1","Defend_G+1","Survivor","Neutralize+1","Heel Hook+1","Flying Knee+1","Escape Plan","Deflect","Dagger Throw+1","Sucker Punch+1","Caltrops","Adrenaline","Dagger Throw","Caltrops","Dagger Spray","Dodge and Roll+1","Terror","Finisher+1","Deflect","Backstab","Infinite Blades+1","Heel Hook+1","Deflect+1","Dagger Spray+1","Sucker Punch+1","Blur+1","Dagger Throw+1","Dash+1"],"relics":["Eternal Feather","Omamori","Ninja Scroll","Sozu","Darkstone Periapt","Whetstone","Meat on the Bone","Bottled Flame","Snake Skull","Cursed Key","Shuriken","Blood Vial","Orichalcum"],"potions_floor_usage":[13,16],"damage_taken":[{"damage":2,"enemies":"Small Slimes","floor":1,"turns":4},{"damage":5,"enemies":"2 Louse","floor":4,"turns":3},{"damage":0,"enemies":"Jaw Worm","floor":5,"turns":3},{"damage":34,"enemies":"Gremlin Nob","floor":6,"turns":6},{"damage":0,"enemies":"Red Slaver","floor":10,"turns":3},{"damage":0,"enemies":"Gremlin Gang","floor":13,"turns":1},{"damage":1,"enemies":"Blue Slaver","floor":14,"turns":3},{"damage":33,"enemies":"The Guardian","floor":16,"turns":14},{"damage":7,"enemies":"Shell Parasite","floor":18,"turns":5},{"damage":5,"enemies":"3 Byrds","floor":21,"turns":4},{"damage":28,"enemies":"Slavers","floor":23,"turns":5},{"damage":1,"enemies":"3 Cultists","floor":24,"turns":5},{"damage":0,"enemies":"Chosen and Byrds","floor":27,"turns":4},{"damage":7,"enemies":"Snake Plant","floor":29,"turns":3},{"damage":15,"enemies":"Book of Stabbing","floor":30,"turns":4},{"damage":4,"enemies":"Snecko","floor":31,"turns":5},{"damage":41,"enemies":"Champ","floor":33,"turns":10},{"damage":0,"enemies":"Orb Walker","floor":35,"turns":3},{"damage":8,"enemies":"3 Shapes","floor":38,"turns":5},{"damage":0,"enemies":"Transient","floor":39,"turns":5},{"damage":6,"enemies":"Maw","floor":41,"turns":6},{"damage":11,"enemies":"Sphere and 2 Shapes","floor":42,"turns":5},{"damage":4,"enemies":"Transient","floor":46,"turns":5},{"damage":27,"enemies":"Jaw Worm Horde","floor":48,"turns":4},{"damage":77,"enemies":"Time Eater","floor":50,"turns":9}],"seed_played":"6800326193439813721","potions_obtained":[{"floor":1,"key":"GamblersBrew"},{"floor":10,"key":"Explosive Potion"}],"is_trial":false,"path_per_floor":["M","?","?","M","M","E","R","?","T","M","R","?","M","M","R","B",null,"M","?","?","M","$","E","M","R","T","M","R","M","E","M","R","B",null,"M","?","$","M","M","R","M","M","T","?","$","M","$","M","R","B"],"character_chosen":"THE_SILENT","items_purchased":["Dagger Spray","Whetstone","Dodge and Roll","Shuriken","Orichalcum"],"campfire_rested":3,"item_purchase_floors":[22,22,22,37,47],"current_hp_per_floor":[68,68,61,56,56,22,52,52,52,52,61,66,66,65,74,41,75,68,68,68,63,63,35,46,61,61,61,75,68,53,49,75,46,75,75,75,75,67,67,75,69,58,58,58,58,56,56,43,75,0],"gold":21,"neow_bonus":"BOSS_RELIC","is_prod":false,"is_daily":false,"chose_seed":false,"campfire_upgraded":5,"win_rate":0.0,"timestamp":1562702159,"path_taken":["M","?","?","M","M","E","R","?","T","M","R","?","M","M","R","BOSS","M","?","?","M","$","E","M","R","T","M","R","M","E","M","R","BOSS","M","?","?","M","?","R","M","?","T","?","$","M","?","M","R","BOSS"],"build_version":"2019-07-05","purchased_purges":0,"victory":false,"max_hp_per_floor":[70,70,70,70,70,70,70,70,70,70,70,75,75,75,75,75,75,75,75,75,75,75,75,75,75,75,75,75,75,75,75,75,75,75,75,75,75,75,75,75,75,75,75,75,75,75,75,75,75,75],"card_choices":[{"not_picked":["Riddle With Holes","Slice"],"picked":"Heel Hook","floor":1},{"not_picked":["Slice","Blade Dance"],"picked":"Flying Knee","floor":4},{"not_picked":["Heel Hook","Flying Knee"],"picked":"Escape Plan","floor":5},{"not_picked":["Bullet Time","Footwork"],"picked":"Deflect","floor":6},{"not_picked":["Acrobatics","Endless Agony"],"picked":"Dagger Throw","floor":10},{"not_picked":["Deadly Poison","Deflect"],"picked":"Sucker Punch","floor":13},{"not_picked":["Expertise","Dodge and Roll"],"picked":"Caltrops","floor":14},{"not_picked":["Phantasmal Killer","Night Terror"],"picked":"Adrenaline","floor":16},{"not_picked":["Blade Dance","Skewer"],"picked":"Dagger Throw","floor":18},{"not_picked":["Slice","Blade Dance"],"picked":"Caltrops","floor":21},{"not_picked":["Blade Dance+1","Wraith Form v2"],"picked":"Terror","floor":23},{"not_picked":["Blur","Backflip"],"picked":"Finisher","floor":24},{"not_picked":["Outmaneuver+1","Reflex+1"],"picked":"Deflect","floor":27},{"not_picked":["Acrobatics+1","Noxious Fumes"],"picked":"Backstab","floor":29},{"not_picked":["Prepared","Malaise"],"picked":"Infinite Blades+1","floor":30},{"not_picked":["Outmaneuver","PiercingWail"],"picked":"Heel Hook+1","floor":31},{"not_picked":["Predator","Terror+1","Choke+1"],"picked":"SKIP","floor":35},{"not_picked":["Underhanded Strike","Poisoned Stab"],"picked":"Deflect+1","floor":38},{"not_picked":["Quick Slash","Slice+1"],"picked":"Dagger Spray+1","floor":39},{"not_picked":["Dodge and Roll","Tools of the Trade"],"picked":"Sucker Punch+1","floor":41},{"not_picked":["Dagger Spray+1","Underhanded Strike"],"picked":"Blur+1","floor":42},{"not_picked":["Dodge and Roll","Deadly Poison+1"],"picked":"Dagger Throw+1","floor":46},{"not_picked":["Underhanded Strike","Dodge and Roll"],"picked":"Dash+1","floor":48}],"player_experience":18755,"relics_obtained":[{"floor":6,"key":"Omamori"},{"floor":9,"key":"Ninja Scroll"},{"floor":23,"key":"Meat on the Bone"},{"floor":26,"key":"Bottled Flame"},{"floor":30,"key":"Snake Skull"},{"floor":43,"key":"Blood Vial"}],"event_choices":[{"damage_healed":0,"gold_gain":0,"player_choice":"Ignored","damage_taken":0,"max_hp_gain":0,"max_hp_loss":0,"event_name":"Liars Game","floor":2,"gold_loss":0},{"cards_removed":["Defend_G"],"damage_healed":0,"gold_gain":0,"player_choice":"Card Removal","damage_taken":7,"max_hp_gain":0,"max_hp_loss":0,"event_name":"Golden Wing","floor":3,"gold_loss":0},{"damage_healed":0,"gold_gain":0,"player_choice":"Leave","damage_taken":0,"max_hp_gain":0,"max_hp_loss":0,"event_name":"The Cleric","floor":8,"gold_loss":0},{"damage_healed":0,"gold_gain":0,"player_choice":"Donut","damage_taken":0,"max_hp_gain":5,"max_hp_loss":0,"event_name":"Big Fish","floor":12,"gold_loss":0},{"damage_healed":0,"gold_gain":0,"player_choice":"Obtained Relic","damage_taken":0,"relics_obtained":["Darkstone Periapt"],"max_hp_gain":0,"max_hp_loss":0,"event_name":"Addict","floor":19,"gold_loss":85},{"damage_healed":0,"gold_gain":0,"player_choice":"Simplicity","damage_taken":0,"max_hp_gain":0,"max_hp_loss":0,"event_name":"Back to Basics","floor":20,"gold_loss":0,"cards_upgraded":["Strike_G","Strike_G","Strike_G","Strike_G","Strike_G","Defend_G","Defend_G","Defend_G","Defend_G"]},{"damage_healed":0,"gold_gain":0,"player_choice":"Memory 1","damage_taken":0,"max_hp_gain":0,"max_hp_loss":0,"event_name":"SensoryStone","floor":36,"gold_loss":0},{"cards_removed":["Iron Wave"],"damage_healed":0,"gold_gain":0,"player_choice":"Took Card","damage_taken":0,"max_hp_gain":0,"max_hp_loss":0,"event_name":"NoteForYourself","floor":44,"gold_loss":0,"cards_obtained":["Iron Wave"]}],"is_beta":false,"boss_relics":[{"not_picked":["Runic Pyramid","Runic Dome"],"picked":"Sozu"},{"not_picked":["Philosopher\u0027s Stone","HoveringKite"],"picked":"Cursed Key"}],"items_purged_floors":[],"is_endless":false,"potions_floor_spawned":[1,10,21,24,27,30,33,35,41,46,48],"killed_by":"Time Eater","ascension_level":0}