{"gold_per_floor":[116,116,116,127,302,302,329,329,398,413,439,451,475,487,499,511],"floor_reached":16,"playtime":572,"items_purged":[],"score":206,"play_id":"ef3129ba-d6a7-4c0d-a665-331df3faf528","local_time":"20181118002625","is_ascension_mode":true,"campfire_choices":[{"data":"Heel Hook","floor":6,"key":"SMITH"},{"data":"Dodge and Roll","floor":8,"key":"SMITH"},{"floor":12,"key":"REST"},{"floor":15,"key":"REST"}],"neow_cost":"NONE","seed_source_timestamp":369553644840079,"circlet_count":0,"master_deck":["AscendersBane","Defend_G+1","Defend_G","Defend_G","Defend_G","Defend_G","Strike_G","Strike_G+1","Strike_G","Strike_G","Survivor","Neutralize","Heel Hook+1","Setup","Expertise","Doubt","Dodge and Roll+1","Poisoned Stab","Deadly Poison","Concentrate"],"relics":["Ring of the Snake","NeowsBlessing","Mercury Hourglass","Ornamental Fan","MawBank","Molten Egg 2"],"potions_floor_usage":[10,11],"damage_taken":[{"damage":0,"enemies":"2 Louse","floor":1,"turns":1},{"damage":0,"enemies":"Small Slimes","floor":4,"turns":1},{"damage":0,"enemies":"Lagavulin","floor":7,"turns":1},{"damage":0,"enemies":"Cultist","floor":10,"turns":4},{"damage":46,"enemies":"Gremlin Nob","floor":11,"turns":6},{"damage":8,"enemies":"Blue Slaver","floor":13,"turns":4},{"damage":55,"enemies":"Hexaghost","floor":16,"turns":14}],"seed_played":"-2470124377131400356","potions_obtained":[{"floor":1,"key":"EssenceOfSteel"},{"floor":4,"key":"SpeedPotion"},{"floor":7,"key":"Regen Potion"},{"floor":13,"key":"Energy Potion"}],"is_trial":false,"path_per_floor":["M","?","?","M","?","R","E","R","T","M","E","R","M","T","R","B"],"character_chosen":"THE_SILENT","items_purchased":[],"campfire_rested":2,"item_purchase_floors":[],"current_hp_per_floor":[63,49,49,49,49,49,49,49,49,61,15,36,28,28,49,0],"gold":511,"neow_bonus":"THREE_ENEMY_KILL","is_prod":false,"is_daily":false,"chose_seed":false,"campfire_upgraded":2,"win_rate":0,"timestamp":1542518785,"path_taken":["M","?","?","?","?","R","E","R","T","M","E","R","M","?","R","BOSS"],"build_version":"2018-11-15","purchased_purges":0,"victory":false,"max_hp_per_floor":[70,70,70,70,70,70,70,70,70,70,70,70,70,70,70,70],"card_choices":[{"not_picked":["Backstab","Flying Knee"],"picked":"Heel Hook","floor":1},{"not_picked":["Blade Dance","Setup"],"picked":"Expertise","floor":4},{"not_picked":["Backflip","Blade Dance"],"picked":"Dodge and Roll","floor":7},{"not_picked":["Reflex","Bane"],"picked":"Poisoned Stab","floor":10},{"not_picked":["Poisoned Stab","Caltrops"],"picked":"Deadly Poison","floor":11},{"not_picked":["Prepared","Poisoned Stab"],"picked":"Concentrate","floor":13}],"player_experience":691385,"relics_obtained":[{"floor":7,"key":"Mercury Hourglass"},{"floor":9,"key":"Ornamental Fan"},{"floor":11,"key":"MawBank"},{"floor":14,"key":"Molten Egg 2"}],"event_choices":[{"damage_healed":0,"gold_gain":0,"player_choice":"Entered Light","damage_taken":14,"max_hp_gain":0,"max_hp_loss":0,"event_name":"Shining Light","floor":2,"gold_loss":0,"cards_upgraded":["Strike_G","Defend_G"]},{"damage_healed":0,"gold_gain":0,"cards_transformed":["Strike_G"],"player_choice":"Transformed","damage_taken":0,"max_hp_gain":0,"max_hp_loss":0,"event_name":"Transmorgrifier","floor":3,"gold_loss":0,"cards_obtained":["Setup"]},{"damage_healed":0,"gold_gain":175,"player_choice":"AGREE","damage_taken":0,"max_hp_gain":0,"max_hp_loss":0,"event_name":"Liars Game","floor":5,"gold_loss":0,"cards_obtained":["Doubt"]}],"is_beta":false,"boss_relics":[],"items_purged_floors":[],"is_endless":false,"potions_floor_spawned":[1,4,7,13],"killed_by":"Hexaghost","ascension_level":11}