{"gold_per_floor":[116,128,128,145,156,181,196,196,196,208,240,240],"floor_reached":12,"playtime":517,"items_purged":[],"score":179,"play_id":"5c75e65a-5bdc-4629-9fd1-3b7b4fd49276","local_time":"20190728190107","is_ascension_mode":true,"campfire_choices":[{"data":"Loop","floor":8,"key":"SMITH"}],"neow_cost":"NONE","seed_source_timestamp":99352854558480,"circlet_count":0,"master_deck":["AscendersBane","Strike_B","Strike_B","Strike_B","Strike_B","Defend_B","Defend_B","Defend_B","Defend_B","Zap","Dualcast","Loop+1","Glacier","Compile Driver","Ball Lightning","Streamline","Cold Snap","Steam","Buffer"],"relics":["Cracked Core","PreservedInsect","Kunai","Mummified Hand","Du-Vu Doll","Nunchaku"],"potions_floor_usage":[11,12,12],"damage_taken":[{"damage":1,"enemies":"Cultist","floor":1,"turns":3},{"damage":8,"enemies":"2 Louse","floor":2,"turns":3},{"damage":0,"enemies":"Small Slimes","floor":4,"turns":3},{"damage":0,"enemies":"Looter","floor":5,"turns":4},{"damage":7,"enemies":"3 Sentries","floor":6,"turns":7},{"damage":0,"enemies":"Exordium Wildlife","floor":7,"turns":2},{"damage":2,"enemies":"Blue Slaver","floor":10,"turns":4},{"damage":10,"enemies":"Lagavulin","floor":11,"turns":4},{"damage":25,"enemies":"Exordium Thugs","floor":12,"turns":3}],"seed_played":"6423075342982946229","potions_obtained":[{"floor":6,"key":"FocusPotion"},{"floor":10,"key":"Fire Potion"},{"floor":11,"key":"Ancient Potion"}],"is_trial":false,"path_per_floor":["M","M","?","M","M","E","M","R","T","M","E","M"],"character_chosen":"DEFECT","items_purchased":[],"campfire_rested":0,"item_purchase_floors":[],"current_hp_per_floor":[63,55,44,44,44,37,37,37,37,35,25,0],"gold":240,"neow_bonus":"RANDOM_COMMON_RELIC","is_prod":false,"is_daily":false,"chose_seed":false,"campfire_upgraded":1,"win_rate":0,"timestamp":1564354867,"path_taken":["M","M","?","M","M","E","M","R","T","M","E","M"],"build_version":"2019-07-17","purchased_purges":0,"victory":false,"max_hp_per_floor":[71,71,71,71,71,71,71,71,71,71,71,71],"card_choices":[{"not_picked":["Rebound","Redo"],"picked":"Loop","floor":1},{"not_picked":["Redo","Compile Driver"],"picked":"Glacier","floor":2},{"not_picked":["Leap","Sunder"],"picked":"Compile Driver","floor":4},{"not_picked":["Fusion","Rebound"],"picked":"Ball Lightning","floor":5},{"not_picked":["Redo","Hello World"],"picked":"Streamline","floor":6},{"not_picked":["Leap","Skim"],"picked":"Cold Snap","floor":7},{"not_picked":["Chaos","Sweeping Beam"],"picked":"Steam","floor":10},{"not_picked":["Turbo","Sweeping Beam"],"picked":"Buffer","floor":11}],"player_experience":1643006,"relics_obtained":[{"floor":6,"key":"Mummified Hand"},{"floor":9,"key":"Du-Vu Doll"},{"floor":11,"key":"Nunchaku"}],"event_choices":[{"damage_healed":0,"gold_gain":0,"player_choice":"Success","damage_taken":11,"relics_obtained":["Kunai"],"max_hp_gain":0,"max_hp_loss":0,"event_name":"Scrap Ooze","floor":3,"gold_loss":0}],"is_beta":false,"boss_relics":[],"items_purged_floors":[],"is_endless":false,"potions_floor_spawned":[6,10,11],"killed_by":"Exordium Thugs","ascension_level":19}