{"path_per_floor":["M","?","?","?","M","R","M","?","T","$","?","M","M","M","R"],"character_chosen":"IRONCLAD","items_purchased":["Carnage","Toolbox"],"gold_per_floor":[115,115,115,290,307,307,318,393,443,117,142,162,176,186,186],"floor_reached":16,"campfire_rested":1,"playtime":702,"current_hp_per_floor":[80,73,57,57,57,80,80,69,69,69,51,57,58,59,59],"items_purged":[],"gold":186,"score":97,"play_id":"50b7fee4-7cd9-40d1-95c3-149f1926aef8","local_time":"20180321173440","is_prod":false,"is_daily":false,"is_ascension_mode":true,"campfire_upgraded":1,"timestamp":1521668080,"path_taken":["M","?","?","?","?","R","M","?","T","$","?","M","M","M","R","BOSS"],"build_version":"2018-03-15v3","purchased_purges":1,"victory":false,"master_deck":["Strike_R+1","Strike_R","Strike_R","Strike_R","Strike_R","Defend_R","Defend_R+1","Defend_R+1","Bash","Warcry+1","Doubt","Havoc","Reaper","Carnage","Inflame+1","Flex","Burning Pact","Warcry"],"max_hp_per_floor":[80,80,80,80,80,80,80,80,80,80,80,80,80,80,80],"relics":["Burning Blood","War Paint","Bronze Scales","Toolbox","Odd Mushroom"],"card_choices":[{"not_picked":["Cleave","Reckless Charge"],"picked":"Warcry"},{"not_picked":["Thunderclap","Headbutt"],"picked":"Havoc"},{"not_picked":["Second Wind","Pummel"],"picked":"Reaper"},{"not_picked":["Havoc","Power Through"],"picked":"Inflame"},{"not_picked":["Clash","Pommel Strike"],"picked":"Flex"},{"not_picked":["Combust","Intimidate"],"picked":"Burning Pact"},{"not_picked":["Flex","Combust"],"picked":"Warcry"}],"player_experience":66838,"potions_floor_usage":[16,16,16],"damage_taken":[{"damage":4,"enemies":"2 Louse","floor":1,"turns":3},{"damage":6,"enemies":"Jaw Worm","floor":5,"turns":3},{"damage":0,"enemies":"Small Slimes","floor":7,"turns":4},{"damage":24,"enemies":"The Mushroom Lair","floor":11,"turns":5},{"damage":4,"enemies":"Blue Slaver","floor":12,"turns":3},{"damage":8,"enemies":"Gremlin Gang","floor":13,"turns":4},{"damage":23,"enemies":"Lots of Slimes","floor":14,"turns":3},{"damage":69,"enemies":"Hexaghost","floor":16,"turns":9}],"event_choices":[{"event_name":"Golden Wing","player_choice":"Card Removal","floor":2,"damage_taken":0},{"event_name":"Shining Light","player_choice":"Entered Light","floor":3,"damage_taken":0},{"event_name":"Liars Game","player_choice":"agreed","floor":4,"damage_taken":0},{"event_name":"World of Goop","player_choice":"Gather Gold","floor":8,"damage_taken":0},{"event_name":"Mushrooms","player_choice":"Fought Mushrooms","floor":11,"damage_taken":0}],"boss_relics":[],"potions_floor_spawned":[5,7,13],"seed_played":"-7143859995250800479","killed_by":"Hexaghost","ascension_level":1,"is_trial":false}