{"gold_per_floor":[117,131,147,160,179,179,197,197,245,245],"floor_reached":10,"playtime":543,"items_purged":[],"score":62,"play_id":"f53fbfef-03d4-44cb-99a0-5b3f01f312f1","local_time":"20190530031128","is_ascension_mode":false,"campfire_choices":[{"data":"Skewer","floor":6.0,"key":"SMITH"}],"neow_cost":"NONE","seed_source_timestamp":888678055329516,"circlet_count":0,"master_deck":["Defend_G","Defend_G","Defend_G","Defend_G","Defend_G","Strike_G","Strike_G","Strike_G","Strike_G","Strike_G","Survivor","Neutralize","Dagger Throw","Underhanded Strike","Skewer+1","Dagger Spray","Predator","Injury"],"special_seed":0,"relics":["Eternal Feather","Golden Idol"],"potions_floor_usage":[],"damage_taken":[{"damage":0.0,"enemies":"Cultist","floor":1.0,"turns":4.0},{"damage":5.0,"enemies":"Jaw Worm","floor":2.0,"turns":3.0},{"damage":2.0,"enemies":"Small Slimes","floor":3.0,"turns":4.0},{"damage":14.0,"enemies":"Exordium Wildlife","floor":4.0,"turns":6.0},{"damage":8.0,"enemies":"Lots of Slimes","floor":5.0,"turns":2.0},{"damage":0.0,"enemies":"Large Slime","floor":7.0,"turns":4.0},{"damage":0,"enemies":"Exordium Thugs","floor":10,"turns":1}],"seed_played":"6373482979816077599","potions_obtained":[{"floor":2.0,"key":"FearPotion"},{"floor":5.0,"key":"Swift Potion"}],"is_trial":false,"path_per_floor":["M","M","M","M","M","R","M","?","T","M"],"character_chosen":"THE_SILENT","items_purchased":[],"campfire_rested":0,"item_purchase_floors":[],"current_hp_per_floor":[70,65,63,49,41,50,50,50,50,50],"gold":245,"neow_bonus":"BOSS_RELIC","is_prod":false,"is_daily":false,"chose_seed":false,"campfire_upgraded":1,"win_rate":0,"timestamp":1559200288,"path_taken":["M","M","?","M","M","R","M","?","T","M"],"build_version":"2019-01-23","purchased_purges":0,"victory":false,"max_hp_per_floor":[70,70,70,70,70,70,70,70,70,70],"card_choices":[{"not_picked":["Outmaneuver","Finisher"],"picked":"Dagger Throw","floor":1.0},{"not_picked":["Calculated Gamble","Slice"],"picked":"Underhanded Strike","floor":2.0},{"not_picked":["Dagger Throw","Crippling Poison"],"picked":"Skewer","floor":3.0},{"not_picked":["Poisoned Stab","Expertise"],"picked":"Dagger Spray","floor":4.0},{"not_picked":["Bouncing Flask","Outmaneuver"],"picked":"Predator","floor":5.0},{"not_picked":["Acrobatics","Deadly Poison","Expertise"],"picked":"SKIP","floor":7.0}],"player_experience":1567695,"relics_obtained":[],"event_choices":[{"damage_healed":0.0,"max_hp_gain":0.0,"max_hp_loss":0.0,"gold_gain":0.0,"event_name":"Golden Idol","player_choice":"Take Wound","floor":8.0,"gold_loss":0.0,"damage_taken":0.0,"relics_obtained":["Golden Idol"],"cards_obtained":["Injury"]}],"is_beta":false,"boss_relics":[],"items_purged_floors":[],"is_endless":false,"potions_floor_spawned":[2,5],"killed_by":"Exordium Thugs","ascension_level":0}