{"gold_per_floor":[115,128,139,64,64,98,98,109,132,147,147,160,171,186,186,260,260,272,272,45,57,68,68,100,100,172,86,86],"floor_reached":28,"playtime":1558,"items_purged":[],"score":484,"play_id":"57b7d0df-04ce-48d8-9312-9e6b9595d89d","local_time":"20181230002845","is_ascension_mode":true,"campfire_choices":[{"data":"Terror","floor":7,"key":"SMITH"},{"data":"Poisoned Stab","floor":11,"key":"SMITH"},{"data":"Blade Dance","floor":15,"key":"SMITH"},{"data":"Venomology","floor":23,"key":"SMITH"}],"neow_cost":"NONE","seed_source_timestamp":773675360487846,"circlet_count":0,"master_deck":["AscendersBane","Defend_G+1","Defend_G+1","Defend_G+1","Defend_G+1","Defend_G+1","Strike_G+1","Strike_G+1","Strike_G+1","Survivor","Neutralize+1","Poisoned Stab+1","Terror+1","Quick Slash","Dodge and Roll","Venomology+1","Blade Dance+1","Glass Knife","Predator","Footwork","Leg Sweep"],"relics":["Ring of the Serpent","Pen Nib","Lantern","Lee\u0027s Waffle","Orichalcum","Bottled Tornado"],"potions_floor_usage":[6,6,14,16,18,24,24,28,28],"damage_taken":[{"damage":0,"enemies":"Cultist","floor":1,"turns":4},{"damage":2,"enemies":"Small Slimes","floor":2,"turns":3},{"damage":2,"enemies":"2 Louse","floor":3,"turns":3},{"damage":15,"enemies":"Lagavulin","floor":6,"turns":5},{"damage":2,"enemies":"Blue Slaver","floor":8,"turns":3},{"damage":0,"enemies":"Looter","floor":10,"turns":2},{"damage":0,"enemies":"Red Slaver","floor":12,"turns":2},{"damage":5,"enemies":"Exordium Wildlife","floor":13,"turns":4},{"damage":15,"enemies":"Exordium Thugs","floor":14,"turns":5},{"damage":25,"enemies":"Slime Boss","floor":16,"turns":8},{"damage":21,"enemies":"2 Thieves","floor":18,"turns":4},{"damage":9,"enemies":"Shell Parasite","floor":21,"turns":4},{"damage":0,"enemies":"Snecko","floor":22,"turns":4},{"damage":23,"enemies":"Slavers","floor":24,"turns":6},{"damage":21,"enemies":"Book of Stabbing","floor":28,"turns":4}],"seed_played":"-7847124890195817910","potions_obtained":[{"floor":1,"key":"LiquidBronze"},{"floor":2,"key":"SkillPotion"},{"floor":3,"key":"SteroidPotion"},{"floor":21,"key":"Block Potion"},{"floor":22,"key":"Explosive Potion"}],"is_trial":false,"path_per_floor":["M","M","M","?","?","E","R","M","T","M","R","M","M","M","R","B",null,"M","?","$","M","M","R","E","?","T","$","E"],"character_chosen":"THE_SILENT","items_purchased":["Lee\u0027s Waffle","Leg Sweep"],"campfire_rested":0,"item_purchase_floors":[20,27],"current_hp_per_floor":[59,57,55,55,55,40,40,38,38,38,38,38,33,18,18,6,51,30,30,73,64,64,64,41,20,20,20,0],"gold":86,"neow_bonus":"UPGRADE_CARD","is_prod":false,"is_daily":false,"chose_seed":false,"campfire_upgraded":4,"win_rate":0,"timestamp":1546147725,"path_taken":["M","M","M","?","?","E","R","M","T","M","R","M","?","M","R","BOSS","M","?","$","M","M","R","E","?","T","$","E"],"build_version":"2018-12-20","purchased_purges":0,"victory":false,"max_hp_per_floor":[66,66,66,66,66,66,66,66,66,66,66,66,66,66,66,66,66,66,66,73,73,73,73,73,78,78,78,78],"card_choices":[{"not_picked":["Concentrate","Flying Knee"],"picked":"Poisoned Stab","floor":1},{"not_picked":["Bouncing Flask","Bane"],"picked":"Terror","floor":2},{"not_picked":["Dodge and Roll","Deflect"],"picked":"Quick Slash","floor":3},{"not_picked":["Tactician","Deadly Poison","Escape Plan"],"picked":"SKIP","floor":6},{"not_picked":["Choke","Deflect","Underhanded Strike"],"picked":"SKIP","floor":8},{"not_picked":["Deflect","Accuracy"],"picked":"Dodge and Roll","floor":10},{"not_picked":["Dagger Throw","Blade Dance"],"picked":"Venomology","floor":12},{"not_picked":["Masterful Stab","Deadly Poison"],"picked":"Blade Dance","floor":13},{"not_picked":["Sucker Punch","Slice","Bane"],"picked":"SKIP","floor":14},{"not_picked":["Bullet Time","Burst"],"picked":"Glass Knife","floor":16},{"not_picked":["Dagger Throw","Expertise","Prepared"],"picked":"SKIP","floor":18},{"not_picked":["Endless Agony","Acrobatics"],"picked":"Predator","floor":21},{"not_picked":["Distraction","Dagger Throw","Deadly Poison"],"picked":"SKIP","floor":22},{"not_picked":["Prepared+1","Acrobatics"],"picked":"Footwork","floor":24}],"player_experience":1116653,"relics_obtained":[{"floor":6,"key":"Pen Nib"},{"floor":9,"key":"Lantern"},{"floor":24,"key":"Orichalcum"},{"floor":26,"key":"Bottled Tornado"}],"event_choices":[{"cards_removed":["Strike_G"],"damage_healed":0,"gold_gain":0,"player_choice":"Card Removal","damage_taken":0,"max_hp_gain":0,"max_hp_loss":0,"event_name":"The Cleric","floor":4,"gold_loss":75},{"cards_removed":["Strike_G"],"damage_healed":0,"gold_gain":0,"player_choice":"Purged","damage_taken":0,"max_hp_gain":0,"max_hp_loss":0,"event_name":"Purifier","floor":5,"gold_loss":0},{"damage_healed":0,"gold_gain":0,"player_choice":"Simplicity","damage_taken":0,"max_hp_gain":0,"max_hp_loss":0,"event_name":"Back to Basics","floor":19,"gold_loss":0,"cards_upgraded":["Defend_G","Defend_G","Defend_G","Defend_G","Defend_G","Strike_G","Strike_G","Strike_G"]},{"damage_healed":0,"gold_gain":0,"player_choice":"Shed Blood","damage_taken":26,"max_hp_gain":5,"max_hp_loss":0,"event_name":"Forgotten Altar","floor":25,"gold_loss":0}],"is_beta":false,"boss_relics":[{"not_picked":["Sozu","Fusion Hammer"],"picked":"Ring of the Serpent"}],"items_purged_floors":[],"is_endless":false,"potions_floor_spawned":[1,2,3,21,22],"killed_by":"Book of Stabbing","ascension_level":20}