{"gold_per_floor":[112,128,53,53,63,63,63,63,90,126,146,180,201,251,251,347,347,361,361,361,377,400,400,400],"floor_reached":24,"playtime":1215,"items_purged":[],"score":486,"play_id":"76e78cf7-37aa-4df0-83c1-a5e970d1bfc1","local_time":"20190607002126","is_ascension_mode":true,"campfire_choices":[{"data":"Immolate","floor":6.0,"key":"SMITH"},{"floor":8.0,"key":"REST"},{"data":"Combust","floor":15,"key":"SMITH"},{"floor":23,"key":"REST"}],"neow_cost":"NONE","seed_source_timestamp":0,"circlet_count":0,"master_deck":["AscendersBane","Strike_R","Strike_R","Strike_R","Strike_R","Defend_R","Defend_R","Defend_R","Defend_R","Bash","Battle Trance","Sword Boomerang","Immolate+1","Iron Wave","Thunderclap","Combust+1","Headbutt","Juggernaut","Shrug It Off","Spot Weakness","Intimidate","Sever Soul","Shrug It Off","Power Through","Pain","Sentinel+1"],"special_seed":0,"relics":["Burning Blood","Golden Idol","Blood Vial","Art of War","Dodecahedron","Orrery","WarpedTongs"],"potions_floor_usage":[16,21,22],"damage_taken":[{"damage":3.0,"enemies":"2 Louse","floor":1.0,"turns":4.0},{"damage":4.0,"enemies":"Small Slimes","floor":2.0,"turns":3.0},{"damage":1.0,"enemies":"Cultist","floor":5.0,"turns":3.0},{"damage":19.0,"enemies":"Lagavulin","floor":10.0,"turns":5.0},{"damage":4.0,"enemies":"2 Fungi Beasts","floor":11.0,"turns":3.0},{"damage":8.0,"enemies":"Gremlin Nob","floor":12.0,"turns":3.0},{"damage":9,"enemies":"Red Slaver","floor":13,"turns":3},{"damage":2,"enemies":"Slime Boss","floor":16,"turns":4},{"damage":20,"enemies":"Spheric Guardian","floor":18,"turns":4},{"damage":5,"enemies":"3 Byrds","floor":21,"turns":3},{"damage":44,"enemies":"Cultist and Chosen","floor":22,"turns":5},{"damage":72,"enemies":"Slavers","floor":24,"turns":5}],"seed_played":"8541429012739691189","potions_obtained":[{"floor":1.0,"key":"PowerPotion"},{"floor":2.0,"key":"Block Potion"},{"floor":10.0,"key":"Block Potion"},{"floor":12.0,"key":"SteroidPotion"},{"floor":16,"key":"Weak Potion"},{"floor":18,"key":"LiquidBronze"}],"is_trial":false,"path_per_floor":["M","M","?","?","M","R","?","R","T","E","M","E","M","?","R","B",null,"M","?","?","M","M","R","E"],"character_chosen":"IRONCLAD","items_purchased":[],"campfire_rested":2,"item_purchase_floors":[],"current_hp_per_floor":[78,80,80,85,87,87,57,83,83,72,76,76,75,75,75,81,86,73,73,73,76,40,66,0],"gold":400,"neow_bonus":"TEN_PERCENT_HP_BONUS","is_prod":false,"is_daily":false,"chose_seed":false,"campfire_upgraded":2,"win_rate":0,"timestamp":1559881286,"path_taken":["M","M","?","?","M","R","?","R","T","E","M","E","M","?","R","BOSS","M","?","?","M","?","R","E"],"build_version":"2019-01-23","purchased_purges":0,"victory":false,"max_hp_per_floor":[82,82,82,87,87,87,87,87,87,87,87,87,87,87,87,87,87,87,87,87,87,87,87,87],"card_choices":[{"not_picked":["Intimidate","Feel No Pain"],"picked":"Battle Trance","floor":1.0},{"not_picked":["Flex","True Grit"],"picked":"Sword Boomerang","floor":2.0},{"not_picked":["Inflame","Sword Boomerang"],"picked":"Immolate","floor":5.0},{"not_picked":["Pommel Strike","Body Slam"],"picked":"Iron Wave","floor":10.0},{"not_picked":["Clash","Warcry"],"picked":"Thunderclap","floor":11.0},{"not_picked":["Immolate","Battle Trance"],"picked":"Combust","floor":12.0},{"not_picked":["Perfected Strike","Cleave"],"picked":"Headbutt","floor":13},{"not_picked":["Brutality","Immolate"],"picked":"Juggernaut","floor":16},{"not_picked":["Anger","Pommel Strike"],"picked":"Shrug It Off","floor":17},{"not_picked":["Headbutt","Exhume"],"picked":"Spot Weakness","floor":17},{"not_picked":["Pommel Strike","Clash"],"picked":"Intimidate","floor":17},{"not_picked":["Headbutt","Anger"],"picked":"Sever Soul","floor":17},{"not_picked":["Havoc","Burning Pact"],"picked":"Shrug It Off","floor":18},{"not_picked":["Second Wind","Pummel+1"],"picked":"Sentinel+1","floor":21},{"not_picked":["Combust","Heavy Blade","Dual Wield"],"picked":"SKIP","floor":22}],"player_experience":1588078,"relics_obtained":[{"floor":9.0,"key":"Blood Vial"},{"floor":10.0,"key":"Art of War"},{"floor":12.0,"key":"Dodecahedron"}],"event_choices":[{"cards_removed":["Strike_R"],"damage_healed":0.0,"max_hp_gain":0.0,"max_hp_loss":0.0,"gold_gain":0.0,"event_name":"The Cleric","player_choice":"Card Removal","floor":3.0,"gold_loss":75.0,"damage_taken":0.0},{"damage_healed":0.0,"max_hp_gain":5.0,"max_hp_loss":0.0,"gold_gain":0.0,"event_name":"Big Fish","player_choice":"Donut","floor":4.0,"gold_loss":0.0,"damage_taken":0.0},{"damage_healed":0.0,"max_hp_gain":0.0,"max_hp_loss":0.0,"gold_gain":0.0,"event_name":"Golden Idol","player_choice":"Take Damage","floor":7.0,"gold_loss":0.0,"damage_taken":30.0,"relics_obtained":["Golden Idol"]},{"damage_healed":0,"gold_gain":50,"player_choice":"Pray","damage_taken":0,"max_hp_gain":0,"max_hp_loss":0,"event_name":"Golden Shrine","floor":14,"gold_loss":0},{"damage_healed":0,"gold_gain":0,"player_choice":"Read","damage_taken":0,"max_hp_gain":0,"max_hp_loss":0,"event_name":"The Library","floor":19,"gold_loss":0,"cards_obtained":["Power Through"]},{"damage_healed":0,"gold_gain":0,"player_choice":"Rummage","damage_taken":0,"relics_obtained":["WarpedTongs"],"max_hp_gain":0,"max_hp_loss":0,"event_name":"Accursed Blacksmith","floor":20,"gold_loss":0,"cards_obtained":["Pain"]}],"is_beta":false,"boss_relics":[{"not_picked":["Black Star","Black Blood"],"picked":"Orrery"}],"items_purged_floors":[],"is_endless":false,"potions_floor_spawned":[1,2,10,12,16,18],"killed_by":"Slavers","ascension_level":18}