{"gold_per_floor":[129,141,169,200,229,269,281,62,111,131,131,149,149,167,167,167],"floor_reached":16,"playtime":607,"items_purged":["Strike_B"],"score":135,"play_id":"cec14fb4-dde8-4f42-8796-f076340ccd13","local_time":"20190721212039","is_ascension_mode":true,"campfire_choices":[{"floor":7,"key":"REST"},{"floor":13,"key":"REST"},{"data":"Defragment","floor":15,"key":"SMITH"}],"neow_cost":"NONE","seed_source_timestamp":107069392283907,"circlet_count":0,"master_deck":["Strike_B","Strike_B","Defend_B","Defend_B","Defend_B","Defend_B","Zap","Dualcast","Hologram","Defragment+1","Capacitor","Parasite","Cold Snap"],"relics":["Cracked Core","MawBank","Symbiotic Virus","Happy Flower","Blood Vial"],"potions_floor_usage":[6,6,16],"damage_taken":[{"damage":0,"enemies":"2 Louse","floor":1,"turns":2},{"damage":4,"enemies":"Jaw Worm","floor":3,"turns":5},{"damage":7,"enemies":"Small Slimes","floor":4,"turns":3},{"damage":11,"enemies":"Looter","floor":5,"turns":4},{"damage":27,"enemies":"3 Sentries","floor":6,"turns":6},{"damage":24,"enemies":"Exordium Thugs","floor":10,"turns":4},{"damage":17,"enemies":"Gremlin Gang","floor":12,"turns":6},{"damage":13,"enemies":"Blue Slaver","floor":14,"turns":4},{"damage":36,"enemies":"Slime Boss","floor":16,"turns":6}],"seed_played":"-3222693901946421072","potions_obtained":[{"floor":3,"key":"PowerPotion"},{"floor":5,"key":"Energy Potion"},{"floor":14,"key":"PowerPotion"}],"is_trial":false,"path_per_floor":["M","?","M","M","M","E","R","$","T","M","?","M","R","M","R","B"],"character_chosen":"DEFECT","items_purchased":["Happy Flower"],"campfire_rested":2,"item_purchase_floors":[8],"current_hp_per_floor":[68,68,64,57,46,19,41,41,41,19,37,22,44,33,33,0],"gold":167,"neow_bonus":"RANDOM_COMMON_RELIC","is_prod":false,"is_daily":false,"chose_seed":false,"campfire_upgraded":1,"win_rate":0,"timestamp":1563736839,"path_taken":["M","?","M","M","M","E","R","?","T","M","?","M","R","M","R","BOSS"],"build_version":"2019-07-17","purchased_purges":1,"victory":false,"max_hp_per_floor":[75,75,75,75,75,75,75,75,75,75,75,75,75,75,75,75],"card_choices":[{"not_picked":["Ball Lightning","Stack","Beam Cell"],"picked":"SKIP","floor":1},{"not_picked":["Steam","Compile Driver","Rebound"],"picked":"SKIP","floor":3},{"not_picked":["Stack","Force Field"],"picked":"Hologram","floor":4},{"not_picked":["Beam Cell","Hologram","Auto Shields"],"picked":"SKIP","floor":5},{"not_picked":["Creative AI","Rip and Tear"],"picked":"Defragment","floor":6},{"not_picked":["Go for the Eyes","Heatsinks"],"picked":"Capacitor","floor":10},{"not_picked":["Stack","Beam Cell","Darkness"],"picked":"SKIP","floor":12},{"not_picked":["Ball Lightning","Barrage"],"picked":"Cold Snap","floor":14}],"player_experience":68937,"relics_obtained":[{"floor":6,"key":"Symbiotic Virus"},{"floor":9,"key":"Blood Vial"}],"event_choices":[{"cards_removed":["Strike_B"],"damage_healed":0,"gold_gain":0,"player_choice":"Forget","damage_taken":0,"max_hp_gain":0,"max_hp_loss":0,"event_name":"Living Wall","floor":2,"gold_loss":0},{"damage_healed":18,"gold_gain":0,"player_choice":"Healed and dodged fight","damage_taken":0,"max_hp_gain":0,"max_hp_loss":0,"event_name":"Mushrooms","floor":11,"gold_loss":0,"cards_obtained":["Parasite"]}],"is_beta":false,"boss_relics":[],"items_purged_floors":[8],"is_endless":false,"potions_floor_spawned":[3,5,14],"killed_by":"Slime Boss","ascension_level":6}