{"gold_per_floor":[110,385,398,416,416,436,43,59,83,83,93,93,106,170,170,245,245,261,261,176,12,31,31,31],"floor_reached":24,"playtime":3174,"items_purged":["Strike_G"],"score":329,"play_id":"c7da57d3-e5d4-4267-969d-0c134eee71be","local_time":"20190718152630","is_ascension_mode":true,"campfire_choices":[{"data":"Setup","floor":10,"key":"SMITH"},{"floor":15,"key":"REST"},{"floor":23,"key":"REST"}],"neow_cost":"NONE","seed_source_timestamp":16121048179863,"circlet_count":0,"master_deck":["AscendersBane","Strike_G","Strike_G","Strike_G","Strike_G","Defend_G","Defend_G+1","Defend_G","Defend_G","Defend_G+1","Survivor","Neutralize","Backstab","Outmaneuver","Well Laid Plans","Acrobatics","Bouncing Flask","Setup+1","Dagger Spray","Caltrops","Burst","Poisoned Stab","Decay","Corpse Explosion","Deadly Poison","Heel Hook"],"relics":["Ring of the Snake","NeowsBlessing","Pantograph","Juzu Bracelet","Cursed Key","Art of War"],"potions_floor_usage":[6,11,16,16],"damage_taken":[{"damage":0,"enemies":"Small Slimes","floor":1,"turns":1},{"damage":0,"enemies":"Cultist","floor":3,"turns":1},{"damage":0,"enemies":"Jaw Worm","floor":4,"turns":1},{"damage":18,"enemies":"Large Slime","floor":6,"turns":9},{"damage":1,"enemies":"Exordium Wildlife","floor":8,"turns":3},{"damage":9,"enemies":"Looter","floor":11,"turns":4},{"damage":0,"enemies":"2 Fungi Beasts","floor":13,"turns":3},{"damage":6,"enemies":"The Guardian","floor":16,"turns":12},{"damage":38,"enemies":"Shell Parasite","floor":18,"turns":7},{"damage":0,"enemies":"Spheric Guardian","floor":22,"turns":2},{"damage":44,"enemies":"Snake Plant","floor":24,"turns":4}],"seed_played":"-4777253186067373712","potions_obtained":[{"floor":1,"key":"SpeedPotion"},{"floor":3,"key":"PowerPotion"},{"floor":11,"key":"Dexterity Potion"},{"floor":13,"key":"Fire Potion"},{"floor":16,"key":"SmokeBomb"}],"is_trial":false,"path_per_floor":["M","?","M","M","?","M","$","M","T","R","M","?","M","?","R","B",null,"M","?","?","$","M","R","M"],"character_chosen":"THE_SILENT","items_purchased":["Pantograph","Bouncing Flask","Corpse Explosion","Deadly Poison"],"campfire_rested":2,"item_purchase_floors":[7,7,21,21],"current_hp_per_floor":[59,59,59,59,59,41,41,40,40,40,31,11,11,11,30,49,62,24,24,24,24,24,43,0],"gold":31,"neow_bonus":"THREE_ENEMY_KILL","is_prod":false,"is_daily":false,"chose_seed":false,"campfire_upgraded":1,"win_rate":0,"timestamp":1563427590,"path_taken":["M","?","M","?","?","M","$","M","T","R","M","?","M","?","R","BOSS","M","?","?","?","M","R","M"],"build_version":"2019-07-17","purchased_purges":1,"victory":false,"max_hp_per_floor":[66,66,66,66,66,66,66,66,66,66,66,66,66,66,66,66,66,66,66,66,66,66,66,66],"card_choices":[{"not_picked":["Concentrate","Eviscerate"],"picked":"Backstab","floor":1},{"not_picked":["Blade Dance","Finisher"],"picked":"Outmaneuver","floor":3},{"not_picked":["Masterful Stab","PiercingWail"],"picked":"Well Laid Plans","floor":4},{"not_picked":["Prepared","Well Laid Plans"],"picked":"Acrobatics","floor":6},{"not_picked":["Slice","Blade Dance"],"picked":"Setup","floor":8},{"not_picked":["Blade Dance","Backflip"],"picked":"Dagger Spray","floor":11},{"not_picked":["Grand Finale","Deflect"],"picked":"Caltrops","floor":13},{"not_picked":["Phantasmal Killer","After Image"],"picked":"Burst","floor":16},{"not_picked":["Prepared","Skewer+1"],"picked":"Poisoned Stab","floor":18},{"not_picked":["Caltrops","Terror"],"picked":"Heel Hook","floor":22}],"player_experience":1021494,"relics_obtained":[{"floor":9,"key":"Juzu Bracelet"}],"event_choices":[{"damage_healed":0,"gold_gain":275,"player_choice":"Desecrate","damage_taken":0,"max_hp_gain":0,"max_hp_loss":0,"event_name":"Golden Shrine","floor":2,"gold_loss":0,"cards_obtained":["Regret"]},{"cards_removed":["Regret"],"damage_healed":0,"gold_gain":0,"player_choice":"Forget","damage_taken":0,"max_hp_gain":0,"max_hp_loss":0,"event_name":"Living Wall","floor":5,"gold_loss":0},{"damage_healed":0,"gold_gain":0,"player_choice":"Entered Light","damage_taken":20,"max_hp_gain":0,"max_hp_loss":0,"event_name":"Shining Light","floor":12,"gold_loss":0,"cards_upgraded":["Defend_G","Defend_G"]},{"damage_healed":0,"gold_gain":64,"player_choice":"Gained Gold","damage_taken":0,"max_hp_gain":0,"max_hp_loss":0,"event_name":"Golden Wing","floor":14,"gold_loss":0},{"damage_healed":0,"gold_gain":0,"player_choice":"Smashed Altar","damage_taken":0,"max_hp_gain":0,"max_hp_loss":0,"event_name":"Forgotten Altar","floor":19,"gold_loss":0,"cards_obtained":["Decay"]},{"damage_healed":0,"gold_gain":0,"player_choice":"Obtained Relic","damage_taken":0,"relics_obtained":["Art of War"],"max_hp_gain":0,"max_hp_loss":0,"event_name":"Addict","floor":20,"gold_loss":85}],"is_beta":false,"boss_relics":[{"not_picked":["Runic Dome","Coffee Dripper"],"picked":"Cursed Key"}],"items_purged_floors":[7],"is_endless":false,"potions_floor_spawned":[1,3,11,13,16],"killed_by":"Snake Plant","ascension_level":15}