{"gold_per_floor":[111,131,13,13,88,88,123,142,142,142,205,221,221,233,233,312,312,328,418,106,123,42,42,76,76,76,89,89,104,104,138,138,213,213,227,247,347,364,376,376,396,431,483,503,534,545,57,87,87,87,87,87,9,36,36],"floor_reached":56,"playtime":5820,"items_purged":["Regret","Strike_R"],"score":2628,"play_id":"9e3c4666-407f-4ec0-983f-2181b4782fa8","local_time":"20190725171306","is_ascension_mode":true,"campfire_choices":[{"data":"Fiend Fire","floor":6,"key":"SMITH"},{"data":"Bash","floor":10,"key":"SMITH"},{"floor":13,"key":"REST"},{"data":"Armaments","floor":15,"key":"SMITH"},{"data":"Combust","floor":23,"key":"SMITH"},{"data":"Uppercut","floor":25,"key":"SMITH"},{"data":"Inflame","floor":28,"key":"SMITH"},{"data":"Burning Pact","floor":30,"key":"SMITH"},{"data":"Offering","floor":32,"key":"SMITH"},{"data":"Feed","floor":40,"key":"SMITH"},{"floor":49,"key":"RECALL"},{"floor":52,"key":"REST"}],"neow_cost":"CURSE","seed_source_timestamp":46574730364313,"circlet_count":0,"master_deck":["AscendersBane","Strike_R","Strike_R","Strike_R","Strike_R","Defend_R","Defend_R","Defend_R","Defend_R","Bash+1","Fiend Fire+1","Armaments+1","Sentinel","Combust+1","Wild Strike","Inflame+1","Offering+1","Cleave","Impervious","Corruption","Burning Pact+1","Uppercut+1","Clothesline+1","Sentinel+1","Feed+1","Entrench","Ghostly Armor+1","Second Wind","Disarm","Ghostly Armor","Armaments+1"],"relics":["Burning Blood","Pear","Paper Frog","Singing Bowl","Tiny Chest","Snecko Eye","Blood Vial","Prayer Wheel","Thread and Needle","StoneCalendar","Busted Crown","Dead Branch","Happy Flower","Turnip","Lantern","Frozen Eye","Ginger","Torii"],"potions_floor_usage":[7,11,14,24,24,31,33,37,55,55],"damage_taken":[{"damage":0,"enemies":"Small Slimes","floor":1,"turns":3},{"damage":0,"enemies":"2 Louse","floor":2,"turns":2},{"damage":44,"enemies":"3 Sentries","floor":7,"turns":7},{"damage":2,"enemies":"Cultist","floor":8,"turns":4},{"damage":24,"enemies":"Lagavulin","floor":11,"turns":7},{"damage":0,"enemies":"3 Louse","floor":12,"turns":4},{"damage":18,"enemies":"Exordium Wildlife","floor":14,"turns":3},{"damage":6,"enemies":"Slime Boss","floor":16,"turns":3},{"damage":6,"enemies":"Chosen","floor":18,"turns":2},{"damage":32,"enemies":"3 Byrds","floor":21,"turns":4},{"damage":6,"enemies":"Gremlin Leader","floor":24,"turns":6},{"damage":10,"enemies":"Sentry and Sphere","floor":27,"turns":5},{"damage":2,"enemies":"Centurion and Healer","floor":29,"turns":3},{"damage":6,"enemies":"Book of Stabbing","floor":31,"turns":3},{"damage":42,"enemies":"Collector","floor":33,"turns":8},{"damage":12,"enemies":"3 Shapes","floor":35,"turns":7},{"damage":7,"enemies":"3 Darklings","floor":36,"turns":4},{"damage":21,"enemies":"Mind Bloom Boss Battle","floor":37,"turns":5},{"damage":12,"enemies":"4 Shapes","floor":38,"turns":4},{"damage":6,"enemies":"Writhing Mass","floor":39,"turns":2},{"damage":6,"enemies":"Spire Growth","floor":41,"turns":2},{"damage":9,"enemies":"Reptomancer","floor":42,"turns":6},{"damage":0,"enemies":"Maw","floor":44,"turns":4},{"damage":6,"enemies":"Nemesis","floor":45,"turns":3},{"damage":12,"enemies":"Transient","floor":46,"turns":2},{"damage":0,"enemies":"Reptomancer","floor":48,"turns":2},{"damage":64,"enemies":"Awakened One","floor":50,"turns":9},{"damage":8,"enemies":"Shield and Spear","floor":54,"turns":3},{"damage":15,"enemies":"The Heart","floor":55,"turns":6}],"seed_played":"-3989427943546305437","potions_obtained":[{"floor":1,"key":"Swift Potion"},{"floor":8,"key":"Ancient Potion"},{"floor":12,"key":"Poison Potion"},{"floor":27,"key":"Strength Potion"},{"floor":29,"key":"GamblersBrew"},{"floor":31,"key":"Dexterity Potion"},{"floor":36,"key":"GamblersBrew"},{"floor":37,"key":"SpeedPotion"},{"floor":39,"key":"SteroidPotion"},{"floor":45,"key":"LiquidBronze"}],"is_trial":false,"path_per_floor":["M","M","$","?","?","R","E","M","T","R","E","M","R","M","R","B",null,"M","?","$","M","$","R","E","R","T","M","R","M","R","E","R","B",null,"M","M","?","M","M","R","M","E","T","M","E","M","$","E","R","B",null,"R","$","E","B",null],"character_chosen":"IRONCLAD","items_purchased":["Combust","Corruption","Blood Vial","Strength Potion","BloodPotion","Lantern","Frozen Eye","Ghostly Armor"],"campfire_rested":2,"item_purchase_floors":[3,20,20,20,22,47,47,53],"current_hp_per_floor":[74,75,75,74,63,63,25,29,29,29,11,17,42,32,32,32,73,75,59,59,35,35,35,59,59,59,59,59,67,67,71,71,37,81,85,90,79,82,86,86,88,89,89,105,109,107,107,117,117,61,116,134,134,136,129],"gold":36,"neow_bonus":"THREE_RARE_CARDS","is_prod":false,"is_daily":false,"chose_seed":false,"campfire_upgraded":9,"win_rate":0,"timestamp":1564089186,"path_taken":["M","M","$","?","?","R","E","M","T","R","E","M","R","M","R","BOSS","M","?","$","M","?","R","E","R","T","M","R","M","R","E","R","BOSS","M","M","?","M","M","R","M","E","T","M","E","M","$","E","R","BOSS","R","$","E","BOSS"],"build_version":"2019-07-17","purchased_purges":2,"victory":true,"max_hp_per_floor":[75,75,75,85,85,85,85,85,85,85,85,85,85,87,87,87,87,89,89,89,89,89,89,89,89,89,91,91,93,93,95,95,95,95,103,107,109,116,118,118,118,120,120,128,130,132,132,134,134,134,134,134,134,138,138],"card_choices":[{"not_picked":["Limit Break","Exhume"],"picked":"Fiend Fire","floor":0},{"not_picked":["Warcry","Body Slam"],"picked":"Armaments","floor":1},{"not_picked":["Rage","Havoc"],"picked":"Sentinel","floor":2},{"not_picked":["Rage","Rampage"],"picked":"Wild Strike","floor":7},{"not_picked":["Heavy Blade","Warcry"],"picked":"Inflame","floor":8},{"not_picked":["Body Slam","Havoc"],"picked":"Offering","floor":11},{"not_picked":["Perfected Strike","Clash"],"picked":"Cleave","floor":12},{"not_picked":["Fire Breathing","Sword Boomerang","Pummel"],"picked":"Singing Bowl","floor":14},{"not_picked":["Brutality","Double Tap"],"picked":"Impervious","floor":16},{"not_picked":["Flex","Second Wind","Sword Boomerang"],"picked":"Singing Bowl","floor":18},{"not_picked":["Clothesline","Sever Soul"],"picked":"Burning Pact","floor":21},{"not_picked":["Reckless Charge","Juggernaut"],"picked":"Uppercut","floor":24},{"not_picked":["Pummel+1","Rage","Twin Strike"],"picked":"Singing Bowl","floor":27},{"not_picked":["Rage","Pummel"],"picked":"Clothesline+1","floor":27},{"not_picked":["Anger","Whirlwind"],"picked":"Sentinel+1","floor":29},{"not_picked":["Carnage","Body Slam","Sentinel"],"picked":"Singing Bowl","floor":29},{"not_picked":["Whirlwind","Pummel","Searing Blow"],"picked":"Singing Bowl","floor":31},{"not_picked":["Barricade","Immolate"],"picked":"Feed","floor":33},{"not_picked":["Hemokinesis"],"picked":"Singing Bowl","floor":35},{"not_picked":["Pommel Strike+1"],"picked":"Singing Bowl","floor":35},{"not_picked":["Clash+1"],"picked":"Singing Bowl","floor":36},{"not_picked":["Flex"],"picked":"Singing Bowl","floor":36},{"not_picked":["Heavy Blade"],"picked":"Singing Bowl","floor":37},{"not_picked":["Body Slam"],"picked":"Singing Bowl","floor":38},{"not_picked":["Body Slam"],"picked":"Singing Bowl","floor":38},{"not_picked":["Sword Boomerang"],"picked":"Singing Bowl","floor":39},{"not_picked":[],"picked":"Entrench","floor":39},{"not_picked":[],"picked":"Ghostly Armor+1","floor":41},{"not_picked":[],"picked":"Second Wind","floor":41},{"not_picked":["Whirlwind"],"picked":"Singing Bowl","floor":42},{"not_picked":["Armaments"],"picked":"Singing Bowl","floor":44},{"not_picked":["Dropkick"],"picked":"Singing Bowl","floor":44},{"not_picked":["Battle Trance+1"],"picked":"Singing Bowl","floor":45},{"not_picked":[],"picked":"Disarm","floor":46},{"not_picked":["Perfected Strike"],"picked":"Singing Bowl","floor":46},{"not_picked":["Evolve"],"picked":"Singing Bowl","floor":48},{"not_picked":[],"picked":"Armaments+1","floor":54}],"player_experience":1612304,"relics_obtained":[{"floor":7,"key":"Paper Frog"},{"floor":9,"key":"Singing Bowl"},{"floor":11,"key":"Tiny Chest"},{"floor":24,"key":"Prayer Wheel"},{"floor":26,"key":"Thread and Needle"},{"floor":31,"key":"StoneCalendar"},{"floor":37,"key":"Dead Branch"},{"floor":42,"key":"Happy Flower"},{"floor":45,"key":"Turnip"},{"floor":48,"key":"Ginger"},{"floor":54,"key":"Torii"}],"event_choices":[{"damage_healed":0,"gold_gain":0,"player_choice":"Success","damage_taken":11,"relics_obtained":["Pear"],"max_hp_gain":0,"max_hp_loss":0,"event_name":"Scrap Ooze","floor":4,"gold_loss":0},{"damage_healed":0,"gold_gain":75,"player_choice":"Gather Gold","damage_taken":11,"max_hp_gain":0,"max_hp_loss":0,"event_name":"World of Goop","floor":5,"gold_loss":0},{"damage_healed":0,"gold_gain":90,"player_choice":"GOLD ","damage_taken":16,"max_hp_gain":0,"max_hp_loss":0,"event_name":"Knowing Skull","floor":19,"potions_obtained":[],"gold_loss":0,"cards_obtained":[]},{"damage_healed":0,"gold_gain":0,"player_choice":"Fight","damage_taken":0,"max_hp_gain":0,"max_hp_loss":0,"event_name":"MindBloom","floor":37,"gold_loss":0}],"is_beta":false,"boss_relics":[{"not_picked":["Orrery","Pandora\u0027s Box"],"picked":"Snecko Eye"},{"not_picked":["Cursed Key","Runic Pyramid"],"picked":"Busted Crown"}],"items_purged_floors":[3,47],"is_endless":false,"potions_floor_spawned":[1,8,12,27,29,31,36,37,39,41,45],"ascension_level":18}