{"gold_per_floor":[115,135,55,55,55,55,90,90,90,128,189,201,238,270,282,372,384,409,440,481,493,517,529,556,602,669,681,709,756,768,807,819,902,914,946,71,85,95,169,169,200,88,114,124,124,24,51,71,71,71,71,71,71,18,18],"floor_reached":55,"playtime":6743,"items_purged":["Strike_B","Strike_B"],"score":1977,"play_id":"e95833e2-2b59-4514-918c-54196e3aa840","local_time":"20190813234555","is_ascension_mode":true,"campfire_choices":[{"data":"Beam Cell","floor":6.0,"key":"SMITH"},{"data":"Zap","floor":8.0,"key":"SMITH"},{"data":"Glacier","floor":12.0,"key":"SMITH"},{"data":"Reinforced Body","floor":15.0,"key":"SMITH"},{"data":"Sunder","floor":23.0,"key":"SMITH"},{"data":"Buffer","floor":27.0,"key":"SMITH"},{"data":"Defragment","floor":30.0,"key":"SMITH"},{"data":"Darkness","floor":32.0,"key":"SMITH"},{"data":"Stack","floor":45.0,"key":"SMITH"},{"floor":49.0,"key":"RECALL"},{"data":"Loop","floor":53,"key":"SMITH"}],"neow_cost":"NONE","seed_source_timestamp":1492556607872365,"circlet_count":0,"master_deck":["AscendersBane","Strike_B+1","Strike_B+1","Defend_B","Defend_B","Defend_B","Defend_B","Zap+1","Dualcast","Beam Cell+1","Rebound","Fission+1","Glacier+1","Reinforced Body+1","Ball Lightning","Coolheaded","Rainbow","Sunder+1","Sweeping Beam","Ball Lightning+1","Buffer+1","Stack+1","Loop+1","Defragment+1","Darkness+1","Buffer","Hologram+1","Cold Snap+1","Glacier+1","Turbo+1","Conserve Battery+1","Reboot+1","Blizzard+1","Double Energy+1"],"special_seed":0,"relics":["Cracked Core","Centennial Puzzle","Oddly Smooth Stone","MawBank","Meat on the Bone","Whetstone","Omamori","Eternal Feather","Red Mask","Mummified Hand","Tiny Chest","Vajra","Pantograph","Inserter","Toxic Egg 2","Potion Belt","Chemical X","Ornamental Fan","Dodecahedron","Bronze Scales"],"potions_floor_usage":[50,51,55],"damage_taken":[{"damage":14.0,"enemies":"Small Slimes","floor":1.0,"turns":3.0},{"damage":7.0,"enemies":"Jaw Worm","floor":2.0,"turns":2.0},{"damage":11.0,"enemies":"Gremlin Nob","floor":7.0,"turns":3.0},{"damage":4.0,"enemies":"3 Sentries","floor":10.0,"turns":11.0},{"damage":8.0,"enemies":"Gremlin Nob","floor":13.0,"turns":3.0},{"damage":0.0,"enemies":"Cultist","floor":14.0,"turns":2.0},{"damage":9.0,"enemies":"The Guardian","floor":16.0,"turns":14.0},{"damage":14.0,"enemies":"Shell Parasite","floor":18.0,"turns":5.0},{"damage":17.0,"enemies":"2 Thieves","floor":19.0,"turns":5.0},{"damage":12.0,"enemies":"Masked Bandits","floor":20.0,"turns":3.0},{"damage":20.0,"enemies":"Shelled Parasite and Fungi","floor":22.0,"turns":5.0},{"damage":8.0,"enemies":"Snecko","floor":24.0,"turns":5.0},{"damage":29.0,"enemies":"Gremlin Leader","floor":25.0,"turns":9.0},{"damage":6.0,"enemies":"Centurion and Healer","floor":28.0,"turns":6.0},{"damage":27.0,"enemies":"Book of Stabbing","floor":29.0,"turns":6.0},{"damage":33.0,"enemies":"Gremlin Leader","floor":31.0,"turns":7.0},{"damage":47.0,"enemies":"Automaton","floor":33.0,"turns":14.0},{"damage":14.0,"enemies":"3 Darklings","floor":35.0,"turns":9.0},{"damage":0.0,"enemies":"Orb Walker","floor":37.0,"turns":4.0},{"damage":0.0,"enemies":"Maw","floor":38.0,"turns":7.0},{"damage":8.0,"enemies":"Nemesis","floor":41.0,"turns":9.0},{"damage":0.0,"enemies":"Transient","floor":44.0,"turns":6.0},{"damage":1.0,"enemies":"Reptomancer","floor":47.0,"turns":9.0},{"damage":0.0,"enemies":"Spire Growth","floor":48.0,"turns":6.0},{"damage":29,"enemies":"Awakened One","floor":50,"turns":23},{"damage":23,"enemies":"Donu and Deca","floor":51,"turns":10},{"damage":102,"enemies":"Shield and Spear","floor":55,"turns":6}],"seed_played":"5530463015347395970","potions_obtained":[{"floor":7.0,"key":"Block Potion"},{"floor":10.0,"key":"Block Potion"},{"floor":13.0,"key":"Strength Potion"},{"floor":20.0,"key":"FocusPotion"},{"floor":24.0,"key":"SpeedPotion"},{"floor":25.0,"key":"Swift Potion"},{"floor":31.0,"key":"Block Potion"},{"floor":35.0,"key":"Poison Potion"},{"floor":41.0,"key":"EssenceOfSteel"},{"floor":44.0,"key":"GamblersBrew"}],"is_trial":false,"path_per_floor":["M","M","$","?","?","R","E","R","T","E","T","R","E","M","R","B",null,"M","M","?","?","M","R","M","E","T","R","M","E","R","E","R","B",null,"M","$","M","M","T","?","E","$","T","M","R","$","E","M","R","B","B",null,"R","$","E"],"character_chosen":"DEFECT","items_purchased":["Fission","Toxic Egg 2","Potion Belt","Chemical X","Hologram+1","EntropicBrew","Turbo+1","Conserve Battery+1","PowerPotion"],"campfire_rested":0,"item_purchase_floors":[3,36,36,36,36,36,42,42,54],"current_hp_per_floor":[50,43,43,43,43,43,32,32,32,28,28,28,32,44,44,47,65,51,46,46,32,24,36,40,23,23,38,44,29,44,23,38,28,60,46,46,46,46,46,60,52,52,52,52,70,70,69,69,71,42,44,64,71,71,0],"gold":18,"neow_bonus":"RANDOM_COMMON_RELIC","is_prod":false,"is_daily":false,"chose_seed":false,"campfire_upgraded":10,"win_rate":0,"timestamp":1565754355,"path_taken":["M","M","$","?","?","R","E","R","T","E","?","R","E","M","R","BOSS","M","M","?","?","M","R","M","E","T","R","M","E","R","E","R","BOSS","M","?","M","M","?","?","E","?","T","?","R","$","E","M","R","BOSS","BOSS","R","$","E"],"build_version":"2019-07-17","purchased_purges":2,"victory":false,"max_hp_per_floor":[71,71,71,71,71,71,71,71,71,71,71,71,71,71,71,71,71,71,71,71,71,71,71,71,71,71,71,71,71,71,71,71,71,71,71,71,71,71,71,71,71,71,71,71,71,71,71,71,71,71,71,71,71,71,71],"card_choices":[{"not_picked":["Reinforced Body","Rebound"],"picked":"Beam Cell","floor":1.0},{"not_picked":["Stack","Hologram"],"picked":"Rebound","floor":2.0},{"not_picked":["Hologram","Loop"],"picked":"Glacier","floor":7.0},{"not_picked":["Reprogram","Ball Lightning"],"picked":"Reinforced Body","floor":10.0},{"not_picked":["Lockon","Recycle"],"picked":"Ball Lightning","floor":13.0},{"not_picked":["Cold Snap","Streamline"],"picked":"Coolheaded","floor":14.0},{"not_picked":["All For One","Meteor Strike"],"picked":"Rainbow","floor":16.0},{"not_picked":["Sweeping Beam","Chaos"],"picked":"Sunder","floor":18.0},{"not_picked":["Recycle","Chaos"],"picked":"Sweeping Beam","floor":19.0},{"not_picked":["BootSequence","Genetic Algorithm"],"picked":"Ball Lightning+1","floor":20.0},{"not_picked":["Heatsinks","Cold Snap"],"picked":"Buffer","floor":22.0},{"not_picked":["Leap","Ball Lightning"],"picked":"Stack","floor":24.0},{"not_picked":["Turbo+1","Blizzard+1"],"picked":"Loop","floor":25.0},{"not_picked":["Sweeping Beam+1","Steam"],"picked":"Defragment","floor":28.0},{"not_picked":["Sunder","Hyperbeam"],"picked":"Darkness","floor":29.0},{"not_picked":["Compile Driver","All For One","Core Surge"],"picked":"SKIP","floor":31.0},{"not_picked":["Meteor Strike","Reboot"],"picked":"Buffer","floor":33.0},{"not_picked":["Cold Snap","Gash","Ball Lightning"],"picked":"SKIP","floor":35.0},{"not_picked":["Compile Driver","Heatsinks"],"picked":"Cold Snap+1","floor":37.0},{"not_picked":["Ball Lightning","Coolheaded+1","Blizzard+1"],"picked":"SKIP","floor":38.0},{"not_picked":["FTL","Barrage"],"picked":"Glacier+1","floor":41.0},{"not_picked":["Compile Driver","Sunder"],"picked":"Reboot+1","floor":44.0},{"not_picked":["Double Energy+1","Gash"],"picked":"Blizzard+1","floor":47.0},{"not_picked":["Compile Driver","Recycle+1"],"picked":"Double Energy+1","floor":48.0}],"player_experience":1793096,"relics_obtained":[{"floor":7.0,"key":"Oddly Smooth Stone"},{"floor":9.0,"key":"MawBank"},{"floor":10.0,"key":"Meat on the Bone"},{"floor":11.0,"key":"Whetstone"},{"floor":13.0,"key":"Omamori"},{"floor":20.0,"key":"Red Mask"},{"floor":25.0,"key":"Mummified Hand"},{"floor":26.0,"key":"Tiny Chest"},{"floor":29.0,"key":"Vajra"},{"floor":31.0,"key":"Pantograph"},{"floor":39.0,"key":"Ornamental Fan"},{"floor":41.0,"key":"Dodecahedron"},{"floor":47.0,"key":"Bronze Scales"}],"event_choices":[{"damage_healed":0.0,"max_hp_gain":0.0,"max_hp_loss":0.0,"gold_gain":0.0,"event_name":"Liars Game","player_choice":"Ignored","floor":4.0,"gold_loss":0.0,"damage_taken":0.0},{"damage_healed":0.0,"max_hp_gain":0.0,"max_hp_loss":0.0,"gold_gain":0.0,"event_name":"Living Wall","player_choice":"Grow","floor":5.0,"gold_loss":0.0,"damage_taken":0.0,"cards_upgraded":["Fission"]},{"damage_healed":0.0,"max_hp_gain":0.0,"max_hp_loss":0.0,"gold_gain":0.0,"event_name":"Masked Bandits","player_choice":"Fought Bandits","floor":20.0,"gold_loss":0.0,"damage_taken":0.0},{"damage_healed":0.0,"max_hp_gain":0.0,"max_hp_loss":0.0,"gold_gain":0.0,"event_name":"Knowing Skull","player_choice":"POTION ","floor":21.0,"potions_obtained":["SpeedPotion"],"gold_loss":0.0,"damage_taken":14.0,"cards_obtained":[]},{"damage_healed":14.0,"max_hp_gain":0.0,"max_hp_loss":0.0,"gold_gain":0.0,"event_name":"Winding Halls","player_choice":"Writhe","floor":40.0,"gold_loss":0.0,"damage_taken":0.0,"cards_obtained":["Writhe"]}],"is_beta":false,"boss_relics":[{"not_picked":["Velvet Choker","Snecko Eye"],"picked":"Eternal Feather"},{"not_picked":["Black Star","Orrery"],"picked":"Inserter"}],"items_purged_floors":[36,46],"is_endless":false,"potions_floor_spawned":[7,10,13,20,24,25,28,31,35,41,44],"killed_by":"Shield and Spear","ascension_level":20}