{"gold_per_floor":[15,25,25,45,60,60,73,73,73,90,90,90,110,140,140,245,245,261,6,23,34,50,50,50,50,76,90,108,108,128,26,26,123,123,143,162,162],"floor_reached":37,"playtime":2299,"items_purged":["Strike_P","Defend_P"],"score":470,"play_id":"fc25af6c-cfb2-4b8b-98a3-b7f011c16c14","local_time":"20190912000654","is_ascension_mode":true,"campfire_choices":[{"data":"FlyingSleeves","floor":6.0,"key":"SMITH"},{"floor":8.0,"key":"REST"},{"floor":12.0,"key":"REST"},{"floor":15.0,"key":"REST"},{"floor":23.0,"key":"REST"},{"data":"CrushJoints","floor":25.0,"key":"SMITH"},{"floor":29.0,"key":"REST"},{"floor":32,"key":"REST"}],"neow_cost":"NO_GOLD","seed_source_timestamp":47603282249108,"circlet_count":0,"master_deck":["Eruption","Vigilance","Protect+1","Halt+1","FlyingSleeves+1","Crescendo","Devotion","CutThroughFate","EmptyMind","CrushJoints+1","Adaptation","DeusExMachina","CutThroughFate+1","Weave","EmptyBody+1","Establishment+1","FearNoEvil+1","StepAndStrike+1","Ragnarok","Weave","Brilliance","FollowUp","FollowUp","DevaForm","DeusExMachina","PathToVictory","Perseverance","Blasphemy","Worship","WaveOfTheHand","EmptyFist+1","CleanseEvil+1"],"special_seed":0,"relics":["PureWater","Smiling Mask","Dream Catcher","Snecko Eye","War Paint","Nloth\u0027s Gift","Oddly Smooth Stone","Pandora\u0027s Box"],"potions_floor_usage":[32,36,37],"damage_taken":[{"damage":8.0,"enemies":"Small Slimes","floor":1.0,"turns":4.0},{"damage":0.0,"enemies":"Cultist","floor":2.0,"turns":2.0},{"damage":14.0,"enemies":"Jaw Worm","floor":4.0,"turns":4.0},{"damage":7.0,"enemies":"Large Slime","floor":5.0,"turns":5.0},{"damage":17.0,"enemies":"3 Louse","floor":7.0,"turns":3.0},{"damage":8.0,"enemies":"2 Fungi Beasts","floor":10.0,"turns":2.0},{"damage":0.0,"enemies":"Exordium Wildlife","floor":13.0,"turns":2.0},{"damage":7.0,"enemies":"Lagavulin","floor":14.0,"turns":7.0},{"damage":25.0,"enemies":"Slime Boss","floor":16.0,"turns":10.0},{"damage":7.0,"enemies":"Shell Parasite","floor":18.0,"turns":4.0},{"damage":0.0,"enemies":"Spheric Guardian","floor":20.0,"turns":2.0},{"damage":23.0,"enemies":"Chosen and Byrds","floor":21.0,"turns":7.0},{"damage":13.0,"enemies":"3 Cultists","floor":22.0,"turns":5.0},{"damage":22.0,"enemies":"Centurion and Healer","floor":27.0,"turns":5.0},{"damage":0.0,"enemies":"Snecko","floor":28.0,"turns":2.0},{"damage":0.0,"enemies":"Sentry and Sphere","floor":30.0,"turns":3.0},{"damage":0,"enemies":"Champ","floor":33,"turns":7},{"damage":5,"enemies":"3 Shapes","floor":35,"turns":8},{"damage":29,"enemies":"3 Darklings","floor":36,"turns":7},{"damage":64,"enemies":"Writhing Mass","floor":37,"turns":3}],"seed_played":"528298534226406834","potions_obtained":[{"floor":4.0,"key":"Block Potion"},{"floor":5.0,"key":"PowerPotion"},{"floor":10.0,"key":"Fire Potion"},{"floor":13.0,"key":"FearPotion"},{"floor":16.0,"key":"GamblersBrew"},{"floor":18.0,"key":"GamblersBrew"},{"floor":21.0,"key":"PowerPotion"},{"floor":27.0,"key":"SkillPotion"},{"floor":30.0,"key":"Fruit Juice"},{"floor":33,"key":"SkillPotion"}],"is_trial":false,"path_per_floor":["M","M","?","M","M","R","M","R","T","M","?","R","M","E","R","B",null,"M","$","M","M","M","R","?","R","T","M","M","R","M","$","R","B",null,"M","M","M"],"character_chosen":"WATCHER","items_purchased":["War Paint","Weave","FollowUp"],"campfire_rested":6,"item_purchase_floors":[19,19,31],"current_hp_per_floor":[57,57,57,43,36,36,19,38,38,30,17,36,36,29,48,23,65,58,58,58,35,22,41,41,41,41,19,19,38,38,38,64,64,70,65,36,0],"gold":162,"neow_bonus":"ONE_RARE_RELIC","is_prod":false,"is_daily":false,"chose_seed":false,"campfire_upgraded":2,"win_rate":0,"timestamp":1568210814,"path_taken":["M","M","?","M","M","R","M","R","T","M","?","R","M","E","R","BOSS","M","$","M","M","M","R","?","R","T","M","M","R","M","$","R","BOSS","M","M","M"],"build_version":"2019-09-10","purchased_purges":2,"victory":false,"max_hp_per_floor":[65,65,65,65,65,65,65,65,65,65,65,65,65,65,65,65,65,65,65,65,65,65,65,65,65,65,65,65,65,65,65,70,70,70,70,70,70],"card_choices":[{"not_picked":["Scrawl","WreathOfFlame"],"picked":"Protect","floor":1.0},{"not_picked":["ClearTheMind","WaveOfTheHand"],"picked":"Halt","floor":2.0},{"not_picked":["WreathOfFlame","BowlingBash"],"picked":"FlyingSleeves","floor":4.0},{"not_picked":["EmptyBody","ClearTheMind"],"picked":"Crescendo","floor":5.0},{"not_picked":["Collect","CleanseEvil"],"picked":"Devotion","floor":7.0},{"not_picked":["Weave","Wish"],"picked":"CutThroughFate","floor":10.0},{"not_picked":["Collect","CleanseEvil"],"picked":"EmptyMind","floor":13.0},{"not_picked":["SignatureMove","EmptyBody"],"picked":"CrushJoints","floor":14.0},{"not_picked":["Conclude","EmptyBody"],"picked":"Adaptation","floor":15.0},{"not_picked":["Brilliance","Ragnarok"],"picked":"DeusExMachina","floor":16.0},{"not_picked":["Worship","EmptyMind+1"],"picked":"CutThroughFate+1","floor":18.0},{"not_picked":["FlurryOfBlows","Swivel"],"picked":"EmptyBody+1","floor":20.0},{"not_picked":["Scrawl","EmptyMind+1","EmptyBody+1"],"picked":"SKIP","floor":21.0},{"not_picked":["Consecrate","Clarity"],"picked":"Establishment+1","floor":22.0},{"not_picked":["CrushJoints","EmptyBody"],"picked":"FearNoEvil+1","floor":23.0},{"not_picked":["Weave+1","WaveOfTheHand"],"picked":"StepAndStrike+1","floor":27.0},{"not_picked":["CutThroughFate","EmptyBody"],"picked":"Ragnarok","floor":28.0},{"not_picked":["CleanseEvil","Adaptation"],"picked":"Weave","floor":29.0},{"not_picked":["FearNoEvil","Sanctity"],"picked":"Brilliance","floor":30.0},{"not_picked":["ThirdEye","InnerPeace"],"picked":"FollowUp","floor":32},{"not_picked":["ReachHeaven","LessonLearned"],"picked":"DevaForm","floor":33},{"not_picked":["Weave","Meditate"],"picked":"EmptyFist+1","floor":35},{"not_picked":["FlyingSleeves","CrushJoints+1"],"picked":"CleanseEvil+1","floor":36}],"player_experience":1307651,"relics_obtained":[{"floor":9.0,"key":"Smiling Mask"},{"floor":14.0,"key":"Dream Catcher"},{"floor":26.0,"key":"Oddly Smooth Stone"}],"event_choices":[{"damage_healed":0.0,"max_hp_gain":0.0,"max_hp_loss":0.0,"gold_gain":0.0,"event_name":"Living Wall","player_choice":"Grow","floor":3.0,"gold_loss":0.0,"damage_taken":0.0,"cards_upgraded":["Protect"]},{"damage_healed":0.0,"max_hp_gain":0.0,"max_hp_loss":0.0,"gold_gain":0.0,"event_name":"Shining Light","player_choice":"Entered Light","floor":11.0,"gold_loss":0.0,"damage_taken":13.0,"cards_upgraded":["Halt","Defend_P"]},{"damage_healed":0.0,"max_hp_gain":0.0,"max_hp_loss":0.0,"gold_gain":0.0,"event_name":"N\u0027loth","player_choice":"Traded Relic","floor":24.0,"relics_lost":["Peace Pipe"],"gold_loss":0.0,"damage_taken":0.0,"relics_obtained":["Nloth\u0027s Gift"]}],"is_beta":true,"boss_relics":[{"not_picked":["Runic Pyramid","Black Star"],"picked":"Snecko Eye"},{"not_picked":["SacredBark","Velvet Choker"],"picked":"Pandora\u0027s Box"}],"items_purged_floors":[19,31],"is_endless":false,"potions_floor_spawned":[4,5,10,13,16,18,21,27,30,33],"killed_by":"Writhing Mass","ascension_level":2}