{"gold_per_floor":[111,36,46,46,46,76,76,106,106,106,122,133,144,144,144,264,264,277,277,296,311,325,325,424,459,459,474,474,7,21,40,40,40],"floor_reached":33,"playtime":1603,"items_purged":["Strike_G","Strike_G"],"score":470,"play_id":"61ab1e9f-006b-4488-9f1b-9b9523042a61","local_time":"20181129011722","is_ascension_mode":true,"campfire_choices":[{"data":"Backstab","floor":7,"key":"SMITH"},{"floor":10,"key":"REST"},{"data":"Finisher","floor":15,"key":"SMITH"},{"data":"Footwork","floor":23,"key":"SMITH"},{"floor":32,"key":"REST"}],"neow_cost":"NONE","seed_source_timestamp":879449544291768,"circlet_count":0,"master_deck":["AscendersBane","Defend_G","Defend_G","Defend_G","Defend_G","Defend_G","Strike_G","Strike_G","Strike_G","Survivor","Neutralize","Flying Knee","Poisoned Stab","Backstab+1","Escape Plan","Finisher+1","Infinite Blades","Footwork+1","After Image","Masterful Stab","Cloak And Dagger","Quick Slash","Sucker Punch","Endless Agony+1","Accuracy"],"relics":["Ring of the Snake","NeowsBlessing","Mummified Hand","Blood Vial","Ornamental Fan","Golden Idol","Philosopher\u0027s Stone","Spirit Poop","Pantograph","Question Card","Lantern","HandDrill"],"potions_floor_usage":[16,21,25,27,27,30,31],"damage_taken":[{"damage":0,"enemies":"Small Slimes","floor":1,"turns":1},{"damage":0,"enemies":"Cultist","floor":3,"turns":1},{"damage":0,"enemies":"Lagavulin","floor":6,"turns":1},{"damage":41,"enemies":"3 Sentries","floor":8,"turns":13},{"damage":2,"enemies":"Jaw Worm","floor":11,"turns":4},{"damage":1,"enemies":"Exordium Wildlife","floor":12,"turns":4},{"damage":0,"enemies":"Lots of Slimes","floor":13,"turns":5},{"damage":42,"enemies":"Slime Boss","floor":16,"turns":12},{"damage":9,"enemies":"Spheric Guardian","floor":18,"turns":5},{"damage":0,"enemies":"Shell Parasite","floor":20,"turns":4},{"damage":12,"enemies":"Snake Plant","floor":21,"turns":5},{"damage":8,"enemies":"Chosen and Byrds","floor":22,"turns":6},{"damage":27,"enemies":"Gremlin Leader","floor":25,"turns":5},{"damage":4,"enemies":"Shelled Parasite and Fungi","floor":27,"turns":4},{"damage":0,"enemies":"3 Cultists","floor":30,"turns":6},{"damage":8,"enemies":"Sentry and Sphere","floor":31,"turns":5},{"damage":76,"enemies":"Automaton","floor":33,"turns":6}],"seed_played":"8856401872775298692","potions_obtained":[{"floor":11,"key":"PowerPotion"},{"floor":12,"key":"Regen Potion"},{"floor":13,"key":"GhostInAJar"},{"floor":18,"key":"Energy Potion"},{"floor":22,"key":"SkillPotion"},{"floor":25,"key":"Fire Potion"}],"is_trial":false,"path_per_floor":["M","$","M","?","$","E","R","E","T","R","M","M","M","?","R","B",null,"M","?","M","M","M","R","?","E","T","M","T","$","M","M","R","B"],"character_chosen":"THE_SILENT","items_purchased":["Accuracy","Block Potion","AttackPotion","HandDrill"],"campfire_rested":2,"item_purchase_floors":[29,29,29,29],"current_hp_per_floor":[63,63,63,63,63,63,63,22,22,43,43,44,46,46,46,21,54,47,47,49,39,33,33,33,8,8,6,6,6,8,2,21,0],"gold":40,"neow_bonus":"THREE_ENEMY_KILL","is_prod":false,"is_daily":false,"chose_seed":false,"campfire_upgraded":3,"win_rate":0,"timestamp":1543472242,"path_taken":["M","$","M","?","?","E","R","E","T","R","M","M","M","?","R","BOSS","M","?","M","?","M","R","?","E","T","M","?","$","M","M","R","BOSS"],"build_version":"2018-11-15","purchased_purges":2,"victory":false,"max_hp_per_floor":[70,70,70,70,70,70,70,70,70,70,70,70,70,65,65,65,65,65,65,65,65,65,65,65,65,65,65,65,65,65,65,65,65],"card_choices":[{"not_picked":["Blade Dance","Masterful Stab"],"picked":"Flying Knee","floor":1},{"not_picked":["Eviscerate","Cloak And Dagger"],"picked":"Poisoned Stab","floor":3},{"not_picked":["Bullet Time","Dash"],"picked":"Backstab","floor":6},{"not_picked":["Dagger Spray","Setup"],"picked":"Escape Plan","floor":8},{"not_picked":["Backstab","Acrobatics"],"picked":"Finisher","floor":11},{"not_picked":["Reflex","Leg Sweep"],"picked":"Infinite Blades","floor":12},{"not_picked":["Crippling Poison","Underhanded Strike"],"picked":"Footwork","floor":13},{"not_picked":["Night Terror","Grand Finale"],"picked":"After Image","floor":16},{"not_picked":["Flying Knee","Slice"],"picked":"Masterful Stab","floor":18},{"not_picked":["Underhanded Strike","Flying Knee+1"],"picked":"Cloak And Dagger","floor":20},{"not_picked":["Bane+1","Dagger Spray"],"picked":"Quick Slash","floor":21},{"not_picked":["After Image","Riddle With Holes+1"],"picked":"Sucker Punch","floor":22},{"not_picked":["Slice","Outmaneuver+1","Reflex"],"picked":"SKIP","floor":25},{"not_picked":["Flechettes","Flying Knee","Cloak And Dagger"],"picked":"Endless Agony+1","floor":27},{"not_picked":["Prepared","Escape Plan","Endless Agony","Quick Slash"],"picked":"SKIP","floor":30},{"not_picked":["Riddle With Holes","Catalyst","Outmaneuver+1","Deflect+1"],"picked":"SKIP","floor":31}],"player_experience":734300,"relics_obtained":[{"floor":6,"key":"Mummified Hand"},{"floor":8,"key":"Blood Vial"},{"floor":9,"key":"Ornamental Fan"},{"floor":25,"key":"Pantograph"},{"floor":26,"key":"Question Card"},{"floor":28,"key":"Lantern"}],"event_choices":[{"damage_healed":0,"gold_gain":0,"player_choice":"Cursed","damage_taken":0,"max_hp_gain":0,"max_hp_loss":0,"event_name":"Wheel of Change","floor":4,"gold_loss":0,"cards_obtained":["Decay"]},{"damage_healed":0,"gold_gain":0,"player_choice":"Lose Max HP","damage_taken":0,"relics_obtained":["Golden Idol"],"max_hp_gain":0,"max_hp_loss":5,"event_name":"Golden Idol","floor":14,"gold_loss":0},{"cards_removed":["Decay"],"damage_healed":0,"gold_gain":0,"player_choice":"Offered Curse","damage_taken":0,"relics_obtained":["Spirit Poop"],"max_hp_gain":0,"max_hp_loss":0,"event_name":"Bonfire Elementals","floor":19,"gold_loss":0},{"damage_healed":0,"gold_gain":99,"player_choice":"Stole From Cult","damage_taken":0,"max_hp_gain":0,"max_hp_loss":0,"event_name":"Nest","floor":24,"gold_loss":0}],"is_beta":false,"boss_relics":[{"not_picked":["Calling Bell","Tiny House"],"picked":"Philosopher\u0027s Stone"}],"items_purged_floors":[2,29],"is_endless":false,"potions_floor_spawned":[11,12,13,18,20,22,25],"killed_by":"Automaton","ascension_level":11}