{"gold_per_floor":[216,32,32,49,61,94,106,118,198,229,251,263,301,324,336,446,508,538,565,388,405,420,448,448,465,492,492,492],"floor_reached":28,"playtime":1983,"items_purged":[],"score":277,"play_id":"fef5acb8-e116-458b-974c-e2866e0fc20e","local_time":"20190714031429","is_ascension_mode":false,"campfire_choices":[{"floor":7,"key":"REST"},{"data":"Redo","floor":12,"key":"SMITH"},{"data":"Ball Lightning","floor":15,"key":"SMITH"},{"floor":24,"key":"REST"}],"neow_cost":"NONE","seed_source_timestamp":286081811898352,"circlet_count":0,"master_deck":["Strike_B","Strike_B","Strike_B","Defend_B","Defend_B","Defend_B","Defend_B","Zap","Dualcast","Redo+1","Storm+1","Capacitor","Conserve Battery","Static Discharge","Go for the Eyes","Buffer","Redo","Ball Lightning+1","Creative AI","Redo","White Noise","Redo","Consume","Trip","Barrage","Static Discharge","Loop","Static Discharge+1","Leap"],"relics":["Cracked Core","Orichalcum","MawBank","Mercury Hourglass","Ginger","Tiny House","Shovel","Anchor"],"potions_floor_usage":[6,10,13,16,18,19,21,23,23],"damage_taken":[{"damage":0,"enemies":"Small Slimes","floor":1,"turns":2},{"damage":0,"enemies":"Cultist","floor":4,"turns":3},{"damage":6,"enemies":"Jaw Worm","floor":5,"turns":4},{"damage":17,"enemies":"3 Sentries","floor":6,"turns":8},{"damage":13,"enemies":"Gremlin Gang","floor":10,"turns":3},{"damage":2,"enemies":"3 Louse","floor":11,"turns":2},{"damage":11,"enemies":"Gremlin Nob","floor":13,"turns":5},{"damage":1,"enemies":"Large Slime","floor":14,"turns":5},{"damage":6,"enemies":"Slime Boss","floor":16,"turns":6},{"damage":12,"enemies":"Shell Parasite","floor":18,"turns":4},{"damage":0,"enemies":"3 Byrds","floor":19,"turns":4},{"damage":8,"enemies":"Centurion and Healer","floor":21,"turns":5},{"damage":8,"enemies":"Cultist and Chosen","floor":22,"turns":4},{"damage":36,"enemies":"Gremlin Leader","floor":23,"turns":5},{"damage":23,"enemies":"Snake Plant","floor":25,"turns":2},{"damage":18,"enemies":"3 Cultists","floor":28,"turns":3}],"seed_played":"-6858659211681017924","potions_obtained":[{"floor":3,"key":"LiquidBronze"},{"floor":3,"key":"Block Potion"},{"floor":3,"key":"SteroidPotion"},{"floor":6,"key":"Regen Potion"},{"floor":13,"key":"AttackPotion"},{"floor":14,"key":"FocusPotion"},{"floor":17,"key":"PowerPotion"},{"floor":18,"key":"Energy Potion"},{"floor":21,"key":"Weak Potion"}],"is_trial":false,"path_per_floor":["M","$","?","M","M","E","R","?","T","M","M","R","E","M","R","B",null,"M","M","$","M","M","E","R","M","T","?","M"],"character_chosen":"DEFECT","items_purchased":["Storm","Orichalcum","Consume","Trip","Barrage"],"campfire_rested":2,"item_purchase_floors":[2,2,20,20,20],"current_hp_per_floor":[75,75,75,75,69,52,74,74,74,61,59,59,62,61,61,55,80,68,68,68,60,52,16,40,17,17,17,0],"gold":492,"neow_bonus":"HUNDRED_GOLD","is_prod":false,"is_daily":false,"chose_seed":false,"campfire_upgraded":2,"win_rate":0.0,"timestamp":1563070469,"path_taken":["M","$","?","M","?","E","R","?","T","M","M","R","E","M","R","BOSS","M","M","$","?","M","E","R","?","T","?","?"],"build_version":"2019-07-05","purchased_purges":0,"victory":false,"max_hp_per_floor":[75,75,75,75,75,75,75,75,75,75,75,75,75,75,75,75,80,80,80,80,80,80,80,80,80,80,80,80],"card_choices":[{"not_picked":["Streamline","Ball Lightning"],"picked":"Redo","floor":1},{"not_picked":["BootSequence","Gash"],"picked":"Capacitor","floor":4},{"not_picked":["Streamline","Biased Cognition"],"picked":"Conserve Battery","floor":5},{"not_picked":["Skim","Compile Driver"],"picked":"Static Discharge","floor":6},{"not_picked":["Sweeping Beam","Barrage"],"picked":"Go for the Eyes","floor":10},{"not_picked":["Compile Driver","Coolheaded"],"picked":"Buffer","floor":11},{"not_picked":["Barrage","Echo Form"],"picked":"Redo","floor":13},{"not_picked":["Heatsinks","Redo"],"picked":"Ball Lightning","floor":14},{"not_picked":["All For One","Amplify"],"picked":"Creative AI","floor":16},{"not_picked":["Stack","Coolheaded"],"picked":"Redo","floor":17},{"not_picked":["Leap","Undo"],"picked":"White Noise","floor":18},{"not_picked":["Leap+1","Go for the Eyes"],"picked":"Redo","floor":19},{"not_picked":["Cold Snap","Chaos"],"picked":"Static Discharge","floor":21},{"not_picked":["Go for the Eyes","Conserve Battery"],"picked":"Loop","floor":22},{"not_picked":["Glacier+1","Rebound"],"picked":"Static Discharge+1","floor":23},{"not_picked":["Cold Snap","Melter"],"picked":"Leap","floor":25}],"player_experience":44138,"relics_obtained":[{"floor":6,"key":"MawBank"},{"floor":9,"key":"Mercury Hourglass"},{"floor":13,"key":"Ginger"},{"floor":23,"key":"Shovel"},{"floor":26,"key":"Anchor"}],"event_choices":[{"damage_healed":0,"gold_gain":0,"player_choice":"Got Potions","damage_taken":0,"max_hp_gain":0,"max_hp_loss":0,"event_name":"Lab","floor":3,"gold_loss":0},{"cards_removed":["Iron Wave"],"damage_healed":0,"gold_gain":0,"player_choice":"Took Card","damage_taken":0,"max_hp_gain":0,"max_hp_loss":0,"event_name":"NoteForYourself","floor":8,"gold_loss":0,"cards_obtained":["Iron Wave"]},{"cards_removed":["Strike_B"],"damage_healed":0,"gold_gain":0,"player_choice":"Purged","damage_taken":0,"max_hp_gain":0,"max_hp_loss":0,"event_name":"Purifier","floor":27,"gold_loss":0}],"is_beta":false,"boss_relics":[{"not_picked":["Nuclear Battery","Fusion Hammer"],"picked":"Tiny House"}],"items_purged_floors":[],"is_endless":false,"potions_floor_spawned":[4,6,13,14,18,21],"killed_by":"3 Cultists","ascension_level":0}