{"gold_per_floor":[109,124,142,159,159,191,191,218,218,218,228,248,248,268,268,345,345,356,11,23,39,39,39,52,52,52,62,80,108,33,50,50,50],"floor_reached":33,"playtime":1670,"items_purged":["Strike_B"],"score":481,"play_id":"a3e93bb3-3e2b-4196-82ed-b895a42cfbb4","local_time":"20181225024540","is_ascension_mode":true,"campfire_choices":[{"floor":7.0,"key":"REST"},{"data":"1","floor":13.0,"key":"LIFT"},{"floor":15.0,"key":"REST"},{"data":"2","floor":23,"key":"LIFT"},{"floor":25,"key":"REST"},{"floor":32,"key":"REST"}],"neow_cost":"NONE","seed_source_timestamp":349752376501871,"circlet_count":0,"master_deck":["AscendersBane","Strike_B","Strike_B","Defend_B","Defend_B","Defend_B","Defend_B","Zap","Dualcast","Beam Cell","Barrage","Compile Driver","Doom and Gloom+1","Cold Snap","Reboot","Conserve Battery","Core Surge","Apotheosis","Cold Snap+1","Genetic Algorithm","Auto Shields","Go for the Eyes"],"special_seed":0,"relics":["Cracked Core","Symbiotic Virus","Girya","Cursed Key","Juzu Bracelet","Torii"],"potions_floor_usage":[16,16,29,29],"damage_taken":[{"damage":0.0,"enemies":"2 Louse","floor":1.0,"turns":2.0},{"damage":5.0,"enemies":"Small Slimes","floor":2.0,"turns":4.0},{"damage":1.0,"enemies":"Cultist","floor":3.0,"turns":3.0},{"damage":6.0,"enemies":"Exordium Thugs","floor":4.0,"turns":3.0},{"damage":16.0,"enemies":"Gremlin Nob","floor":6.0,"turns":3.0},{"damage":20.0,"enemies":"Lagavulin","floor":8.0,"turns":4.0},{"damage":4.0,"enemies":"3 Louse","floor":11.0,"turns":3.0},{"damage":3.0,"enemies":"Gremlin Gang","floor":12.0,"turns":2.0},{"damage":17.0,"enemies":"Exordium Thugs","floor":14.0,"turns":2.0},{"damage":19,"enemies":"Slime Boss","floor":16,"turns":9},{"damage":21,"enemies":"2 Thieves","floor":18,"turns":3},{"damage":0,"enemies":"Chosen","floor":20,"turns":3},{"damage":11,"enemies":"Sentry and Sphere","floor":21,"turns":3},{"damage":7,"enemies":"Cultist and Chosen","floor":24,"turns":3},{"damage":2,"enemies":"3 Cultists","floor":27,"turns":3},{"damage":4,"enemies":"Centurion and Healer","floor":28,"turns":4},{"damage":12,"enemies":"Book of Stabbing","floor":29,"turns":4},{"damage":6,"enemies":"Snecko","floor":31,"turns":3},{"damage":51,"enemies":"Automaton","floor":33,"turns":10}],"seed_played":"-482186714084764450","potions_obtained":[{"floor":1.0,"key":"Explosive Potion"},{"floor":8.0,"key":"PowerPotion"},{"floor":11.0,"key":"Poison Potion"},{"floor":12.0,"key":"Strength Potion"},{"floor":14.0,"key":"SpeedPotion"},{"floor":16,"key":"Strength Potion"},{"floor":18,"key":"SpeedPotion"},{"floor":31,"key":"Ancient Potion"}],"is_trial":false,"path_per_floor":["M","M","M","M","?","E","R","E","T","?","M","M","R","M","R","B",null,"M","$","M","M","?","R","M","R","T","M","M","E","$","M","R","B"],"character_chosen":"DEFECT","items_purchased":["Apotheosis","Juzu Bracelet"],"campfire_rested":4,"item_purchase_floors":[19,19],"current_hp_per_floor":[64,59,58,52,52,36,57,37,37,42,38,35,35,18,40,21,62,41,41,41,30,30,30,23,45,45,43,39,27,27,21,43,0],"gold":50,"neow_bonus":"REMOVE_CARD","is_prod":false,"is_daily":false,"chose_seed":false,"campfire_upgraded":0,"win_rate":0,"timestamp":1545723940,"path_taken":["M","M","M","M","?","E","R","E","T","?","M","M","R","M","R","BOSS","M","$","M","M","?","R","M","R","T","M","M","E","?","M","R","BOSS"],"build_version":"2018-12-20","purchased_purges":1,"victory":false,"max_hp_per_floor":[71,71,71,71,71,71,71,71,71,76,76,76,76,76,76,76,76,76,76,76,76,76,76,76,76,76,76,76,76,76,76,76,76],"card_choices":[{"not_picked":["Loop","Cold Snap"],"picked":"Beam Cell","floor":1.0},{"not_picked":["Double Energy","Steam"],"picked":"Barrage","floor":2.0},{"not_picked":["Scrape","Reinforced Body"],"picked":"Compile Driver","floor":3.0},{"not_picked":["White Noise","Chill"],"picked":"Doom and Gloom","floor":4.0},{"not_picked":["Sweeping Beam","Rebound"],"picked":"Cold Snap","floor":6.0},{"not_picked":["Rebound","Consume","Streamline"],"picked":"SKIP","floor":8.0},{"not_picked":["Streamline","Ball Lightning","Beam Cell"],"picked":"SKIP","floor":11.0},{"not_picked":["FTL","Aggregate"],"picked":"Reboot","floor":12.0},{"not_picked":["Stack","Aggregate"],"picked":"Conserve Battery","floor":14.0},{"not_picked":["Seek","Rainbow"],"picked":"Core Surge","floor":16},{"not_picked":["Consume+1","Doom and Gloom","Hologram"],"picked":"SKIP","floor":18},{"not_picked":["Scrape+1","Rip and Tear","Conserve Battery"],"picked":"SKIP","floor":20},{"not_picked":["Sweeping Beam","Conserve Battery+1"],"picked":"Cold Snap+1","floor":21},{"not_picked":["Stack","Melter"],"picked":"Genetic Algorithm","floor":24},{"not_picked":["Coolheaded","Steam+1"],"picked":"Auto Shields","floor":27},{"not_picked":["Darkness","Sunder"],"picked":"Go for the Eyes","floor":28},{"not_picked":["Compile Driver","Melter","Rebound"],"picked":"SKIP","floor":29},{"not_picked":["Hello World","Cold Snap","Rebound"],"picked":"SKIP","floor":31}],"player_experience":976097,"relics_obtained":[{"floor":6.0,"key":"Symbiotic Virus"},{"floor":8.0,"key":"Girya"},{"floor":29,"key":"Torii"}],"event_choices":[{"damage_healed":0.0,"max_hp_gain":0.0,"max_hp_loss":0.0,"gold_gain":0.0,"event_name":"Living Wall","player_choice":"Grow","floor":5.0,"gold_loss":0.0,"damage_taken":0.0,"cards_upgraded":["Doom and Gloom"]},{"damage_healed":0.0,"max_hp_gain":5.0,"max_hp_loss":0.0,"gold_gain":0.0,"event_name":"Big Fish","player_choice":"Donut","floor":10.0,"gold_loss":0.0,"damage_taken":0.0},{"damage_healed":0,"gold_gain":0,"player_choice":"0 cards matched","damage_taken":0,"max_hp_gain":0,"max_hp_loss":0,"event_name":"Match and Keep!","floor":22,"gold_loss":0,"cards_obtained":[]}],"is_beta":false,"boss_relics":[{"not_picked":["Coffee Dripper","Black Star"],"picked":"Cursed Key"}],"items_purged_floors":[30],"is_endless":false,"potions_floor_spawned":[1,8,11,12,14,16,18,21,27,31],"killed_by":"Automaton","ascension_level":14}