{"gold_per_floor":[112,112,287,299,1,1,20,11,11,41,41,41,41,54,54,125,125,144,164,164],"floor_reached":20,"playtime":659,"items_purged":["Regret"],"score":296,"play_id":"114a50e4-3f45-4ebd-b063-6c4e72fbb248","local_time":"20190705143255","is_ascension_mode":true,"campfire_choices":[{"data":"Apotheosis","floor":6,"key":"SMITH"},{"data":"Defragment","floor":11,"key":"SMITH"},{"floor":13,"key":"REST"},{"floor":15,"key":"REST"}],"neow_cost":"NONE","seed_source_timestamp":524451927416,"circlet_count":0,"master_deck":["AscendersBane","Strike_B","Strike_B","Strike_B","Strike_B","Defend_B","Defend_B","Defend_B","Defend_B","Zap","Dualcast","Cold Snap","Doubt","Redo","Apotheosis+1","Leap","Capacitor","Compile Driver","Defragment+1","Pain","Streamline","Electrodynamics","Stack"],"relics":["Cracked Core","NeowsBlessing","Pear","Boot","Regal Pillow","WarpedTongs","Nuclear Battery"],"potions_floor_usage":[8,16],"damage_taken":[{"damage":0,"enemies":"Cultist","floor":1,"turns":1},{"damage":0,"enemies":"Small Slimes","floor":4,"turns":1},{"damage":0,"enemies":"Jaw Worm","floor":7,"turns":1},{"damage":8,"enemies":"Exordium Thugs","floor":8,"turns":4},{"damage":31,"enemies":"Lagavulin","floor":10,"turns":6},{"damage":38,"enemies":"Gremlin Gang","floor":14,"turns":4},{"damage":52,"enemies":"Slime Boss","floor":16,"turns":8},{"damage":13,"enemies":"Spheric Guardian","floor":18,"turns":5},{"damage":36,"enemies":"Shell Parasite","floor":19,"turns":6},{"damage":23,"enemies":"Chosen and Byrds","floor":20,"turns":5}],"seed_played":"3486207336465070416","potions_obtained":[{"floor":1,"key":"GamblersBrew"},{"floor":7,"key":"FocusPotion"},{"floor":8,"key":"SmokeBomb"}],"is_trial":false,"path_per_floor":["M","?","?","M","$","R","M","M","T","E","R","?","R","M","R","B",null,"M","M","M"],"character_chosen":"DEFECT","items_purchased":["Apotheosis","Leap"],"campfire_rested":2,"item_purchase_floors":[5,5],"current_hp_per_floor":[64,74,74,74,74,74,74,66,66,35,35,35,74,36,75,23,67,54,18,0],"gold":164,"neow_bonus":"THREE_ENEMY_KILL","is_prod":false,"is_daily":false,"chose_seed":false,"campfire_upgraded":2,"win_rate":0,"timestamp":1562301175,"path_taken":["M","?","?","M","$","R","M","M","T","E","R","?","R","M","R","BOSS","M","M","?"],"build_version":"2019-07-01","purchased_purges":1,"victory":false,"max_hp_per_floor":[71,81,81,81,81,81,81,81,81,81,81,81,81,81,81,81,81,81,81,81],"card_choices":[{"not_picked":["Chaos","White Noise"],"picked":"Cold Snap","floor":1},{"not_picked":["Steam Power","Stack"],"picked":"Redo","floor":4},{"not_picked":["Hologram","Skim"],"picked":"Capacitor","floor":7},{"not_picked":["Gash","Turbo"],"picked":"Compile Driver","floor":8},{"not_picked":["Static Discharge","Scrape"],"picked":"Defragment","floor":10},{"not_picked":["Barrage","Compile Driver"],"picked":"Streamline","floor":14},{"not_picked":["Buffer","Seek"],"picked":"Electrodynamics","floor":16},{"not_picked":["Static Discharge","Steam","Rebound+1"],"picked":"SKIP","floor":18},{"not_picked":["Steam+1","Hologram"],"picked":"Stack","floor":19}],"player_experience":938662,"relics_obtained":[{"floor":9,"key":"Boot"},{"floor":10,"key":"Regal Pillow"}],"event_choices":[{"damage_healed":0,"gold_gain":0,"player_choice":"Box","damage_taken":0,"relics_obtained":["Pear"],"max_hp_gain":0,"max_hp_loss":0,"event_name":"Big Fish","floor":2,"gold_loss":0,"cards_obtained":["Regret"]},{"damage_healed":0,"gold_gain":175,"player_choice":"AGREE","damage_taken":0,"max_hp_gain":0,"max_hp_loss":0,"event_name":"Liars Game","floor":3,"gold_loss":0,"cards_obtained":["Doubt"]},{"damage_healed":0,"gold_gain":0,"player_choice":"Rummage","damage_taken":0,"relics_obtained":["WarpedTongs"],"max_hp_gain":0,"max_hp_loss":0,"event_name":"Accursed Blacksmith","floor":12,"gold_loss":0,"cards_obtained":["Pain"]}],"is_beta":false,"boss_relics":[{"not_picked":["Busted Crown","Astrolabe"],"picked":"Nuclear Battery"}],"items_purged_floors":[5],"is_endless":false,"potions_floor_spawned":[1,7,8],"killed_by":"Chosen and Byrds","ascension_level":14}