{"gold_per_floor":[217,217,229,245,256,256,268,268,349,365,365,381,396,410,410,482,482,496,546,6,26,26,26,37,37,37,37],"floor_reached":27,"playtime":1248,"items_purged":["Strike_B"],"score":387,"play_id":"3c0f58f3-fdd4-4784-9ce4-b467185c0a28","local_time":"20190811132830","is_ascension_mode":true,"campfire_choices":[{"floor":6,"key":"REST"},{"data":"Coolheaded","floor":8,"key":"SMITH"},{"floor":11,"key":"REST"},{"floor":15,"key":"REST"},{"floor":23,"key":"REST"},{"floor":25,"key":"REST"}],"neow_cost":"NONE","seed_source_timestamp":21299822488948,"circlet_count":0,"master_deck":["AscendersBane","Strike_B","Strike_B","Defend_B","Defend_B","Defend_B","Defend_B","Zap","Dualcast","Auto Shields","Sweeping Beam","White Noise","Coolheaded+1","Sunder","Glacier","Seek","Ball Lightning+1","Gash+1","Rainbow","Creative AI","Go for the Eyes+1","Reinforced Body","Turbo","Barrage+1","Rebound+1","Doom and Gloom+1","Hologram"],"relics":["Cracked Core","Molten Egg 2","Orrery","OrangePellets","Oddly Smooth Stone","Nilry\u0027s Codex","Mercury Hourglass"],"potions_floor_usage":[5,14,16,16,24],"damage_taken":[{"damage":9,"enemies":"Small Slimes","floor":1,"turns":4},{"damage":0,"enemies":"Cultist","floor":3,"turns":3},{"damage":0,"enemies":"2 Louse","floor":4,"turns":2},{"damage":32,"enemies":"Gremlin Gang","floor":5,"turns":5},{"damage":0,"enemies":"Looter","floor":7,"turns":2},{"damage":1,"enemies":"3 Louse","floor":10,"turns":3},{"damage":7,"enemies":"2 Fungi Beasts","floor":12,"turns":4},{"damage":24,"enemies":"Exordium Thugs","floor":13,"turns":7},{"damage":0,"enemies":"3 Louse","floor":14,"turns":1},{"damage":20,"enemies":"The Guardian","floor":16,"turns":13},{"damage":25,"enemies":"3 Byrds","floor":18,"turns":3},{"damage":8,"enemies":"2 Thieves","floor":21,"turns":4},{"damage":40,"enemies":"Centurion and Healer","floor":24,"turns":12},{"damage":31,"enemies":"Gremlin Leader","floor":27,"turns":6}],"seed_played":"-2373698049242868908","potions_obtained":[{"floor":1,"key":"Swift Potion"},{"floor":7,"key":"Fruit Juice"},{"floor":10,"key":"EssenceOfSteel"},{"floor":14,"key":"Explosive Potion"},{"floor":16,"key":"FairyPotion"},{"floor":21,"key":"Weak Potion"}],"is_trial":false,"path_per_floor":["M","?","M","M","M","R","M","R","T","M","R","M","M","M","R","B",null,"M","?","$","M","?","R","M","R","T","E"],"character_chosen":"DEFECT","items_purchased":["OrangePellets","Oddly Smooth Stone","Doom and Gloom+1"],"campfire_rested":5,"item_purchase_floors":[20,20,20],"current_hp_per_floor":[55,55,55,55,23,44,44,44,44,43,64,57,33,38,60,40,67,42,35,35,27,6,28,2,24,24,0],"gold":37,"neow_bonus":"HUNDRED_GOLD","is_prod":false,"is_daily":false,"chose_seed":false,"campfire_upgraded":1,"win_rate":0,"timestamp":1565494110,"path_taken":["M","?","M","M","M","R","M","R","T","M","R","?","M","M","R","BOSS","M","?","$","?","?","R","M","R","T","E"],"build_version":"2019-07-17","purchased_purges":1,"victory":false,"max_hp_per_floor":[71,71,71,71,71,71,71,71,71,71,71,71,71,76,76,76,76,76,76,76,76,76,76,76,76,76,76],"card_choices":[{"not_picked":["Doom and Gloom","Cold Snap"],"picked":"Auto Shields","floor":1},{"not_picked":["Barrage","Skim"],"picked":"Sweeping Beam","floor":3},{"not_picked":["Streamline","Sweeping Beam"],"picked":"White Noise","floor":4},{"not_picked":["Sweeping Beam","Tempest"],"picked":"Coolheaded","floor":5},{"not_picked":["Steam Power","Conserve Battery"],"picked":"Sunder","floor":7},{"not_picked":["Steam","Reprogram"],"picked":"Glacier","floor":10},{"not_picked":["Compile Driver+1","Coolheaded"],"picked":"Seek","floor":12},{"not_picked":["Streamline+1","Gash+1"],"picked":"Ball Lightning+1","floor":13},{"not_picked":["Machine Learning","Steam"],"picked":"Gash+1","floor":14},{"not_picked":["Amplify","Meteor Strike+1"],"picked":"Rainbow","floor":16},{"not_picked":["Redo","Storm"],"picked":"Creative AI","floor":17},{"not_picked":["Leap","Rebound+1"],"picked":"Go for the Eyes+1","floor":17},{"not_picked":["Auto Shields","Beam Cell+1"],"picked":"Reinforced Body","floor":17},{"not_picked":["Chaos","Blizzard+1"],"picked":"Turbo","floor":17},{"not_picked":["Chaos","Steam"],"picked":"Barrage+1","floor":17},{"not_picked":["Conserve Battery","Sweeping Beam+1"],"picked":"Rebound+1","floor":18},{"not_picked":["Blizzard+1","Steam+1"],"picked":"Hologram","floor":21},{"not_picked":["Leap","Redo","Static Discharge"],"picked":"SKIP","floor":24}],"player_experience":1197252,"relics_obtained":[{"floor":9,"key":"Molten Egg 2"},{"floor":22,"key":"Nilry\u0027s Codex"},{"floor":26,"key":"Mercury Hourglass"}],"event_choices":[{"cards_removed":["Strike_B"],"damage_healed":0,"gold_gain":0,"player_choice":"Offered Basic","damage_taken":0,"max_hp_gain":0,"max_hp_loss":0,"event_name":"Bonfire Elementals","floor":2,"gold_loss":0},{"damage_healed":0,"gold_gain":50,"player_choice":"Touch","damage_taken":7,"max_hp_gain":0,"max_hp_loss":0,"event_name":"FaceTrader","floor":19,"gold_loss":0},{"damage_healed":0,"gold_gain":0,"player_choice":"Obtained Book","damage_taken":21,"max_hp_gain":0,"max_hp_loss":0,"event_name":"Cursed Tome","floor":22,"gold_loss":0}],"is_beta":false,"boss_relics":[{"not_picked":["Philosopher\u0027s Stone","Calling Bell"],"picked":"Orrery"}],"items_purged_floors":[20],"is_endless":false,"potions_floor_spawned":[1,7,10,14,16,21],"killed_by":"Gremlin Leader","ascension_level":17}