{"gold_per_floor":[115,128,145,70,70,96,112,140,140,140,160,190,190,200,200,272,272,288,266,266,266,266,266],"floor_reached":23,"playtime":1387,"items_purged":[],"score":422,"play_id":"5f0afe34-10ac-485f-865f-52511803dc97","local_time":"20190804004118","is_ascension_mode":true,"campfire_choices":[{"floor":10,"key":"REST"},{"data":"Coolheaded","floor":13,"key":"SMITH"},{"data":"Glacier","floor":15,"key":"SMITH"}],"neow_cost":"TEN_PERCENT_HP_LOSS","seed_source_timestamp":637303898846408,"circlet_count":0,"master_deck":["AscendersBane","Strike_B+1","Defend_B","Zap","Dualcast","Sunder+1","Gash","Gash","Glacier+1","BootSequence","Reinforced Body","Coolheaded+1","Seek","Fission","Go for the Eyes","Loop+1"],"relics":["Cracked Core","Frozen Egg 2","Whetstone","Pantograph","WingedGreaves","Busted Crown","Nilry\u0027s Codex"],"potions_floor_usage":[6,12,14,16],"damage_taken":[{"damage":2,"enemies":"Jaw Worm","floor":1,"turns":3},{"damage":0,"enemies":"2 Louse","floor":2,"turns":2},{"damage":0,"enemies":"Small Slimes","floor":3,"turns":2},{"damage":25,"enemies":"Lagavulin","floor":6,"turns":6},{"damage":0,"enemies":"2 Fungi Beasts","floor":7,"turns":2},{"damage":15,"enemies":"3 Sentries","floor":8,"turns":9},{"damage":0,"enemies":"Blue Slaver","floor":11,"turns":2},{"damage":12,"enemies":"Lagavulin","floor":12,"turns":8},{"damage":2,"enemies":"Exordium Thugs","floor":14,"turns":6},{"damage":17,"enemies":"The Guardian","floor":16,"turns":13},{"damage":10,"enemies":"Shell Parasite","floor":18,"turns":6},{"damage":5,"enemies":"2 Thieves","floor":19,"turns":4},{"damage":22,"enemies":"Book of Stabbing","floor":23,"turns":5}],"seed_played":"5051597691604974834","potions_obtained":[{"floor":1,"key":"FearPotion"},{"floor":6,"key":"Ancient Potion"},{"floor":7,"key":"Poison Potion"},{"floor":12,"key":"Ancient Potion"}],"is_trial":false,"path_per_floor":["M","M","M","?","?","E","M","E","T","R","M","E","R","M","R","B",null,"M","M","?","?","?","E"],"character_chosen":"DEFECT","items_purchased":[],"campfire_rested":1,"item_purchase_floors":[],"current_hp_per_floor":[62,62,62,62,62,37,37,22,22,41,41,29,29,27,27,35,57,47,42,42,21,21,0],"gold":266,"neow_bonus":"REMOVE_TWO","is_prod":false,"is_daily":false,"chose_seed":false,"campfire_upgraded":2,"win_rate":0,"timestamp":1564893678,"path_taken":["M","M","M","?","?","E","M","E","T","R","M","E","R","M","R","BOSS","M","M","?","?","?","E"],"build_version":"2019-07-17","purchased_purges":0,"victory":false,"max_hp_per_floor":[64,64,64,64,64,64,64,64,64,64,64,64,64,64,64,64,64,64,64,64,64,64,64],"card_choices":[{"not_picked":["Stack","Ball Lightning"],"picked":"Sunder","floor":1},{"not_picked":["Go for the Eyes","Rip and Tear"],"picked":"Gash","floor":2},{"not_picked":["Cold Snap","Go for the Eyes"],"picked":"Gash","floor":3},{"not_picked":["Doom and Gloom","Stack"],"picked":"Glacier","floor":6},{"not_picked":["Go for the Eyes","Meteor Strike"],"picked":"BootSequence","floor":7},{"not_picked":["Steam","Turbo"],"picked":"Reinforced Body","floor":8},{"not_picked":["Rebound","Hello World+1"],"picked":"Coolheaded","floor":11},{"not_picked":["Go for the Eyes","Redo","Streamline"],"picked":"SKIP","floor":12},{"not_picked":["Compile Driver","Ball Lightning","Hologram"],"picked":"SKIP","floor":14},{"not_picked":["Amplify","Hyperbeam"],"picked":"Seek","floor":16},{"not_picked":["Aggregate"],"picked":"SKIP","floor":18},{"not_picked":["Steam"],"picked":"SKIP","floor":19}],"player_experience":1702560,"relics_obtained":[{"floor":6,"key":"Frozen Egg 2"},{"floor":8,"key":"Whetstone"},{"floor":9,"key":"Pantograph"},{"floor":12,"key":"WingedGreaves"},{"floor":21,"key":"Nilry\u0027s Codex"}],"event_choices":[{"cards_removed":["Strike_B"],"damage_healed":0,"gold_gain":0,"player_choice":"Card Removal","damage_taken":0,"max_hp_gain":0,"max_hp_loss":0,"event_name":"The Cleric","floor":4,"gold_loss":75},{"damage_healed":0,"gold_gain":0,"player_choice":"Ignored","damage_taken":0,"max_hp_gain":0,"max_hp_loss":0,"event_name":"Liars Game","floor":5,"gold_loss":0},{"damage_healed":0,"gold_gain":0,"cards_transformed":["Defend_B","Strike_B"],"player_choice":"Became Test Subject","damage_taken":0,"max_hp_gain":0,"max_hp_loss":0,"event_name":"Drug Dealer","floor":20,"gold_loss":0,"cards_obtained":["Fission","Go for the Eyes"]},{"damage_healed":0,"gold_gain":0,"player_choice":"Obtained Book","damage_taken":21,"max_hp_gain":0,"max_hp_loss":0,"event_name":"Cursed Tome","floor":21,"gold_loss":0},{"damage_healed":0,"gold_gain":0,"cards_transformed":["Defend_B"],"player_choice":"Transformed","damage_taken":0,"max_hp_gain":0,"max_hp_loss":0,"event_name":"Transmorgrifier","floor":22,"gold_loss":0,"cards_obtained":["Loop"]}],"is_beta":false,"boss_relics":[{"not_picked":["Velvet Choker","Philosopher\u0027s Stone"],"picked":"Busted Crown"}],"items_purged_floors":[],"is_endless":false,"potions_floor_spawned":[1,6,7,12],"killed_by":"Book of Stabbing","ascension_level":20}