{"gold_per_floor":[111,111,91,16,36,36,61,77,77,77,89,108,108,133,133,212,212,227,242,242,15,15,15,50,50,73,87,87,104,104,124,124,124],"floor_reached":33,"playtime":1299,"items_purged":["Strike_B"],"score":525,"play_id":"4808f9e6-0c67-4d50-98b0-9c8d0ccef4f0","local_time":"20190723214510","is_ascension_mode":true,"campfire_choices":[{"data":"Capacitor","floor":6,"key":"SMITH"},{"data":"Reinforced Body","floor":10,"key":"SMITH"},{"data":"Double Energy","floor":13,"key":"SMITH"},{"floor":15,"key":"REST"},{"data":"Dualcast","floor":23,"key":"SMITH"},{"data":"Self Repair","floor":25,"key":"SMITH"},{"data":"Coolheaded","floor":32,"key":"SMITH"}],"neow_cost":"NONE","seed_source_timestamp":16826995391029,"circlet_count":0,"master_deck":["AscendersBane","Strike_B+1","Strike_B+1","Strike_B+1","Defend_B+1","Defend_B+1","Defend_B+1","Defend_B+1","Zap+1","Dualcast+1","Capacitor+1","Self Repair+1","Ball Lightning","Compile Driver","Reinforced Body+1","Double Energy+1","Barrage","Conserve Battery","Electrodynamics","Sweeping Beam","Undo","Coolheaded+1","Writhe","Stack+1","Core Surge"],"relics":["Cracked Core","NeowsBlessing","The Courier","Bronze Scales","Boot","Coffee Dripper","HandDrill","Centennial Puzzle","Anchor","Art of War"],"potions_floor_usage":[14,14,16,19,24,33,33],"damage_taken":[{"damage":0,"enemies":"Small Slimes","floor":1,"turns":1},{"damage":0,"enemies":"Cultist","floor":5,"turns":1},{"damage":0,"enemies":"3 Sentries","floor":7,"turns":1},{"damage":0,"enemies":"2 Louse","floor":8,"turns":2},{"damage":1,"enemies":"Exordium Wildlife","floor":11,"turns":4},{"damage":4,"enemies":"Looter","floor":12,"turns":3},{"damage":13,"enemies":"Lagavulin","floor":14,"turns":5},{"damage":30,"enemies":"The Guardian","floor":16,"turns":10},{"damage":19,"enemies":"Spheric Guardian","floor":18,"turns":4},{"damage":8,"enemies":"Chosen","floor":19,"turns":5},{"damage":23,"enemies":"Book of Stabbing","floor":24,"turns":7},{"damage":10,"enemies":"Centurion and Healer","floor":27,"turns":6},{"damage":20,"enemies":"3 Cultists","floor":29,"turns":4},{"damage":6,"enemies":"Colosseum Slavers","floor":30,"turns":4},{"damage":24,"enemies":"Cultist and Chosen","floor":31,"turns":5},{"damage":22,"enemies":"Collector","floor":33,"turns":3}],"seed_played":"1287217572048240303","potions_obtained":[{"floor":1,"key":"Swift Potion"},{"floor":3,"key":"Swift Potion"},{"floor":14,"key":"AttackPotion"},{"floor":16,"key":"Block Potion"},{"floor":18,"key":"Fire Potion"},{"floor":19,"key":"SteroidPotion"},{"floor":31,"key":"SpeedPotion"}],"is_trial":false,"path_per_floor":["M","?","?","$","M","R","E","M","T","R","M","M","R","E","R","B",null,"M","M","?","$","?","R","E","R","T","M","?","M","?","M","R","B"],"character_chosen":"DEFECT","items_purchased":["Self Repair","HandDrill"],"campfire_rested":1,"item_purchase_floors":[4,21],"current_hp_per_floor":[64,43,43,43,43,43,50,50,50,50,56,52,52,46,67,44,64,52,51,51,51,51,51,35,35,35,35,35,25,29,15,15,0],"gold":124,"neow_bonus":"THREE_ENEMY_KILL","is_prod":false,"is_daily":false,"chose_seed":false,"campfire_upgraded":6,"win_rate":0,"timestamp":1563882310,"path_taken":["M","?","?","$","M","R","E","M","T","R","M","M","R","E","R","BOSS","M","?","?","$","?","R","E","R","T","M","?","?","?","M","R","BOSS"],"build_version":"2019-07-17","purchased_purges":1,"victory":false,"max_hp_per_floor":[71,71,71,71,71,71,71,71,71,71,71,71,71,71,71,71,71,71,71,71,71,71,71,71,71,71,71,71,71,71,71,71,71],"card_choices":[{"not_picked":["Force Field","Barrage"],"picked":"Capacitor","floor":1},{"not_picked":["Chill","Gash"],"picked":"Ball Lightning","floor":5},{"not_picked":["Skim","Streamline"],"picked":"Compile Driver","floor":7},{"not_picked":["Streamline","Aggregate"],"picked":"Reinforced Body","floor":8},{"not_picked":["Streamline","Turbo"],"picked":"Double Energy","floor":11},{"not_picked":["Hologram","Gash"],"picked":"Barrage","floor":12},{"not_picked":["Thunder Strike","Reprogram"],"picked":"Conserve Battery","floor":14},{"not_picked":["All For One","Amplify"],"picked":"Electrodynamics","floor":16},{"not_picked":["Conserve Battery","Gash","Aggregate"],"picked":"SKIP","floor":18},{"not_picked":["Auto Shields","Hologram"],"picked":"Sweeping Beam","floor":19},{"not_picked":["Ball Lightning","Barrage","Compile Driver"],"picked":"SKIP","floor":24},{"not_picked":["Conserve Battery","Sunder"],"picked":"Coolheaded","floor":27},{"not_picked":["Heatsinks","Storm+1"],"picked":"Stack+1","floor":29},{"not_picked":["Steam","Redo"],"picked":"Core Surge","floor":31}],"player_experience":1084460,"relics_obtained":[{"floor":7,"key":"The Courier"},{"floor":9,"key":"Bronze Scales"},{"floor":14,"key":"Boot"},{"floor":24,"key":"Centennial Puzzle"},{"floor":26,"key":"Anchor"}],"event_choices":[{"damage_healed":0,"gold_gain":0,"player_choice":"Entered Light","damage_taken":21,"max_hp_gain":0,"max_hp_loss":0,"event_name":"Shining Light","floor":2,"gold_loss":0,"cards_upgraded":["Zap","Defend_B"]},{"damage_healed":0,"gold_gain":0,"player_choice":"Bought 1 Potion","damage_taken":0,"max_hp_gain":0,"max_hp_loss":0,"event_name":"The Woman in Blue","floor":3,"gold_loss":0},{"damage_healed":0,"gold_gain":0,"player_choice":"Read","damage_taken":0,"max_hp_gain":0,"max_hp_loss":0,"event_name":"The Library","floor":20,"gold_loss":0,"cards_obtained":["Undo"]},{"damage_healed":0,"gold_gain":0,"player_choice":"Simplicity","damage_taken":0,"max_hp_gain":0,"max_hp_loss":0,"event_name":"Back to Basics","floor":22,"gold_loss":0,"cards_upgraded":["Strike_B","Strike_B","Strike_B","Defend_B","Defend_B","Defend_B"]},{"damage_healed":0,"gold_gain":0,"player_choice":"Opened","damage_taken":0,"relics_obtained":["Art of War"],"max_hp_gain":0,"max_hp_loss":0,"event_name":"The Mausoleum","floor":28,"gold_loss":0,"cards_obtained":["Writhe"]},{"damage_healed":0,"gold_gain":0,"player_choice":"Fight","damage_taken":0,"max_hp_gain":0,"max_hp_loss":0,"event_name":"Colosseum","floor":30,"gold_loss":0},{"damage_healed":0,"gold_gain":0,"player_choice":"Fled From Nobs","damage_taken":0,"max_hp_gain":0,"max_hp_loss":0,"event_name":"Colosseum","floor":30,"gold_loss":0}],"is_beta":false,"boss_relics":[{"not_picked":["Sozu","Runic Dome"],"picked":"Coffee Dripper"}],"items_purged_floors":[21],"is_endless":false,"potions_floor_spawned":[1,14,16,18,19,31],"killed_by":"Collector","ascension_level":15}