{"gold_per_floor":[111,129,139,68,68,97,97,168,168,181,198,211,211,243,243,338,338,353,383,398,398,414,414,158,158,158,182,207,237,264,307,319,331],"floor_reached":33,"playtime":2944,"items_purged":[],"score":281,"play_id":"a091b377-d6e8-49e6-b2c1-d973fa6f8dc6","local_time":"20190718170137","is_ascension_mode":false,"campfire_choices":[{"floor":7.0,"key":"REST"},{"data":"Armaments","floor":13.0,"key":"SMITH"},{"floor":15.0,"key":"REST"},{"floor":23,"key":"REST"},{"floor":25,"key":"REST"},{"floor":32,"key":"REST"}],"neow_cost":"NONE","seed_source_timestamp":0,"circlet_count":0,"master_deck":["Strike_R","Strike_R","Strike_R","Strike_R","Strike_R","Defend_R","Defend_R","Defend_R","Defend_R","Bash","Shrug It Off","Blood for Blood","Twin Strike","Flex","Body Slam","Cleave","Cleave","Twin Strike","Armaments+1","Shrug It Off","Thunderclap","Flex","Rage","Iron Wave","Shrug It Off","Clash","Body Slam","Perfected Strike"],"special_seed":0,"relics":["Burning Blood","NeowsBlessing","Pear","Boot","Bottled Lightning","Letter Opener","Lizard Tail","Red Mask","Enchiridion","Ancient Tea Set","MawBank","Bag of Marbles"],"potions_floor_usage":[31,31,33],"damage_taken":[{"damage":0.0,"enemies":"Cultist","floor":1.0,"turns":1.0},{"damage":0.0,"enemies":"Jaw Worm","floor":2.0,"turns":1.0},{"damage":0.0,"enemies":"Small Slimes","floor":3.0,"turns":2.0},{"damage":28.0,"enemies":"3 Sentries","floor":6.0,"turns":8.0},{"damage":19.0,"enemies":"Blue Slaver","floor":10.0,"turns":3.0},{"damage":12.0,"enemies":"Looter","floor":11.0,"turns":4.0},{"damage":3.0,"enemies":"Large Slime","floor":12.0,"turns":5.0},{"damage":18.0,"enemies":"Lagavulin","floor":14.0,"turns":4.0},{"damage":41.0,"enemies":"Slime Boss","floor":16.0,"turns":12.0},{"damage":7.0,"enemies":"Chosen","floor":18.0,"turns":5.0},{"damage":6.0,"enemies":"Masked Bandits","floor":19.0,"turns":5.0},{"damage":12.0,"enemies":"3 Byrds","floor":20.0,"turns":5.0},{"damage":39,"enemies":"3 Cultists","floor":22,"turns":6},{"damage":24,"enemies":"Shelled Parasite and Fungi","floor":27,"turns":6},{"damage":14,"enemies":"Snecko","floor":28,"turns":8},{"damage":0,"enemies":"Cultist and Chosen","floor":29,"turns":6},{"damage":14,"enemies":"Chosen and Byrds","floor":30,"turns":5},{"damage":20,"enemies":"Book of Stabbing","floor":31,"turns":5},{"damage":166,"enemies":"Champ","floor":33,"turns":18}],"seed_played":"6641235374059242324","potions_obtained":[{"floor":10.0,"key":"GamblersBrew"},{"floor":11.0,"key":"Dexterity Potion"},{"floor":12.0,"key":"Energy Potion"},{"floor":14.0,"key":"Block Potion"},{"floor":16.0,"key":"FearPotion"},{"floor":22,"key":"AttackPotion"},{"floor":27,"key":"BloodPotion"},{"floor":29,"key":"Energy Potion"},{"floor":30,"key":"FearPotion"}],"is_trial":false,"path_per_floor":["M","M","M","$","?","E","R","?","T","M","M","M","R","E","R","B",null,"M","?","M","?","M","R","$","R","T","M","M","M","M","E","R","B"],"character_chosen":"IRONCLAD","items_purchased":["Flex","Body Slam","Ancient Tea Set","Iron Wave","Shrug It Off"],"campfire_rested":5,"item_purchase_floors":[4,4,24,24,24],"current_hp_per_floor":[80,80,80,80,78,56,83,83,83,70,64,67,67,55,82,47,90,89,89,83,67,34,61,61,88,88,70,62,68,60,46,73,0],"gold":331,"neow_bonus":"THREE_ENEMY_KILL","is_prod":false,"is_daily":false,"chose_seed":false,"campfire_upgraded":1,"win_rate":0,"timestamp":1563465697,"path_taken":["M","?","M","$","?","E","R","?","T","M","M","M","R","E","R","BOSS","M","?","M","?","M","R","$","R","T","M","M","M","M","E","R","BOSS"],"build_version":"2019-07-17","purchased_purges":0,"victory":false,"max_hp_per_floor":[80,80,80,80,90,90,90,90,90,90,90,90,90,90,90,90,90,90,90,90,90,90,90,90,90,90,90,90,90,90,90,90,90],"card_choices":[{"not_picked":["Flex","Cleave"],"picked":"Shrug It Off","floor":1.0},{"not_picked":["Sword Boomerang","Burning Pact"],"picked":"Blood for Blood","floor":2.0},{"not_picked":["Pommel Strike","Rampage"],"picked":"Twin Strike","floor":3.0},{"not_picked":["Pommel Strike","Shockwave"],"picked":"Cleave","floor":6.0},{"not_picked":["Hemokinesis","Dropkick"],"picked":"Cleave","floor":10.0},{"not_picked":["Headbutt","Limit Break"],"picked":"Twin Strike","floor":11.0},{"not_picked":["Cleave","Searing Blow"],"picked":"Armaments","floor":12.0},{"not_picked":["Sever Soul","Body Slam"],"picked":"Shrug It Off","floor":14.0},{"not_picked":["Heavy Blade+1","Power Through+1"],"picked":"Thunderclap","floor":18.0},{"not_picked":["Rupture","Berserk"],"picked":"Flex","floor":19.0},{"not_picked":["Sword Boomerang","Corruption","Carnage+1"],"picked":"SKIP","floor":20},{"not_picked":["Rampage","Bloodletting"],"picked":"Rage","floor":22},{"not_picked":["Combust","Armaments+1"],"picked":"Clash","floor":27},{"not_picked":["Thunderclap","Whirlwind+1"],"picked":"Body Slam","floor":28},{"not_picked":["Pommel Strike","Rupture"],"picked":"Perfected Strike","floor":29},{"not_picked":["Impervious","Dropkick","Headbutt"],"picked":"SKIP","floor":30},{"not_picked":["Heavy Blade+1","Rupture","Brutality"],"picked":"SKIP","floor":31}],"player_experience":47167,"relics_obtained":[{"floor":6.0,"key":"Boot"},{"floor":9.0,"key":"Bottled Lightning"},{"floor":14.0,"key":"Letter Opener"},{"floor":19.0,"key":"Red Mask"},{"floor":21,"key":"Enchiridion"},{"floor":26,"key":"MawBank"},{"floor":31,"key":"Bag of Marbles"}],"event_choices":[{"damage_healed":0.0,"max_hp_gain":0.0,"max_hp_loss":0.0,"gold_gain":0.0,"event_name":"Scrap Ooze","player_choice":"Success","floor":5.0,"gold_loss":0.0,"damage_taken":12.0,"relics_obtained":["Pear"]},{"damage_healed":0.0,"max_hp_gain":0.0,"max_hp_loss":0.0,"gold_gain":71.0,"event_name":"Golden Wing","player_choice":"Gained Gold","floor":8.0,"gold_loss":0.0,"damage_taken":0.0},{"damage_healed":0.0,"max_hp_gain":0.0,"max_hp_loss":0.0,"gold_gain":0.0,"event_name":"Masked Bandits","player_choice":"Fought Bandits","floor":19.0,"gold_loss":0.0,"damage_taken":0.0},{"damage_healed":0,"gold_gain":0,"player_choice":"Obtained Book","damage_taken":16,"max_hp_gain":0,"max_hp_loss":0,"event_name":"Cursed Tome","floor":21,"gold_loss":0}],"is_beta":false,"boss_relics":[{"not_picked":["Velvet Choker","Runic Pyramid"],"picked":"Lizard Tail"}],"items_purged_floors":[],"is_endless":false,"potions_floor_spawned":[10,11,12,14,16,22,27,29,30],"killed_by":"Champ","ascension_level":0}