{"gold_per_floor":[116,128,128,143,143,179,179,198,222,222,245,268,268,292,292,381,381,405,418,418,418,437,437,470,470],"floor_reached":25,"playtime":993,"items_purged":[],"score":394,"play_id":"25b5481b-1065-432f-8aa1-4837f505fd21","local_time":"20190716070710","is_ascension_mode":true,"campfire_choices":[{"data":"Dualcast","floor":7,"key":"SMITH"},{"floor":10,"key":"REST"},{"data":"Beam Cell","floor":13,"key":"SMITH"},{"data":"Coolheaded","floor":15,"key":"SMITH"},{"floor":23,"key":"REST"}],"neow_cost":"NONE","seed_source_timestamp":4308395917828,"circlet_count":0,"master_deck":["AscendersBane","Strike_B","Defend_B","Defend_B","Defend_B","Defend_B","Zap+1","Dualcast+1","Compile Driver","FTL","Ball Lightning","Cold Snap","Reprogram","Beam Cell+1","White Noise","Coolheaded+1","Electrodynamics","Self Repair","Doom and Gloom","Reinforced Body","Doom and Gloom","Sweeping Beam+1","Loop"],"relics":["Cracked Core","Golden Idol","Omamori","Bronze Scales","Cursed Key","DataDisk"],"potions_floor_usage":[6,8,16,22,25],"damage_taken":[{"damage":2,"enemies":"Jaw Worm","floor":1,"turns":3},{"damage":1,"enemies":"Cultist","floor":2,"turns":3},{"damage":0,"enemies":"2 Louse","floor":4,"turns":1},{"damage":5,"enemies":"Gremlin Nob","floor":6,"turns":3},{"damage":9,"enemies":"Exordium Wildlife","floor":8,"turns":3},{"damage":18,"enemies":"Lots of Slimes","floor":11,"turns":2},{"damage":1,"enemies":"Exordium Thugs","floor":12,"turns":4},{"damage":0,"enemies":"Exordium Wildlife","floor":14,"turns":1},{"damage":23,"enemies":"The Guardian","floor":16,"turns":9},{"damage":2,"enemies":"Chosen","floor":18,"turns":3},{"damage":29,"enemies":"2 Thieves","floor":19,"turns":3},{"damage":26,"enemies":"Centurion and Healer","floor":22,"turns":3},{"damage":26,"enemies":"Book of Stabbing","floor":24,"turns":4},{"damage":17,"enemies":"Chosen and Byrds","floor":25,"turns":1}],"seed_played":"3088878794056610424","potions_obtained":[{"floor":4,"key":"Poison Potion"},{"floor":6,"key":"Weak Potion"},{"floor":8,"key":"Strength Potion"},{"floor":12,"key":"Regen Potion"},{"floor":19,"key":"FocusPotion"}],"is_trial":false,"path_per_floor":["M","M","?","M","?","E","R","M","T","R","M","M","R","M","R","B",null,"M","M","?","?","M","R","E","M"],"character_chosen":"DEFECT","items_purchased":[],"campfire_rested":2,"item_purchase_floors":[],"current_hp_per_floor":[62,61,61,61,61,56,56,47,47,68,50,49,49,49,49,26,60,58,29,29,29,15,36,17,0],"gold":470,"neow_bonus":"UPGRADE_CARD","is_prod":false,"is_daily":false,"chose_seed":false,"campfire_upgraded":3,"win_rate":0,"timestamp":1563224830,"path_taken":["M","M","?","M","?","E","R","M","T","R","?","M","R","M","R","BOSS","M","M","?","?","?","R","E","M"],"build_version":"2019-07-05","purchased_purges":0,"victory":false,"max_hp_per_floor":[71,71,71,71,71,71,71,71,71,71,71,71,71,71,71,71,71,71,71,71,71,71,71,71,71],"card_choices":[{"not_picked":["Barrage","Double Energy"],"picked":"Compile Driver","floor":1},{"not_picked":["Go for the Eyes","Beam Cell"],"picked":"FTL","floor":2},{"not_picked":["Stack","Coolheaded"],"picked":"Ball Lightning","floor":4},{"not_picked":["Sweeping Beam","Steam Power"],"picked":"Cold Snap","floor":6},{"not_picked":["Rip and Tear","Reboot"],"picked":"Reprogram","floor":8},{"not_picked":["Gash","Compile Driver"],"picked":"Beam Cell","floor":11},{"not_picked":["Turbo","Leap"],"picked":"White Noise","floor":12},{"not_picked":["Conserve Battery","Hologram"],"picked":"Coolheaded","floor":14},{"not_picked":["Meteor Strike","Core Surge"],"picked":"Electrodynamics","floor":16},{"not_picked":["Darkness","Stack"],"picked":"Self Repair","floor":18},{"not_picked":["Cold Snap","Turbo"],"picked":"Doom and Gloom","floor":19},{"not_picked":["Static Discharge","Ball Lightning+1"],"picked":"Sweeping Beam+1","floor":22},{"not_picked":["Rebound","Hologram"],"picked":"Loop","floor":24}],"player_experience":989535,"relics_obtained":[{"floor":6,"key":"Omamori"},{"floor":9,"key":"Bronze Scales"},{"floor":24,"key":"DataDisk"}],"event_choices":[{"damage_healed":0,"gold_gain":0,"player_choice":"Take Wound","damage_taken":0,"relics_obtained":["Golden Idol"],"max_hp_gain":0,"max_hp_loss":0,"event_name":"Golden Idol","floor":3,"gold_loss":0,"cards_obtained":["Injury"]},{"cards_removed":["Injury"],"damage_healed":0,"gold_gain":0,"player_choice":"Removed Curses","damage_taken":0,"max_hp_gain":0,"max_hp_loss":0,"event_name":"Fountain of Cleansing","floor":5,"gold_loss":0},{"damage_healed":0,"gold_gain":0,"cards_transformed":["Strike_B","Strike_B"],"player_choice":"Became Test Subject","damage_taken":0,"max_hp_gain":0,"max_hp_loss":0,"event_name":"Drug Dealer","floor":20,"gold_loss":0,"cards_obtained":["Reinforced Body","Doom and Gloom"]},{"cards_removed":["Strike_B"],"damage_healed":0,"gold_gain":0,"player_choice":"Purged","damage_taken":0,"max_hp_gain":0,"max_hp_loss":0,"event_name":"Purifier","floor":21,"gold_loss":0}],"is_beta":false,"boss_relics":[{"not_picked":["Snecko Eye","Nuclear Battery"],"picked":"Cursed Key"}],"items_purged_floors":[],"is_endless":false,"potions_floor_spawned":[4,6,8,12,19],"killed_by":"Chosen and Byrds","ascension_level":15}