{"gold_per_floor":[113,126,140,158,174,206,206,237,237,237,237,237,50,50,50,123,123,143,143,58,69,69,87,122,122,190,206,206,233,243,3,3,76,76,88,88,105,0,0,58,58,85,85,85,114,14,14,27,27,27,27,27,27,58,58],"floor_reached":55,"playtime":3020,"items_purged":["Strike_B","Defend_B"],"score":1561,"play_id":"917070a8-b814-4311-8236-9e16795ec4fe","local_time":"20181225021531","is_ascension_mode":true,"campfire_choices":[{"floor":7.0,"key":"RECALL"},{"data":"1","floor":10.0,"key":"LIFT"},{"floor":12.0,"key":"REST"},{"data":"2","floor":15.0,"key":"LIFT"},{"data":"3","floor":25.0,"key":"LIFT"},{"floor":28.0,"key":"REST"},{"floor":32.0,"key":"REST"},{"floor":44.0,"key":"REST"},{"floor":49.0,"key":"REST"},{"floor":52.0,"key":"REST"}],"neow_cost":"NONE","seed_source_timestamp":346550255962187,"circlet_count":0,"master_deck":["AscendersBane","Zap","Dualcast","Cold Snap","Go for the Eyes","Redo","Gash","Reboot","Rebound","Defragment","Core Surge","Skim+1","Steam+1","Chill+1","Sweeping Beam+1","Beam Cell","Go for the Eyes","Turbo","Steam","Stack+1","Beam Cell","Forethought","Double Energy","Fission","Gash+1","Beam Cell","Steam","Steam+1","Aggregate","Gash+1"],"special_seed":0,"relics":["Fusion Hammer","Juzu Bracelet","Shuriken","Girya","Bag of Marbles","Astrolabe","Unceasing Top","Thread and Needle","Frozen Egg 2","PreservedInsect","Empty Cage","Red Mask","Tiny Chest","Vajra","Happy Flower","Gambling Chip"],"potions_floor_usage":[55,55],"damage_taken":[{"damage":1.0,"enemies":"Cultist","floor":1.0,"turns":4.0},{"damage":5.0,"enemies":"Small Slimes","floor":2.0,"turns":3.0},{"damage":0.0,"enemies":"2 Louse","floor":3.0,"turns":3.0},{"damage":4.0,"enemies":"2 Fungi Beasts","floor":4.0,"turns":4.0},{"damage":3.0,"enemies":"Exordium Wildlife","floor":5.0,"turns":3.0},{"damage":10.0,"enemies":"Lagavulin","floor":6.0,"turns":7.0},{"damage":29.0,"enemies":"Gremlin Nob","floor":8.0,"turns":5.0},{"damage":15.0,"enemies":"Hexaghost","floor":16.0,"turns":8.0},{"damage":1.0,"enemies":"3 Byrds","floor":18.0,"turns":6.0},{"damage":0.0,"enemies":"Chosen","floor":21.0,"turns":2.0},{"damage":21.0,"enemies":"Snake Plant","floor":23.0,"turns":3.0},{"damage":10.0,"enemies":"Book of Stabbing","floor":24.0,"turns":4.0},{"damage":0.0,"enemies":"Centurion and Healer","floor":27.0,"turns":4.0},{"damage":0.0,"enemies":"Gremlin Leader","floor":29.0,"turns":6.0},{"damage":0.0,"enemies":"Chosen and Byrds","floor":30.0,"turns":4.0},{"damage":0.0,"enemies":"Champ","floor":33.0,"turns":7.0},{"damage":0.0,"enemies":"Orb Walker","floor":35.0,"turns":2.0},{"damage":0.0,"enemies":"3 Darklings","floor":37.0,"turns":3.0},{"damage":11.0,"enemies":"Nemesis","floor":40.0,"turns":3.0},{"damage":0.0,"enemies":"Reptomancer","floor":42.0,"turns":3.0},{"damage":2.0,"enemies":"Nemesis","floor":45.0,"turns":3.0},{"damage":4.0,"enemies":"Sphere and 2 Shapes","floor":48.0,"turns":3.0},{"damage":10.0,"enemies":"Donu and Deca","floor":50.0,"turns":6.0},{"damage":0.0,"enemies":"Shield and Spear","floor":54.0,"turns":4.0},{"damage":75,"enemies":"The Heart","floor":55,"turns":6}],"seed_played":"5379753993766108758","potions_obtained":[{"floor":1.0,"key":"Poison Potion"},{"floor":3.0,"key":"Explosive Potion"},{"floor":5.0,"key":"SkillPotion"},{"floor":16.0,"key":"Dexterity Potion"},{"floor":24.0,"key":"FairyPotion"},{"floor":29.0,"key":"FearPotion"},{"floor":30.0,"key":"Poison Potion"},{"floor":33.0,"key":"SkillPotion"},{"floor":37.0,"key":"PowerPotion"},{"floor":54.0,"key":"Weak Potion"}],"is_trial":false,"path_per_floor":["M","M","M","M","M","E","R","E","T","R","?","R","$","?","R","B",null,"M","?","?","M","?","M","E","R","T","M","R","E","M","$","R","B",null,"M","?","M","?","$","E","?","E","T","R","E","$","$","M","R","B",null,"R","$","E","B"],"character_chosen":"DEFECT","items_purchased":["Bag of Marbles","Defragment","Forethought","Double Energy"],"campfire_rested":6,"item_purchase_floors":[13,13,31,31],"current_hp_per_floor":[67,62,62,58,55,45,45,16,16,16,9,31,31,31,31,16,60,59,59,59,59,59,38,28,28,28,28,50,50,50,50,72,72,74,74,74,74,74,74,63,63,63,63,75,73,73,73,69,75,65,73,75,75,75,0],"gold":58,"neow_bonus":"BOSS_RELIC","is_prod":false,"is_daily":false,"chose_seed":false,"campfire_upgraded":0,"win_rate":0,"timestamp":1545722131,"path_taken":["M","M","M","M","M","E","R","E","T","R","?","R","$","?","R","BOSS","M","?","?","M","?","M","E","R","T","M","R","E","M","$","R","BOSS","M","?","M","?","?","E","?","E","T","R","E","?","$","M","R","BOSS","R","$","E","BOSS"],"build_version":"2018-12-20","purchased_purges":2,"victory":false,"max_hp_per_floor":[75,75,75,75,75,75,75,75,75,75,75,75,75,75,75,75,75,75,75,75,75,75,75,75,75,75,75,75,75,75,75,75,75,75,75,75,75,75,75,75,75,75,75,75,75,75,75,75,75,75,75,75,75,75,75],"card_choices":[{"not_picked":["Recycle","Stack"],"picked":"Cold Snap","floor":1.0},{"not_picked":["Lockon","Fusion"],"picked":"Go for the Eyes","floor":2.0},{"not_picked":["Hologram","Ball Lightning"],"picked":"Loop","floor":3.0},{"not_picked":["Cold Snap","Rebound"],"picked":"Redo","floor":4.0},{"not_picked":["Conserve Battery","Streamline"],"picked":"Gash","floor":5.0},{"not_picked":["Compile Driver","Heatsinks"],"picked":"Reboot","floor":6.0},{"not_picked":["Recycle","Turbo"],"picked":"Rebound","floor":8.0},{"not_picked":["Rainbow","Reboot"],"picked":"Core Surge","floor":16.0},{"not_picked":["Sunder+1","Storm"],"picked":"Sweeping Beam+1","floor":18.0},{"not_picked":["Cold Snap","Storm"],"picked":"Go for the Eyes","floor":21.0},{"not_picked":["Coolheaded+1","Rebound+1"],"picked":"Turbo","floor":23.0},{"not_picked":["Reinforced Body","Hologram"],"picked":"Steam","floor":24.0},{"not_picked":["Turbo","BootSequence"],"picked":"Stack+1","floor":27.0},{"not_picked":["Chaos","Compile Driver"],"picked":"Beam Cell","floor":29.0},{"not_picked":["Sweeping Beam","Ball Lightning","White Noise"],"picked":"SKIP","floor":30.0},{"not_picked":["Hyperbeam","Biased Cognition+1"],"picked":"Fission","floor":33.0},{"not_picked":["Storm+1","Skim"],"picked":"Gash+1","floor":35.0},{"not_picked":["Sunder","Melter"],"picked":"Beam Cell","floor":37.0},{"not_picked":["Genetic Algorithm","Conserve Battery"],"picked":"Steam","floor":40.0},{"not_picked":["Hello World+1","Coolheaded"],"picked":"Steam+1","floor":42.0},{"not_picked":["Leap","Skim","Static Discharge+1"],"picked":"SKIP","floor":45.0},{"not_picked":["Streamline","Turbo"],"picked":"Aggregate","floor":48.0},{"not_picked":["Cold Snap+1","Leap"],"picked":"Gash+1","floor":54.0}],"player_experience":973077,"relics_obtained":[{"floor":6.0,"key":"Juzu Bracelet"},{"floor":8.0,"key":"Shuriken"},{"floor":9.0,"key":"Girya"},{"floor":24.0,"key":"Thread and Needle"},{"floor":26.0,"key":"Frozen Egg 2"},{"floor":29.0,"key":"PreservedInsect"},{"floor":40.0,"key":"Tiny Chest"},{"floor":42.0,"key":"Vajra"},{"floor":45.0,"key":"Happy Flower"},{"floor":54.0,"key":"Gambling Chip"}],"event_choices":[{"cards_removed":["Strike_B"],"damage_healed":0.0,"max_hp_gain":0.0,"max_hp_loss":0.0,"gold_gain":0.0,"event_name":"Golden Wing","player_choice":"Card Removal","floor":11.0,"gold_loss":0.0,"damage_taken":7.0},{"damage_healed":0.0,"max_hp_gain":0.0,"max_hp_loss":0.0,"gold_gain":0.0,"event_name":"Upgrade Shrine","player_choice":"Upgraded","floor":14.0,"gold_loss":0.0,"damage_taken":0.0,"cards_upgraded":["Loop"]},{"damage_healed":0.0,"max_hp_gain":0.0,"max_hp_loss":0.0,"gold_gain":0.0,"event_name":"The Library","player_choice":"Read","floor":19.0,"gold_loss":0.0,"damage_taken":0.0,"cards_obtained":["Beam Cell"]},{"damage_healed":0.0,"max_hp_gain":0.0,"max_hp_loss":0.0,"gold_gain":0.0,"event_name":"Addict","player_choice":"Obtained Relic","floor":20.0,"gold_loss":85.0,"damage_taken":0.0,"relics_obtained":["Unceasing Top"]},{"damage_healed":0.0,"max_hp_gain":0.0,"max_hp_loss":0.0,"gold_gain":0.0,"event_name":"Ghosts","player_choice":"Ignored","floor":22.0,"gold_loss":0.0,"damage_taken":0.0},{"cards_removed":["Loop"],"damage_healed":0.0,"max_hp_gain":0.0,"max_hp_loss":0.0,"gold_gain":0.0,"event_name":"Falling","player_choice":"Removed Power","floor":36.0,"gold_loss":0.0,"damage_taken":0.0},{"damage_healed":0.0,"max_hp_gain":0.0,"max_hp_loss":0.0,"gold_gain":0.0,"event_name":"Tomb of Lord Red Mask","player_choice":"Paid","floor":38.0,"gold_loss":105.0,"damage_taken":0.0,"relics_obtained":["Red Mask"]},{"damage_healed":0.0,"max_hp_gain":0.0,"max_hp_loss":0.0,"gold_gain":0.0,"event_name":"Match and Keep!","player_choice":"0 cards matched","floor":41.0,"gold_loss":0.0,"damage_taken":0.0,"cards_obtained":[]}],"is_beta":false,"boss_relics":[{"not_picked":["Orrery","Coffee Dripper"],"picked":"Astrolabe"},{"not_picked":["Velvet Choker","Inserter"],"picked":"Empty Cage"}],"items_purged_floors":[31,46],"is_endless":false,"potions_floor_spawned":[1,3,5,16,24,29,30,33,37,42,45,54],"killed_by":"The Heart","ascension_level":13}