{"gold_per_floor":[359,359,359,376,394,423,423,0,0,0,12,12,0,14,14,92,92,112,125,125,137,156,156,7,7,7,7,27,27,56,56,56,131,131,145,145,155,255,271,271,282,282],"floor_reached":42,"playtime":1919,"items_purged":["Strike_B","Strike_B"],"score":732,"play_id":"f76d2daa-eea3-4dde-bcfb-7454484267ad","local_time":"20190723224136","is_ascension_mode":true,"campfire_choices":[{"floor":7,"key":"REST"},{"floor":10,"key":"REST"},{"data":"Zap","floor":12,"key":"SMITH"},{"floor":15,"key":"REST"},{"floor":23,"key":"REST"},{"data":"Consume","floor":25,"key":"SMITH"},{"data":"Beam Cell","floor":27,"key":"SMITH"},{"floor":32,"key":"REST"},{"floor":40,"key":"REST"}],"neow_cost":"CURSE","seed_source_timestamp":19592475806102,"circlet_count":0,"master_deck":["AscendersBane","Defend_B","Defend_B","Defend_B","Zap+1","Dualcast","Coolheaded","Rebound","Beam Cell+1","Melter","Capacitor+1","Chill","Cold Snap","Panache","Streamline","Turbo","All For One","Ball Lightning","Consume+1","Loop","Rainbow","Loop","BootSequence","Beam Cell","Writhe","Rainbow","Darkness","Self Repair","Scrape+1","Tempest","Turbo+1","Biased Cognition"],"relics":["Cracked Core","Dead Branch","Nunchaku","Snecko Eye","Gambling Chip","Letter Opener","Dream Catcher","Eternal Feather","Emotion Chip"],"potions_floor_usage":[6,16,18,22,28,33,37,42],"damage_taken":[{"damage":3,"enemies":"2 Louse","floor":1,"turns":3},{"damage":0,"enemies":"Jaw Worm","floor":4,"turns":3},{"damage":1,"enemies":"Cultist","floor":5,"turns":4},{"damage":41,"enemies":"3 Sentries","floor":6,"turns":10},{"damage":12,"enemies":"Blue Slaver","floor":11,"turns":4},{"damage":11,"enemies":"Large Slime","floor":14,"turns":4},{"damage":9,"enemies":"Slime Boss","floor":16,"turns":7},{"damage":15,"enemies":"Chosen","floor":18,"turns":5},{"damage":0,"enemies":"Spheric Guardian","floor":19,"turns":3},{"damage":0,"enemies":"Cultist and Chosen","floor":21,"turns":3},{"damage":26,"enemies":"Shelled Parasite and Fungi","floor":22,"turns":3},{"damage":0,"enemies":"Snake Plant","floor":28,"turns":2},{"damage":36,"enemies":"Slavers","floor":30,"turns":4},{"damage":2,"enemies":"Collector","floor":33,"turns":7},{"damage":22,"enemies":"3 Darklings","floor":35,"turns":5},{"damage":6,"enemies":"Orb Walker","floor":37,"turns":3},{"damage":8,"enemies":"Mind Bloom Boss Battle","floor":38,"turns":8},{"damage":20,"enemies":"Spire Growth","floor":39,"turns":4},{"damage":37,"enemies":"Maw","floor":41,"turns":7},{"damage":47,"enemies":"Reptomancer","floor":42,"turns":4}],"seed_played":"2320666478497192397","potions_obtained":[{"floor":1,"key":"Weak Potion"},{"floor":14,"key":"Swift Potion"},{"floor":16,"key":"SkillPotion"},{"floor":21,"key":"Poison Potion"},{"floor":30,"key":"PowerPotion"},{"floor":33,"key":"Energy Potion"},{"floor":39,"key":"Swift Potion"}],"is_trial":false,"path_per_floor":["M","?","?","M","M","E","R","$","T","R","M","R","?","M","R","B",null,"M","M","?","M","M","R","$","R","T","R","M","?","E","?","R","B",null,"M","?","M","?","M","R","M","E"],"character_chosen":"DEFECT","items_purchased":["Capacitor","Chill","Cold Snap","Panache","Fire Potion"],"campfire_rested":6,"item_purchase_floors":[8,8,8,8,24],"current_hp_per_floor":[61,54,54,54,53,12,33,33,33,54,42,42,42,31,52,43,64,49,49,63,63,37,58,58,58,58,58,58,58,22,22,43,41,64,42,42,36,35,22,61,31,0],"gold":282,"neow_bonus":"TWO_FIFTY_GOLD","is_prod":false,"is_daily":false,"chose_seed":false,"campfire_upgraded":3,"win_rate":0,"timestamp":1563885696,"path_taken":["M","?","?","M","?","E","R","$","T","R","M","R","?","M","R","BOSS","M","M","?","M","M","R","$","R","T","R","M","?","E","?","R","BOSS","M","?","?","?","M","R","M","E"],"build_version":"2019-07-17","purchased_purges":2,"victory":false,"max_hp_per_floor":[71,71,71,71,71,71,71,71,71,71,71,71,71,71,71,71,71,71,71,71,71,71,71,71,71,71,71,71,71,71,71,71,71,71,71,71,71,71,71,71,71,71],"card_choices":[{"not_picked":["Recycle","Hello World"],"picked":"Coolheaded","floor":1},{"not_picked":["Redo","Barrage"],"picked":"Rebound","floor":4},{"not_picked":["Recycle","Rebound"],"picked":"Beam Cell","floor":5},{"not_picked":["Streamline","Recycle"],"picked":"Melter","floor":6},{"not_picked":["Redo","Steam"],"picked":"Streamline","floor":11},{"not_picked":["Storm","Reprogram"],"picked":"Turbo","floor":14},{"not_picked":["Creative AI","Core Surge"],"picked":"All For One","floor":16},{"not_picked":["Lockon","Hologram"],"picked":"Ball Lightning","floor":18},{"not_picked":["Aggregate","Ball Lightning"],"picked":"Consume","floor":19},{"not_picked":["Rip and Tear","Cold Snap"],"picked":"Loop","floor":21},{"not_picked":["Conserve Battery","Ball Lightning"],"picked":"Rainbow","floor":22},{"not_picked":["Beam Cell","Turbo"],"picked":"Loop","floor":28},{"not_picked":["Chaos","Reprogram","Leap"],"picked":"SKIP","floor":30},{"not_picked":["Hyperbeam","Multi-Cast"],"picked":"Rainbow","floor":33},{"not_picked":["Gash","Rip and Tear+1"],"picked":"Darkness","floor":35},{"not_picked":["Skim","Stack"],"picked":"Self Repair","floor":37},{"not_picked":["Barrage","Chaos+1"],"picked":"Scrape+1","floor":38},{"not_picked":["Go for the Eyes+1","Rebound"],"picked":"Tempest","floor":39},{"not_picked":["BootSequence+1","Compile Driver"],"picked":"Turbo+1","floor":40},{"not_picked":["Static Discharge","Cold Snap"],"picked":"Biased Cognition","floor":41}],"player_experience":1087168,"relics_obtained":[{"floor":6,"key":"Dead Branch"},{"floor":9,"key":"Nunchaku"},{"floor":26,"key":"Gambling Chip"},{"floor":30,"key":"Letter Opener"},{"floor":38,"key":"Emotion Chip"}],"event_choices":[{"cards_removed":["Doubt"],"damage_healed":0,"gold_gain":0,"player_choice":"Card Removal","damage_taken":7,"max_hp_gain":0,"max_hp_loss":0,"event_name":"Golden Wing","floor":2,"gold_loss":0},{"cards_removed":["Strike_B"],"damage_healed":0,"gold_gain":0,"player_choice":"Purged","damage_taken":0,"max_hp_gain":0,"max_hp_loss":0,"event_name":"Purifier","floor":3,"gold_loss":0},{"damage_healed":0,"gold_gain":0,"player_choice":"Left Gold","damage_taken":0,"max_hp_gain":0,"max_hp_loss":0,"event_name":"World of Goop","floor":13,"gold_loss":12},{"damage_healed":14,"gold_gain":0,"player_choice":"Heal","damage_taken":0,"max_hp_gain":0,"max_hp_loss":0,"event_name":"The Library","floor":20,"gold_loss":0},{"damage_healed":0,"gold_gain":0,"cards_transformed":["Strike_B","Defend_B"],"player_choice":"Became Test Subject","damage_taken":0,"max_hp_gain":0,"max_hp_loss":0,"event_name":"Drug Dealer","floor":29,"gold_loss":0,"cards_obtained":["BootSequence","Beam Cell"]},{"damage_healed":0,"gold_gain":0,"player_choice":"Opened","damage_taken":0,"relics_obtained":["Dream Catcher"],"max_hp_gain":0,"max_hp_loss":0,"event_name":"The Mausoleum","floor":31,"gold_loss":0,"cards_obtained":["Writhe"]},{"damage_healed":0,"gold_gain":0,"player_choice":"Upgraded","damage_taken":0,"max_hp_gain":0,"max_hp_loss":0,"event_name":"Upgrade Shrine","floor":36,"gold_loss":0,"cards_upgraded":["Capacitor"]},{"damage_healed":0,"gold_gain":0,"player_choice":"Fight","damage_taken":0,"max_hp_gain":0,"max_hp_loss":0,"event_name":"MindBloom","floor":38,"gold_loss":0}],"is_beta":false,"boss_relics":[{"not_picked":["Velvet Choker","Coffee Dripper"],"picked":"Snecko Eye"},{"not_picked":["Empty Cage","Sozu"],"picked":"Eternal Feather"}],"items_purged_floors":[8,24],"is_endless":false,"potions_floor_spawned":[1,14,16,21,30,33,39],"killed_by":"Reptomancer","ascension_level":15}