{"gold_per_floor":[115,133,133,158,158,202,215,228,252,273,311,311,342,362,362,488,488,512,562,583,858,26,26,61,61,61,61,95,114,158,171,171,171],"floor_reached":33,"playtime":1777,"items_purged":["Injury"],"score":489,"play_id":"d0671dcc-3486-4723-9001-104d32cb9905","local_time":"20190523174133","is_ascension_mode":true,"campfire_choices":[{"floor":12.0,"key":"REST"},{"data":"Buffer","floor":15.0,"key":"SMITH"},{"floor":23.0,"key":"REST"},{"floor":25.0,"key":"REST"},{"floor":27.0,"key":"REST"},{"floor":32,"key":"REST"}],"neow_cost":"NONE","seed_source_timestamp":0,"circlet_count":0,"master_deck":["Zap","Dualcast","Leap","Darkness","BootSequence","Electrodynamics","Blind","Buffer+1","White Noise","Auto Shields","Streamline","Ball Lightning","Sweeping Beam","Rip and Tear","Machine Learning","Creative AI","Echo Form","Reprogram","Darkness","Genetic Algorithm","Buffer","Biased Cognition","Hologram","Force Field","Stack","Coolheaded","Leap","Static Discharge","Ball Lightning","Thinking Ahead","Hologram+1","Defragment","Storm+1","Capacitor","Chill","Core Surge","Undo","Redo"],"special_seed":0,"relics":["Cracked Core","Whetstone","Golden Idol","Smiling Mask","Omamori","Vajra","Pandora\u0027s Box","Pen Nib","Dream Catcher","Oddly Smooth Stone","Shuriken","Bag of Preparation","Red Mask"],"potions_floor_usage":[31,33],"damage_taken":[{"damage":10.0,"enemies":"2 Louse","floor":1.0,"turns":2.0},{"damage":3.0,"enemies":"Jaw Worm","floor":2.0,"turns":2.0},{"damage":6.0,"enemies":"Cultist","floor":4.0,"turns":3.0},{"damage":24.0,"enemies":"Gremlin Nob","floor":6.0,"turns":4.0},{"damage":0.0,"enemies":"Large Slime","floor":7.0,"turns":5.0},{"damage":0.0,"enemies":"Red Slaver","floor":8.0,"turns":3.0},{"damage":0.0,"enemies":"Blue Slaver","floor":10.0,"turns":4.0},{"damage":10.0,"enemies":"Lagavulin","floor":11.0,"turns":5.0},{"damage":15.0,"enemies":"3 Sentries","floor":13.0,"turns":6.0},{"damage":0.0,"enemies":"2 Fungi Beasts","floor":14.0,"turns":3.0},{"damage":0.0,"enemies":"Slime Boss","floor":16.0,"turns":5.0},{"damage":25.0,"enemies":"3 Byrds","floor":18.0,"turns":4.0},{"damage":20.0,"enemies":"Shell Parasite","floor":20.0,"turns":9.0},{"damage":41.0,"enemies":"Slavers","floor":24.0,"turns":5.0},{"damage":11.0,"enemies":"Gremlin Leader","floor":28.0,"turns":6.0},{"damage":21.0,"enemies":"Shelled Parasite and Fungi","floor":29.0,"turns":7.0},{"damage":25,"enemies":"Masked Bandits","floor":30,"turns":4},{"damage":0,"enemies":"Chosen and Byrds","floor":31,"turns":4},{"damage":45,"enemies":"Collector","floor":33,"turns":7}],"seed_played":"-6909292115425702111","potions_obtained":[{"floor":4.0,"key":"GamblersBrew"},{"floor":6.0,"key":"Energy Potion"},{"floor":8.0,"key":"Regen Potion"},{"floor":11.0,"key":"Regen Potion"},{"floor":24.0,"key":"SkillPotion"},{"floor":28.0,"key":"Explosive Potion"},{"floor":30,"key":"Swift Potion"}],"is_trial":false,"path_per_floor":["M","M","?","M","?","E","M","M","T","M","E","R","E","M","R","B",null,"M","?","M","?","$","R","E","R","T","R","E","M","?","M","R","B"],"character_chosen":"DEFECT","items_purchased":["Pen Nib","Coolheaded","Leap","Static Discharge","Ball Lightning","Thinking Ahead","Regen Potion","SkillPotion","Dream Catcher"],"campfire_rested":5,"item_purchase_floors":[22,22,22,22,22,22,22,22,22],"current_hp_per_floor":[58,55,55,49,49,25,25,25,25,25,27,49,49,49,49,49,69,44,44,24,24,24,46,17,39,39,61,50,29,4,4,26,0],"gold":171,"neow_bonus":"RANDOM_COMMON_RELIC","is_prod":false,"is_daily":false,"chose_seed":false,"campfire_upgraded":1,"win_rate":0,"timestamp":1558597293,"path_taken":["M","M","?","M","?","E","M","?","T","M","E","R","E","M","R","BOSS","M","?","?","?","$","R","E","R","T","R","E","?","?","M","R","BOSS"],"build_version":"2019-01-23","purchased_purges":1,"victory":false,"max_hp_per_floor":[75,75,75,75,75,75,75,75,75,75,75,75,75,75,75,75,75,75,75,75,75,75,75,75,75,75,75,75,75,75,75,75,75],"card_choices":[{"not_picked":["Redo","Barrage"],"picked":"Leap","floor":1.0},{"not_picked":["Leap","Rebound"],"picked":"Darkness","floor":2.0},{"not_picked":["Recycle","Rainbow"],"picked":"BootSequence","floor":4.0},{"not_picked":["Streamline","Go for the Eyes"],"picked":"Buffer","floor":6.0},{"not_picked":["Sweeping Beam","Ball Lightning"],"picked":"White Noise","floor":7.0},{"not_picked":["Genetic Algorithm","Hologram"],"picked":"Auto Shields","floor":8.0},{"not_picked":["BootSequence","Conserve Battery"],"picked":"Streamline","floor":10.0},{"not_picked":["Hologram","Consume"],"picked":"Ball Lightning","floor":11.0},{"not_picked":["Conserve Battery","Ball Lightning"],"picked":"Sweeping Beam","floor":13.0},{"not_picked":["Steam","Conserve Battery"],"picked":"Rip and Tear","floor":14.0},{"not_picked":["Multi-Cast","Reboot"],"picked":"Machine Learning","floor":16.0},{"not_picked":["Conserve Battery","Turbo+1"],"picked":"Force Field","floor":18.0},{"not_picked":["Hologram","Compile Driver"],"picked":"Stack","floor":20.0},{"not_picked":["Doom and Gloom","Rebound+1"],"picked":"Hologram+1","floor":23.0},{"not_picked":["Compile Driver+1","Hologram"],"picked":"Defragment","floor":24.0},{"not_picked":["Hologram","Gash+1"],"picked":"Storm+1","floor":27.0},{"not_picked":["FTL","Leap"],"picked":"Capacitor","floor":28.0},{"not_picked":["Turbo","Barrage"],"picked":"Chill","floor":29.0},{"not_picked":["Redo","Auto Shields"],"picked":"Core Surge","floor":30},{"not_picked":["Gash","Blizzard"],"picked":"Undo","floor":31},{"not_picked":["Blizzard","Coolheaded"],"picked":"Redo","floor":32}],"player_experience":715708,"relics_obtained":[{"floor":6.0,"key":"Smiling Mask"},{"floor":11.0,"key":"Omamori"},{"floor":13.0,"key":"Vajra"},{"floor":24.0,"key":"Oddly Smooth Stone"},{"floor":26.0,"key":"Shuriken"},{"floor":28.0,"key":"Bag of Preparation"},{"floor":30,"key":"Red Mask"}],"event_choices":[{"damage_healed":0.0,"max_hp_gain":0.0,"max_hp_loss":0.0,"gold_gain":0.0,"event_name":"Golden Idol","player_choice":"Take Wound","floor":3.0,"gold_loss":0.0,"damage_taken":0.0,"relics_obtained":["Golden Idol"],"cards_obtained":["Injury"]},{"damage_healed":0.0,"max_hp_gain":0.0,"max_hp_loss":0.0,"gold_gain":0.0,"event_name":"Match and Keep!","player_choice":"2 cards matched","floor":5.0,"gold_loss":0.0,"damage_taken":0.0,"cards_obtained":["Electrodynamics","Blind"]},{"damage_healed":0.0,"max_hp_gain":0.0,"max_hp_loss":0.0,"gold_gain":100.0,"event_name":"The Joust","player_choice":"Bet on Murderer","floor":19.0,"gold_loss":50.0,"damage_taken":0.0},{"damage_healed":0.0,"max_hp_gain":0.0,"max_hp_loss":0.0,"gold_gain":275.0,"event_name":"Golden Shrine","player_choice":"Desecrate","floor":21.0,"gold_loss":0.0,"damage_taken":0.0,"cards_obtained":["Regret"]},{"damage_healed":0,"gold_gain":0,"player_choice":"Fought Bandits","damage_taken":0,"max_hp_gain":0,"max_hp_loss":0,"event_name":"Masked Bandits","floor":30,"gold_loss":0}],"is_beta":false,"boss_relics":[{"not_picked":["Astrolabe","Tiny House"],"picked":"Pandora\u0027s Box"}],"items_purged_floors":[22],"is_endless":false,"potions_floor_spawned":[4,6,8,11,24,28,30],"killed_by":"Collector","ascension_level":6}