{"gold_per_floor":[118,128,140,52,0,0,27,41,41,41,41,56,76,111,111,188,188,199,215,215,215,226,226,256,283,283,283,283,283,316,334,334,405,405,422,422,436,450,450,450,24,59,84,115,115,126,35,46,46,46,46],"floor_reached":51,"playtime":4242,"items_purged":[],"score":1660,"play_id":"976c142a-fece-4fb6-b41c-61531d1e963c","local_time":"20190429122832","is_ascension_mode":true,"campfire_choices":[{"floor":6,"key":"REST"},{"floor":10,"key":"REST"},{"data":"Infinite Blades","floor":15,"key":"SMITH"},{"data":"Wraith Form v2","floor":23,"key":"SMITH"},{"data":"Dagger Spray","floor":27,"key":"SMITH"},{"data":"Die Die Die","floor":32,"key":"SMITH"},{"data":"A Thousand Cuts","floor":40,"key":"SMITH"},{"floor":49,"key":"RECALL"}],"neow_cost":"PERCENT_DAMAGE","seed_source_timestamp":436103844643901,"circlet_count":0,"master_deck":["AscendersBane","Defend_G+1","Defend_G+1","Defend_G+1","Defend_G+1","Defend_G+1","Strike_G+1","Strike_G+1","Strike_G+1","Strike_G+1","Strike_G+1","Survivor","Neutralize+1","Sucker Punch+1","Leg Sweep","Dagger Spray+1","Endless Agony+1","After Image","Backstab","Infinite Blades+1","Die Die Die+1","Wraith Form v2+1","PiercingWail","Ghostly","Ghostly","Ghostly","Blade Dance+1","Cloak And Dagger","A Thousand Cuts+1","Well Laid Plans","Purity"],"relics":["Ring of the Snake","Dead Branch","Ornamental Fan","Singing Bowl","Bottled Tornado","Sozu","Centennial Puzzle","Bag of Marbles","Orichalcum","Letter Opener","Runic Dome","TwistedFunnel","Strawberry","Whetstone","Bag of Preparation","Incense Burner"],"potions_floor_usage":[7,33],"damage_taken":[{"damage":10,"enemies":"Small Slimes","floor":1,"turns":4},{"damage":1,"enemies":"Jaw Worm","floor":2,"turns":4},{"damage":5,"enemies":"2 Louse","floor":3,"turns":3},{"damage":25,"enemies":"Gremlin Nob","floor":7,"turns":5},{"damage":0,"enemies":"Large Slime","floor":8,"turns":7},{"damage":0,"enemies":"Blue Slaver","floor":12,"turns":2},{"damage":0,"enemies":"Looter","floor":13,"turns":1},{"damage":1,"enemies":"Lagavulin","floor":14,"turns":6},{"damage":10,"enemies":"Hexaghost","floor":16,"turns":8},{"damage":0,"enemies":"Chosen","floor":18,"turns":4},{"damage":0,"enemies":"Spheric Guardian","floor":19,"turns":3},{"damage":0,"enemies":"Snecko","floor":22,"turns":5},{"damage":0,"enemies":"Gremlin Leader","floor":24,"turns":8},{"damage":0,"enemies":"Book of Stabbing","floor":30,"turns":6},{"damage":0,"enemies":"3 Cultists","floor":31,"turns":3},{"damage":33,"enemies":"Collector","floor":33,"turns":11},{"damage":4,"enemies":"3 Darklings","floor":35,"turns":2},{"damage":0,"enemies":"3 Shapes","floor":37,"turns":4},{"damage":0,"enemies":"Spire Growth","floor":38,"turns":5},{"damage":0,"enemies":"Giant Head","floor":42,"turns":10},{"damage":0,"enemies":"Nemesis","floor":44,"turns":6},{"damage":0,"enemies":"Transient","floor":46,"turns":6},{"damage":0,"enemies":"Jaw Worm Horde","floor":48,"turns":3},{"damage":12,"enemies":"Donu and Deca","floor":50,"turns":7},{"damage":53,"enemies":"Awakened One","floor":51,"turns":13}],"seed_played":"2836129066557555155","potions_obtained":[{"floor":3,"key":"Swift Potion"},{"floor":7,"key":"GhostInAJar"},{"floor":8,"key":"Explosive Potion"}],"is_trial":false,"path_per_floor":["M","M","M","$","?","R","E","M","T","R","?","M","M","E","R","B",null,"M","M","?","?","M","R","E","T","T","R","T","?","E","M","R","B",null,"M","?","M","M","?","R","$","E","T","E","$","M","$","M","R","B","B"],"character_chosen":"THE_SILENT","items_purchased":["Endless Agony","TwistedFunnel","Strawberry","Well Laid Plans","Purity"],"campfire_rested":2,"item_purchase_floors":[4,41,41,41,47],"current_hp_per_floor":[34,33,28,28,28,47,22,22,22,41,41,43,43,42,42,32,59,61,61,35,35,37,37,39,39,39,39,39,39,41,43,43,12,37,35,35,35,35,35,35,42,44,44,46,46,48,48,50,50,38,0],"gold":46,"neow_bonus":"ONE_RARE_RELIC","is_prod":false,"is_daily":false,"chose_seed":false,"campfire_upgraded":5,"win_rate":0,"timestamp":1556555312,"path_taken":["M","M","M","$","?","R","E","M","T","R","?","M","M","E","R","BOSS","M","M","?","?","M","R","E","?","T","R","?","?","E","M","R","BOSS","M","?","M","?","?","R","$","E","T","E","?","M","$","M","R","BOSS","BOSS"],"build_version":"2019-01-23","purchased_purges":0,"victory":false,"max_hp_per_floor":[66,66,66,66,66,66,66,66,66,66,66,68,68,68,68,68,68,70,70,35,35,37,37,39,39,39,39,39,39,41,43,43,45,45,47,47,47,47,47,47,54,56,56,58,58,60,60,62,62,62,62],"card_choices":[{"not_picked":["Catalyst","Concentrate"],"picked":"Sucker Punch","floor":1},{"not_picked":["Sucker Punch","Acrobatics"],"picked":"Leg Sweep","floor":2},{"not_picked":["Prepared","Footwork"],"picked":"Dagger Spray","floor":3},{"not_picked":["Dodge and Roll","Storm of Steel"],"picked":"After Image","floor":7},{"not_picked":["Blade Dance","Bane"],"picked":"Backstab","floor":8},{"not_picked":["Acrobatics","Backflip","Slice"],"picked":"Singing Bowl","floor":12},{"not_picked":["Dagger Throw","Backflip"],"picked":"Infinite Blades","floor":13},{"not_picked":["Prepared","Caltrops"],"picked":"Die Die Die","floor":14},{"not_picked":["Phantasmal Killer","Bullet Time"],"picked":"Wraith Form v2","floor":16},{"not_picked":["Bane+1","Underhanded Strike","Bouncing Flask"],"picked":"Singing Bowl","floor":18},{"not_picked":["Cloak And Dagger","Footwork"],"picked":"PiercingWail","floor":19},{"not_picked":["Concentrate","Quick Slash","Sucker Punch+1"],"picked":"Singing Bowl","floor":22},{"not_picked":["Slice","Acrobatics","Tactician"],"picked":"Singing Bowl","floor":24},{"not_picked":["Deadly Poison","Setup","Sucker Punch"],"picked":"Singing Bowl","floor":30},{"not_picked":["Corpse Explosion","Poisoned Stab","Dagger Spray"],"picked":"Singing Bowl","floor":31},{"not_picked":["Grand Finale","Corpse Explosion","Glass Knife"],"picked":"Singing Bowl","floor":33},{"not_picked":["Poisoned Stab","Masterful Stab","Dagger Spray+1"],"picked":"Singing Bowl","floor":35},{"not_picked":["Masterful Stab","Backstab"],"picked":"Blade Dance+1","floor":37},{"not_picked":["Concentrate","Deflect"],"picked":"Cloak And Dagger","floor":38},{"not_picked":["All Out Attack","Skewer","Leg Sweep"],"picked":"Singing Bowl","floor":42},{"not_picked":["Acrobatics","Eviscerate","Cloak And Dagger"],"picked":"Singing Bowl","floor":44},{"not_picked":["Quick Slash","Poisoned Stab","Masterful Stab"],"picked":"Singing Bowl","floor":46},{"not_picked":["Blur+1","Poisoned Stab","Catalyst"],"picked":"Singing Bowl","floor":48}],"player_experience":1312769,"relics_obtained":[{"floor":7,"key":"Ornamental Fan"},{"floor":9,"key":"Singing Bowl"},{"floor":14,"key":"Bottled Tornado"},{"floor":24,"key":"Centennial Puzzle"},{"floor":25,"key":"Bag of Marbles"},{"floor":28,"key":"Orichalcum"},{"floor":30,"key":"Letter Opener"},{"floor":42,"key":"Whetstone"},{"floor":43,"key":"Bag of Preparation"},{"floor":44,"key":"Incense Burner"}],"event_choices":[{"damage_healed":0,"gold_gain":0,"player_choice":"Left Gold","damage_taken":0,"max_hp_gain":0,"max_hp_loss":0,"event_name":"World of Goop","floor":5,"gold_loss":52},{"damage_healed":0,"gold_gain":0,"player_choice":"Ignored","damage_taken":0,"max_hp_gain":0,"max_hp_loss":0,"event_name":"Liars Game","floor":11,"gold_loss":0},{"damage_healed":0,"gold_gain":0,"player_choice":"Became a Ghost","damage_taken":0,"max_hp_gain":0,"max_hp_loss":35,"event_name":"Ghosts","floor":20,"gold_loss":0,"cards_obtained":["Ghostly","Ghostly","Ghostly"]},{"damage_healed":0,"gold_gain":0,"player_choice":"Simplicity","damage_taken":0,"max_hp_gain":0,"max_hp_loss":0,"event_name":"Back to Basics","floor":21,"gold_loss":0,"cards_upgraded":["Defend_G","Defend_G","Defend_G","Defend_G","Defend_G","Strike_G","Strike_G","Strike_G","Strike_G","Strike_G"]},{"damage_healed":0,"gold_gain":0,"player_choice":"Ignored","damage_taken":0,"max_hp_gain":0,"max_hp_loss":0,"event_name":"Vampires","floor":29,"gold_loss":0},{"damage_healed":0,"gold_gain":0,"player_choice":"Forge","damage_taken":0,"max_hp_gain":0,"max_hp_loss":0,"event_name":"Accursed Blacksmith","floor":36,"gold_loss":0,"cards_upgraded":["Neutralize"]},{"damage_healed":0,"gold_gain":0,"player_choice":"1 cards matched","damage_taken":0,"max_hp_gain":0,"max_hp_loss":0,"event_name":"Match and Keep!","floor":39,"gold_loss":0,"cards_obtained":["A Thousand Cuts"]}],"is_beta":false,"boss_relics":[{"not_picked":["Ring of the Serpent","Calling Bell"],"picked":"Sozu"},{"not_picked":["Eternal Feather","Velvet Choker"],"picked":"Runic Dome"}],"items_purged_floors":[],"is_endless":false,"potions_floor_spawned":[3,7,8,13,16,18,24,33,35,44,48],"killed_by":"Awakened One","ascension_level":20}