{"gold_per_floor":[119,130,63,28,42,77,89,89,113,129,160,160,190,190,190,261,261,275,295,315,315,331,331,354,354,377,389,676,54,87,106,106,180,180,194,194,244,263,277,277,307,50,50,64,80,80,80,93,93,93],"floor_reached":50,"playtime":3526,"items_purged":["Regret","Writhe"],"score":947,"play_id":"4242aaac-ad58-4c70-84be-67c97bc128a9","local_time":"20190718163010","is_ascension_mode":true,"campfire_choices":[{"data":"Well Laid Plans","floor":8.0,"key":"SMITH"},{"floor":12.0,"key":"REST"},{"data":"Catalyst","floor":15.0,"key":"SMITH"},{"data":"Bouncing Flask","floor":23.0,"key":"SMITH"},{"data":"Neutralize","floor":25.0,"key":"SMITH"},{"data":"Cloak And Dagger","floor":27.0,"key":"SMITH"},{"floor":32.0,"key":"REST"},{"floor":40.0,"key":"REST"},{"floor":46.0,"key":"REST"},{"data":"After Image","floor":49.0,"key":"SMITH"}],"neow_cost":"NONE","seed_source_timestamp":0,"circlet_count":0,"master_deck":["AscendersBane","Strike_G","Strike_G","Strike_G","Strike_G","Defend_G","Defend_G","Defend_G","Defend_G","Defend_G","Survivor","Neutralize+1","Flying Knee","Backstab","Poisoned Stab","Bouncing Flask+1","Dagger Throw","Well Laid Plans+1","Catalyst+1","Tactician","Riddle With Holes","Sucker Punch","Cloak And Dagger+1","Predator","PiercingWail","Prepared","Panache","Enlightenment","Well Laid Plans","After Image+1","Deadly Poison","A Thousand Cuts","Cloak And Dagger","Bouncing Flask+1","Leg Sweep+1","Dodge and Roll+1","Catalyst+1","Heel Hook+1","Leg Sweep+1","Prepared"],"special_seed":0,"relics":["Ring of the Serpent","PreservedInsect","Regal Pillow","Anchor","Odd Mushroom","Smiling Mask","MawBank","Pantograph","Mummified Hand","Eternal Feather","Molten Egg 2","DollysMirror","Dodecahedron"],"potions_floor_usage":[50],"damage_taken":[{"damage":0.0,"enemies":"Cultist","floor":1.0,"turns":4.0},{"damage":5.0,"enemies":"Jaw Worm","floor":2.0,"turns":3.0},{"damage":1.0,"enemies":"2 Louse","floor":5.0,"turns":3.0},{"damage":30.0,"enemies":"Lagavulin","floor":6.0,"turns":6.0},{"damage":1.0,"enemies":"Gremlin Gang","floor":7.0,"turns":6.0},{"damage":7.0,"enemies":"Blue Slaver","floor":10.0,"turns":4.0},{"damage":5.0,"enemies":"Gremlin Nob","floor":11.0,"turns":3.0},{"damage":27.0,"enemies":"The Mushroom Lair","floor":13.0,"turns":5.0},{"damage":25.0,"enemies":"Hexaghost","floor":16.0,"turns":9.0},{"damage":0.0,"enemies":"Chosen","floor":18.0,"turns":4.0},{"damage":14.0,"enemies":"Spheric Guardian","floor":19.0,"turns":4.0},{"damage":22.0,"enemies":"3 Cultists","floor":20.0,"turns":6.0},{"damage":17.0,"enemies":"Shelled Parasite and Fungi","floor":22.0,"turns":5.0},{"damage":38.0,"enemies":"Book of Stabbing","floor":30.0,"turns":5.0},{"damage":5.0,"enemies":"Centurion and Healer","floor":31.0,"turns":5.0},{"damage":38.0,"enemies":"Automaton","floor":33.0,"turns":8.0},{"damage":34.0,"enemies":"3 Darklings","floor":35.0,"turns":8.0},{"damage":11.0,"enemies":"Orb Walker","floor":38.0,"turns":4.0},{"damage":18.0,"enemies":"Sphere and 2 Shapes","floor":39.0,"turns":6.0},{"damage":58.0,"enemies":"Reptomancer","floor":41.0,"turns":6.0},{"damage":0.0,"enemies":"Maw","floor":44.0,"turns":6.0},{"damage":8.0,"enemies":"3 Darklings","floor":45.0,"turns":10.0},{"damage":9.0,"enemies":"Spire Growth","floor":48.0,"turns":5.0},{"damage":109,"enemies":"Donu and Deca","floor":50,"turns":10}],"seed_played":"844865730110137468","potions_obtained":[{"floor":1.0,"key":"Regen Potion"},{"floor":2.0,"key":"SkillPotion"},{"floor":10.0,"key":"EssenceOfSteel"},{"floor":13.0,"key":"PowerPotion"},{"floor":16.0,"key":"FearPotion"},{"floor":19.0,"key":"GhostInAJar"},{"floor":22.0,"key":"EntropicBrew"},{"floor":35.0,"key":"FairyPotion"},{"floor":41.0,"key":"Fire Potion"},{"floor":48.0,"key":"SneckoOil"}],"is_trial":false,"path_per_floor":["M","M","?","?","M","E","M","R","T","M","E","R","?","?","R","B",null,"M","M","M","?","M","R","T","R","T","R","?","$","E","M","R","B",null,"M","?","?","M","M","R","E","$","T","M","M","R","?","M","R","B"],"character_chosen":"THE_SILENT","items_purchased":["Pantograph","PowerPotion","Panache","Enlightenment","Well Laid Plans","DollysMirror"],"campfire_rested":4,"item_purchase_floors":[29,29,29,29,29,42],"current_hp_per_floor":[59,54,54,66,65,45,44,44,44,37,32,66,39,39,39,14,53,53,39,17,76,59,59,59,59,59,59,59,59,21,16,53,38,67,33,48,41,30,12,70,12,12,12,12,4,62,62,53,76,0],"gold":93,"neow_bonus":"THREE_CARDS","is_prod":false,"is_daily":false,"chose_seed":false,"campfire_upgraded":6,"win_rate":0,"timestamp":1563431410,"path_taken":["M","M","?","?","M","E","M","R","T","M","E","R","?","?","R","BOSS","M","M","?","?","?","R","?","R","T","R","?","$","E","M","R","BOSS","M","?","?","M","?","R","E","$","T","M","M","R","?","M","R","BOSS"],"build_version":"2019-07-17","purchased_purges":2,"victory":false,"max_hp_per_floor":[66,66,66,66,66,66,66,66,66,66,66,66,66,66,66,66,66,66,66,66,76,76,76,76,76,76,76,76,76,76,76,76,76,76,76,76,76,76,76,76,76,76,76,76,76,76,76,76,76,76],"card_choices":[{"not_picked":["Accuracy","Expertise"],"picked":"Flying Knee","floor":0.0},{"not_picked":["Riddle With Holes","Heel Hook"],"picked":"Backstab","floor":1.0},{"not_picked":["Blade Dance","Noxious Fumes"],"picked":"Poisoned Stab","floor":2.0},{"not_picked":["Dagger Throw","Poisoned Stab"],"picked":"Bouncing Flask","floor":5.0},{"not_picked":["Prepared","Acrobatics"],"picked":"Dagger Throw","floor":6.0},{"not_picked":["Deadly Poison","Blade Dance"],"picked":"Well Laid Plans","floor":7.0},{"not_picked":["Flechettes","Sucker Punch"],"picked":"Catalyst","floor":10.0},{"not_picked":["Glass Knife","Flechettes"],"picked":"Tactician","floor":11.0},{"not_picked":["Blade Dance","Underhanded Strike"],"picked":"Riddle With Holes","floor":13.0},{"not_picked":["Venomology","Unload"],"picked":"Phantasmal Killer","floor":16.0},{"not_picked":["Concentrate","Deflect"],"picked":"Cloak And Dagger","floor":18.0},{"not_picked":["Quick Slash","Slice"],"picked":"Predator","floor":19.0},{"not_picked":["Bouncing Flask","Dagger Spray+1"],"picked":"PiercingWail","floor":20.0},{"not_picked":["Underhanded Strike","Flying Knee"],"picked":"Prepared","floor":22.0},{"not_picked":["Glass Knife","Bane+1"],"picked":"After Image","floor":30.0},{"not_picked":["Prepared","Bane"],"picked":"Deadly Poison","floor":31.0},{"not_picked":["Die Die Die","Doppelganger"],"picked":"A Thousand Cuts","floor":33.0},{"not_picked":["Quick Slash","Eviscerate"],"picked":"Cloak And Dagger","floor":35.0},{"not_picked":["Underhanded Strike","PiercingWail"],"picked":"Bouncing Flask+1","floor":38.0},{"not_picked":["Slice","Quick Slash"],"picked":"Leg Sweep+1","floor":39.0},{"not_picked":["Prepared","Quick Slash"],"picked":"Dodge and Roll+1","floor":41.0},{"not_picked":["Deflect","Deadly Poison+1"],"picked":"Heel Hook+1","floor":44.0},{"not_picked":["Well Laid Plans","Blade Dance+1"],"picked":"Leg Sweep+1","floor":45.0},{"not_picked":["Predator+1","Blade Dance"],"picked":"Prepared","floor":48.0}],"player_experience":1024668,"relics_obtained":[{"floor":6.0,"key":"PreservedInsect"},{"floor":9.0,"key":"Regal Pillow"},{"floor":11.0,"key":"Anchor"},{"floor":13.0,"key":"Odd Mushroom"},{"floor":24.0,"key":"Smiling Mask"},{"floor":26.0,"key":"MawBank"},{"floor":30.0,"key":"Mummified Hand"},{"floor":41.0,"key":"Molten Egg 2"},{"floor":43.0,"key":"Dodecahedron"}],"event_choices":[{"damage_healed":0.0,"max_hp_gain":0.0,"max_hp_loss":0.0,"gold_gain":0.0,"event_name":"World of Goop","player_choice":"Left Gold","floor":3.0,"gold_loss":67.0,"damage_taken":0.0},{"damage_healed":16.0,"max_hp_gain":0.0,"max_hp_loss":0.0,"gold_gain":0.0,"event_name":"The Cleric","player_choice":"Healed","floor":4.0,"gold_loss":35.0,"damage_taken":0.0},{"damage_healed":0.0,"max_hp_gain":0.0,"max_hp_loss":0.0,"gold_gain":0.0,"event_name":"Mushrooms","player_choice":"Fought Mushrooms","floor":13.0,"gold_loss":0.0,"damage_taken":0.0},{"damage_healed":0.0,"max_hp_gain":0.0,"max_hp_loss":0.0,"gold_gain":0.0,"cards_transformed":["Strike_G"],"event_name":"Transmorgrifier","player_choice":"Transformed","floor":14.0,"gold_loss":0.0,"damage_taken":0.0,"cards_obtained":["Sucker Punch"]},{"cards_removed":["Phantasmal Killer"],"damage_healed":49.0,"max_hp_gain":10.0,"max_hp_loss":0.0,"gold_gain":0.0,"event_name":"Bonfire Elementals","player_choice":"Offered Rare","floor":21.0,"gold_loss":0.0,"damage_taken":0.0},{"damage_healed":0.0,"max_hp_gain":0.0,"max_hp_loss":0.0,"gold_gain":275.0,"event_name":"Golden Shrine","player_choice":"Desecrate","floor":28.0,"gold_loss":0.0,"damage_taken":0.0,"cards_obtained":["Regret"]},{"damage_healed":15.0,"max_hp_gain":0.0,"max_hp_loss":0.0,"gold_gain":0.0,"event_name":"Winding Halls","player_choice":"Writhe","floor":36.0,"gold_loss":0.0,"damage_taken":0.0,"cards_obtained":["Writhe"]},{"damage_healed":0.0,"max_hp_gain":0.0,"max_hp_loss":0.0,"gold_gain":50.0,"event_name":"FaceTrader","player_choice":"Touch","floor":37.0,"gold_loss":0.0,"damage_taken":7.0},{"damage_healed":0.0,"max_hp_gain":0.0,"max_hp_loss":0.0,"gold_gain":0.0,"event_name":"Mysterious Sphere","player_choice":"Ignored","floor":47.0,"gold_loss":0.0,"damage_taken":0.0}],"is_beta":false,"boss_relics":[{"not_picked":["Black Star","Coffee Dripper"],"picked":"Ring of the Serpent"},{"not_picked":["Runic Pyramid","Sozu"],"picked":"Eternal Feather"}],"items_purged_floors":[29,42],"is_endless":false,"potions_floor_spawned":[1,2,10,13,16,18,19,22,31,35,41,48],"killed_by":"Donu and Deca","ascension_level":15}