{"gold_per_floor":[109,59,59,69,80,80,80,80,103,118,118,145,165,175,175,175],"floor_reached":16,"playtime":519,"items_purged":[],"score":102,"play_id":"da31d4c3-7de3-4d8c-bf70-97e4f0763dc8","local_time":"20190328221025","is_ascension_mode":false,"campfire_choices":[{"floor":6,"key":"RECALL"},{"data":"Perfected Strike","floor":8,"key":"SMITH"},{"floor":11,"key":"REST"},{"floor":15,"key":"REST"}],"neow_cost":"NONE","seed_source_timestamp":29570129681028,"circlet_count":0,"master_deck":["Strike_R+1","Strike_R","Strike_R","Strike_R+1","Defend_R","Defend_R","Defend_R","Defend_R","Bash","Dual Wield","Regret","Shrug It Off","Perfected Strike+1","Dropkick","Berserk","Rage"],"relics":["Burning Blood","Whetstone","Singing Bowl","Bag of Marbles","Centennial Puzzle"],"potions_floor_usage":[12,16,16],"damage_taken":[{"damage":0,"enemies":"Cultist","floor":1,"turns":3},{"damage":7,"enemies":"Jaw Worm","floor":4,"turns":5},{"damage":10,"enemies":"2 Louse","floor":5,"turns":3},{"damage":27,"enemies":"Gremlin Gang","floor":10,"turns":5},{"damage":48,"enemies":"3 Sentries","floor":12,"turns":12},{"damage":20,"enemies":"3 Louse","floor":13,"turns":5},{"damage":12,"enemies":"Blue Slaver","floor":14,"turns":4},{"damage":47,"enemies":"Hexaghost","floor":16,"turns":9}],"seed_played":"-5565085686817072568","potions_obtained":[{"floor":1,"key":"Swift Potion"},{"floor":12,"key":"Strength Potion"},{"floor":13,"key":"Strength Potion"}],"is_trial":false,"path_per_floor":["M","?","?","M","M","R","?","R","T","M","R","E","M","M","R","B"],"character_chosen":"IRONCLAD","items_purchased":[],"campfire_rested":2,"item_purchase_floors":[],"current_hp_per_floor":[80,80,80,79,75,75,80,80,80,59,80,40,26,20,44,0],"gold":175,"neow_bonus":"RANDOM_COMMON_RELIC","is_prod":false,"is_daily":false,"chose_seed":false,"campfire_upgraded":1,"win_rate":0,"timestamp":1553775025,"path_taken":["M","?","?","M","M","R","?","R","T","?","R","E","M","M","R","BOSS"],"build_version":"2019-01-23","purchased_purges":0,"victory":false,"max_hp_per_floor":[80,80,80,80,80,80,80,80,80,80,80,82,82,82,82,82],"card_choices":[{"not_picked":["Clash","Heavy Blade"],"picked":"Dual Wield","floor":1},{"not_picked":["Sentinel","Uppercut"],"picked":"Shrug It Off","floor":4},{"not_picked":["Armaments","Thunderclap"],"picked":"Perfected Strike","floor":5},{"not_picked":["Flex","Iron Wave"],"picked":"Dropkick","floor":10},{"not_picked":["Clothesline","Havoc","Combust"],"picked":"Singing Bowl","floor":12},{"not_picked":["Battle Trance","Perfected Strike"],"picked":"Berserk","floor":13},{"not_picked":["Reckless Charge","Rupture"],"picked":"Rage","floor":14}],"player_experience":254016,"relics_obtained":[{"floor":9,"key":"Bag of Marbles"},{"floor":12,"key":"Centennial Puzzle"}],"event_choices":[{"cards_removed":["Strike_R"],"damage_healed":0,"gold_gain":0,"player_choice":"Card Removal","damage_taken":0,"max_hp_gain":0,"max_hp_loss":0,"event_name":"The Cleric","floor":2,"gold_loss":50},{"damage_healed":0,"gold_gain":0,"player_choice":"Box","damage_taken":0,"relics_obtained":["Singing Bowl"],"max_hp_gain":0,"max_hp_loss":0,"event_name":"Big Fish","floor":3,"gold_loss":0,"cards_obtained":["Regret"]},{"damage_healed":5,"gold_gain":0,"player_choice":"Full Heal","damage_taken":0,"max_hp_gain":0,"max_hp_loss":0,"event_name":"Wheel of Change","floor":7,"gold_loss":0}],"is_beta":false,"boss_relics":[],"items_purged_floors":[],"is_endless":false,"potions_floor_spawned":[1,12,13],"killed_by":"Hexaghost","ascension_level":0}