{"gold_per_floor":[119,138,149,74,86,86,51,78,135,164,179,196,216,216,216,287,287,298,298,17,17,17,45,45,45],"floor_reached":25,"playtime":1299,"items_purged":["Strike_G"],"score":487,"play_id":"8aaffbf4-23c3-4418-86d0-8cb1e3e1478e","local_time":"20190505040651","is_ascension_mode":true,"campfire_choices":[{"data":"Neutralize","floor":6.0,"key":"SMITH"},{"data":"Finisher","floor":15.0,"key":"SMITH"}],"neow_cost":"NONE","seed_source_timestamp":927297883495756,"circlet_count":0,"master_deck":["AscendersBane","Defend_G","Defend_G","Defend_G","Defend_G+1","Defend_G+1","Survivor","Neutralize+1","Backstab","Noxious Fumes+1","Dagger Spray","Backstab","Dagger Throw","Burst","PiercingWail","Deflect","Finisher+1","After Image","Choke","Bite","Bite","Bite","Bite","Bite","Writhe","Deflect+1"],"special_seed":0,"relics":["Ring of the Snake","Ancient Tea Set","Tiny Chest","War Paint","Eternal Feather","HandDrill","Pantograph","Dream Catcher"],"potions_floor_usage":[18,18,23],"damage_taken":[{"damage":4.0,"enemies":"Jaw Worm","floor":1.0,"turns":9.0},{"damage":2.0,"enemies":"2 Louse","floor":2.0,"turns":3.0},{"damage":4.0,"enemies":"Small Slimes","floor":3.0,"turns":3.0},{"damage":0.0,"enemies":"Looter","floor":5.0,"turns":1.0},{"damage":24.0,"enemies":"3 Sentries","floor":8.0,"turns":7.0},{"damage":6.0,"enemies":"Gremlin Nob","floor":10.0,"turns":3.0},{"damage":0.0,"enemies":"Blue Slaver","floor":11.0,"turns":2.0},{"damage":0.0,"enemies":"Exordium Wildlife","floor":12.0,"turns":3.0},{"damage":1.0,"enemies":"3 Louse","floor":13.0,"turns":3.0},{"damage":33.0,"enemies":"Hexaghost","floor":16.0,"turns":12.0},{"damage":9,"enemies":"Chosen","floor":18,"turns":5},{"damage":30,"enemies":"Gremlin Leader","floor":23,"turns":8},{"damage":35,"enemies":"Slavers","floor":25,"turns":2}],"seed_played":"-8680065439673307747","potions_obtained":[{"floor":2.0,"key":"AttackPotion"},{"floor":3.0,"key":"SkillPotion"},{"floor":12.0,"key":"AttackPotion"},{"floor":13.0,"key":"SpeedPotion"},{"floor":16.0,"key":"Strength Potion"}],"is_trial":false,"path_per_floor":["M","M","M","$","M","R","?","E","T","E","M","M","M","?","R","B",null,"M","?","$","?","?","E","$","E"],"character_chosen":"THE_SILENT","items_purchased":["HandDrill","Explosive Potion"],"campfire_rested":0,"item_purchase_floors":[20,20],"current_hp_per_floor":[61,59,55,55,55,55,72,48,48,42,42,42,41,41,41,8,56,47,47,47,47,47,28,28,0],"gold":45,"neow_bonus":"TEN_PERCENT_HP_BONUS","is_prod":false,"is_daily":false,"chose_seed":false,"campfire_upgraded":2,"win_rate":0,"timestamp":1557043611,"path_taken":["M","M","M","$","M","R","?","E","T","E","M","M","M","?","R","BOSS","M","?","$","?","?","E","?","E"],"build_version":"2019-01-23","purchased_purges":1,"victory":false,"max_hp_per_floor":[72,72,72,72,72,72,72,72,72,72,72,72,72,72,72,72,72,72,50,50,50,50,50,50,50],"card_choices":[{"not_picked":["Quick Slash","Deadly Poison"],"picked":"Backstab","floor":1.0},{"not_picked":["Flying Knee","Quick Slash"],"picked":"Noxious Fumes","floor":2.0},{"not_picked":["Endless Agony","Burst"],"picked":"Dagger Spray","floor":3.0},{"not_picked":["Dodge and Roll","Underhanded Strike"],"picked":"Backstab","floor":5.0},{"not_picked":["Cloak And Dagger","Blade Dance"],"picked":"Dagger Throw","floor":8.0},{"not_picked":["Dagger Throw","Distraction"],"picked":"Burst","floor":10.0},{"not_picked":["Noxious Fumes","Acrobatics"],"picked":"PiercingWail","floor":11.0},{"not_picked":["Slice","Quick Slash","Deflect"],"picked":"SKIP","floor":12.0},{"not_picked":["Slice","Quick Slash"],"picked":"Deflect","floor":12.0},{"not_picked":["Acrobatics","Tactician"],"picked":"Finisher","floor":13.0},{"not_picked":["Corpse Explosion","Wraith Form v2"],"picked":"After Image","floor":16.0},{"not_picked":["Backflip","Concentrate"],"picked":"Choke","floor":18},{"not_picked":["Blade Dance","Bane"],"picked":"Deflect+1","floor":23}],"player_experience":1425201,"relics_obtained":[{"floor":8.0,"key":"Ancient Tea Set"},{"floor":9.0,"key":"Tiny Chest"},{"floor":10.0,"key":"War Paint"},{"floor":23,"key":"Dream Catcher"}],"event_choices":[{"damage_healed":18.0,"max_hp_gain":0.0,"max_hp_loss":0.0,"gold_gain":0.0,"event_name":"The Cleric","player_choice":"Healed","floor":7.0,"gold_loss":35.0,"damage_taken":0.0},{"damage_healed":0.0,"max_hp_gain":0.0,"max_hp_loss":0.0,"gold_gain":0.0,"event_name":"Living Wall","player_choice":"Grow","floor":14.0,"gold_loss":0.0,"damage_taken":0.0,"cards_upgraded":["Noxious Fumes"]},{"damage_healed":0,"gold_gain":0,"player_choice":"Became a vampire","damage_taken":0,"max_hp_gain":0,"max_hp_loss":22,"event_name":"Vampires","floor":19,"gold_loss":0,"cards_obtained":["Bite","Bite","Bite","Bite","Bite"]},{"damage_healed":0,"gold_gain":0,"player_choice":"Opened","damage_taken":0,"relics_obtained":["Pantograph"],"max_hp_gain":0,"max_hp_loss":0,"event_name":"The Mausoleum","floor":21,"gold_loss":0,"cards_obtained":["Writhe"]}],"is_beta":false,"boss_relics":[{"not_picked":["Ectoplasm","Lizard Tail"],"picked":"Eternal Feather"}],"items_purged_floors":[4],"is_endless":false,"potions_floor_spawned":[2,3,12,13,16],"killed_by":"Slavers","ascension_level":20}