{"gold_per_floor":[111,126,126,137,156,156,156,156,209,15,25,0,0,16,16,118,118,134,149,64,75,75,105,105,30,30,65,77,96,96,109,109,209,209,221,240,240,340,340,374,374,388,388,403,403,434,434,467,467,467],"floor_reached":50,"playtime":4707,"items_purged":[],"score":712,"play_id":"85302087-a805-4e07-ae54-42edd640aa8d","local_time":"20190325055652","is_ascension_mode":false,"campfire_choices":[{"data":"Leg Sweep","floor":6,"key":"SMITH"},{"data":"Neutralize","floor":8,"key":"SMITH"},{"data":"Envenom","floor":13,"key":"SMITH"},{"floor":15,"key":"REST"},{"floor":24,"key":"REST"},{"floor":30,"key":"RECALL"},{"floor":32,"key":"REST"},{"data":"Phantasmal Killer","floor":41,"key":"SMITH"},{"floor":49,"key":"REST"}],"neow_cost":"NONE","seed_source_timestamp":53637542815291,"circlet_count":0,"master_deck":["Defend_G+1","Defend_G+1","Defend_G+1","Defend_G+1","Defend_G+1","Strike_G+1","Strike_G+1","Strike_G+1","Strike_G+1","Strike_G+1","Survivor","Neutralize+1","Leg Sweep+1","Backstab","Dagger Spray+1","Backstab","Footwork","Envenom+1","Dagger Throw","Burst","Caltrops","Crippling Poison+1","Poisoned Stab","Injury","Footwork","Blade Dance","Dodge and Roll","PiercingWail","Phantasmal Killer+1","Regret","Normality","Writhe","Dagger Throw+1","Accuracy+1","Panacea","Purity","Choke+1","Dagger Spray+1","Slice+1","Writhe","Blade Dance+1","Accuracy+1","Flying Knee+1"],"relics":["Ring of the Snake","Pen Nib","Bronze Scales","PreservedInsect","Cursed Key","Snake Skull","Shovel","Paper Crane","Lantern","Calling Bell","Centennial Puzzle","Frozen Egg 2","Gambling Chip","Dead Branch","Vajra","Pear","Anchor","Omamori"],"potions_floor_usage":[16,16,21,28,28,35,42,42,48,50],"damage_taken":[{"damage":3,"enemies":"2 Louse","floor":1,"turns":3},{"damage":1,"enemies":"Small Slimes","floor":2,"turns":5},{"damage":2,"enemies":"Jaw Worm","floor":4,"turns":4},{"damage":4,"enemies":"Looter","floor":5,"turns":4},{"damage":2,"enemies":"3 Louse","floor":11,"turns":2},{"damage":3,"enemies":"Large Slime","floor":14,"turns":4},{"damage":46,"enemies":"Slime Boss","floor":16,"turns":13},{"damage":4,"enemies":"Shell Parasite","floor":18,"turns":6},{"damage":16,"enemies":"3 Byrds","floor":19,"turns":4},{"damage":5,"enemies":"Snecko","floor":21,"turns":4},{"damage":11,"enemies":"Gremlin Leader","floor":23,"turns":3},{"damage":2,"enemies":"Book of Stabbing","floor":27,"turns":4},{"damage":0,"enemies":"3 Cultists","floor":28,"turns":5},{"damage":6,"enemies":"Shelled Parasite and Fungi","floor":29,"turns":5},{"damage":5,"enemies":"Snecko","floor":31,"turns":3},{"damage":31,"enemies":"Collector","floor":33,"turns":10},{"damage":0,"enemies":"Orb Walker","floor":35,"turns":3},{"damage":7,"enemies":"3 Darklings","floor":36,"turns":4},{"damage":3,"enemies":"Mind Bloom Boss Battle","floor":38,"turns":7},{"damage":4,"enemies":"Nemesis","floor":40,"turns":7},{"damage":4,"enemies":"Transient","floor":42,"turns":5},{"damage":24,"enemies":"Sphere and 2 Shapes","floor":44,"turns":6},{"damage":26,"enemies":"Reptomancer","floor":46,"turns":4},{"damage":0,"enemies":"Giant Head","floor":48,"turns":5},{"damage":70,"enemies":"Awakened One","floor":50,"turns":10}],"seed_played":"-535464846016915302","potions_obtained":[{"floor":2,"key":"Poison Potion"},{"floor":5,"key":"Explosive Potion"},{"floor":16,"key":"SneckoOil"},{"floor":18,"key":"FearPotion"},{"floor":27,"key":"FearPotion"},{"floor":33,"key":"Fire Potion"},{"floor":36,"key":"SteroidPotion"},{"floor":40,"key":"AttackPotion"},{"floor":44,"key":"SteroidPotion"},{"floor":48,"key":"Fire Potion"}],"is_trial":false,"path_per_floor":["M","M","?","M","M","R","?","R","T","$","M","?","R","M","R","B",null,"M","M","?","M","?","E","R","?","T","E","M","M","R","M","R","B",null,"M","M","?","?","?","E","R","M","T","M","?","E","?","E","R","B"],"character_chosen":"THE_SILENT","items_purchased":["PreservedInsect","Footwork"],"campfire_rested":4,"item_purchase_floors":[10,10],"current_hp_per_floor":[67,66,66,64,60,60,46,46,46,46,44,44,44,41,62,16,70,66,50,50,45,45,34,55,55,55,53,53,47,47,42,63,32,70,70,63,58,55,55,51,51,47,57,33,70,44,44,44,65,0],"gold":467,"neow_bonus":"RANDOM_COMMON_RELIC","is_prod":false,"is_daily":false,"chose_seed":false,"campfire_upgraded":4,"win_rate":0,"timestamp":1553457412,"path_taken":["M","M","?","M","M","R","?","R","T","$","M","?","R","M","R","BOSS","M","M","?","M","?","E","R","?","T","E","M","M","R","M","R","BOSS","M","M","?","?","?","E","R","M","T","M","?","E","?","E","R","BOSS"],"build_version":"2019-01-23","purchased_purges":0,"victory":false,"max_hp_per_floor":[70,70,70,70,70,70,70,70,70,70,70,70,70,70,70,70,70,70,70,70,70,70,70,70,70,70,70,70,70,70,70,70,70,70,70,70,70,70,70,70,70,70,80,80,70,70,70,70,70,70],"card_choices":[{"not_picked":["Underhanded Strike","Deflect"],"picked":"Leg Sweep","floor":1},{"not_picked":["Bouncing Flask","Blade Dance"],"picked":"Backstab","floor":2},{"not_picked":["Dodge and Roll","Skewer"],"picked":"Dagger Spray","floor":4},{"not_picked":["Dagger Spray","Underhanded Strike"],"picked":"Backstab","floor":5},{"not_picked":["Infinite Blades","Backflip"],"picked":"Envenom","floor":11},{"not_picked":["Footwork","All Out Attack"],"picked":"Dagger Throw","floor":14},{"not_picked":["Unload","Adrenaline"],"picked":"Burst","floor":16},{"not_picked":["Deadly Poison","Catalyst"],"picked":"Caltrops","floor":18},{"not_picked":["Deadly Poison","Predator"],"picked":"Crippling Poison+1","floor":19},{"not_picked":["Deadly Poison","Eviscerate"],"picked":"Finisher","floor":21},{"not_picked":["Outmaneuver","Tactician+1"],"picked":"Poisoned Stab","floor":23},{"not_picked":["Corpse Explosion","Bullet Time"],"picked":"Footwork","floor":27},{"not_picked":["Calculated Gamble","Escape Plan"],"picked":"Blade Dance","floor":28},{"not_picked":["All Out Attack","Dagger Throw"],"picked":"Dodge and Roll","floor":29},{"not_picked":["Deflect","Acrobatics"],"picked":"PiercingWail","floor":31},{"not_picked":["Doppelganger","After Image"],"picked":"Phantasmal Killer","floor":33},{"not_picked":["Backflip+1","Deadly Poison"],"picked":"Dagger Throw+1","floor":35},{"not_picked":["Blur","Bouncing Flask+1"],"picked":"Accuracy+1","floor":36},{"not_picked":["Deep Breath","Master of Strategy"],"picked":"Panacea","floor":37},{"not_picked":["Swift Strike","Madness"],"picked":"Purity","floor":37},{"not_picked":["Flying Knee","Backstab+1"],"picked":"Choke+1","floor":38},{"not_picked":["Deadly Poison+1","Dagger Throw"],"picked":"Dagger Spray+1","floor":40},{"not_picked":["Underhanded Strike","Dagger Throw"],"picked":"Slice+1","floor":42},{"not_picked":["Underhanded Strike","Catalyst"],"picked":"Blade Dance+1","floor":44},{"not_picked":["Noxious Fumes+1","Flying Knee"],"picked":"Accuracy+1","floor":46},{"not_picked":["Dodge and Roll","Acrobatics+1"],"picked":"Flying Knee+1","floor":48}],"player_experience":118769,"relics_obtained":[{"floor":23,"key":"Shovel"},{"floor":26,"key":"Paper Crane"},{"floor":27,"key":"Lantern"},{"floor":34,"key":"Centennial Puzzle"},{"floor":34,"key":"Frozen Egg 2"},{"floor":34,"key":"Gambling Chip"},{"floor":38,"key":"Dead Branch"},{"floor":40,"key":"Vajra"},{"floor":43,"key":"Pear"},{"floor":46,"key":"Anchor"},{"floor":48,"key":"Omamori"}],"event_choices":[{"damage_healed":0,"gold_gain":0,"player_choice":"Box","damage_taken":0,"relics_obtained":["Bronze Scales"],"max_hp_gain":0,"max_hp_loss":0,"event_name":"Big Fish","floor":3,"gold_loss":0,"cards_obtained":["Regret"]},{"damage_healed":0,"gold_gain":0,"player_choice":"Entered Light","damage_taken":14,"max_hp_gain":0,"max_hp_loss":0,"event_name":"Shining Light","floor":7,"gold_loss":0,"cards_upgraded":["Strike_G","Dagger Spray"]},{"damage_healed":0,"gold_gain":0,"player_choice":"Left Gold","damage_taken":0,"max_hp_gain":0,"max_hp_loss":0,"event_name":"World of Goop","floor":12,"gold_loss":25},{"damage_healed":0,"gold_gain":0,"player_choice":"Obtained Relic","damage_taken":0,"relics_obtained":["Snake Skull"],"max_hp_gain":0,"max_hp_loss":0,"event_name":"Addict","floor":20,"gold_loss":85},{"damage_healed":0,"gold_gain":0,"player_choice":"Simplicity","damage_taken":0,"max_hp_gain":0,"max_hp_loss":0,"event_name":"Back to Basics","floor":22,"gold_loss":0,"cards_upgraded":["Defend_G","Defend_G","Defend_G","Defend_G","Defend_G","Strike_G","Strike_G","Strike_G","Strike_G"]},{"cards_removed":["Regret"],"damage_healed":0,"gold_gain":0,"player_choice":"Gave Gold","damage_taken":0,"max_hp_gain":0,"max_hp_loss":0,"event_name":"Beggar","floor":25,"gold_loss":75},{"damage_healed":0,"gold_gain":0,"player_choice":"Memory 2","damage_taken":5,"max_hp_gain":0,"max_hp_loss":0,"event_name":"SensoryStone","floor":37,"gold_loss":0},{"damage_healed":0,"gold_gain":0,"player_choice":"Fight","damage_taken":0,"max_hp_gain":0,"max_hp_loss":0,"event_name":"MindBloom","floor":38,"gold_loss":0},{"cards_removed":["Finisher"],"damage_healed":0,"gold_gain":0,"player_choice":"Removed Attack","damage_taken":0,"max_hp_gain":0,"max_hp_loss":0,"event_name":"Falling","floor":39,"gold_loss":0},{"damage_healed":70,"gold_gain":0,"player_choice":"Heal","damage_taken":0,"max_hp_gain":0,"max_hp_loss":10,"event_name":"The Moai Head","floor":45,"gold_loss":0},{"damage_healed":0,"gold_gain":0,"player_choice":"Ignored","damage_taken":0,"max_hp_gain":0,"max_hp_loss":0,"event_name":"Tomb of Lord Red Mask","floor":47,"gold_loss":0}],"is_beta":false,"boss_relics":[{"not_picked":["Philosopher\u0027s Stone","HoveringKite"],"picked":"Cursed Key"},{"not_picked":["Runic Dome","Snecko Eye"],"picked":"Calling Bell"}],"items_purged_floors":[],"is_endless":false,"potions_floor_spawned":[2,5,16,18,27,33,36,40,44,48],"killed_by":"Awakened One","ascension_level":0}