{"gold_per_floor":[117,128,139,214,214,214,232,261,261,261,279,290,309,338,338,415,415,425,91,91,108,21,21,39,66,90,90,103,129,129,129],"floor_reached":31,"playtime":2015,"items_purged":[],"score":574,"play_id":"fc85c9c5-cf90-43e5-b240-b56da977e465","local_time":"20190803020527","is_ascension_mode":true,"campfire_choices":[{"data":"Consume","floor":6,"key":"SMITH"},{"floor":10,"key":"REST"},{"floor":15,"key":"REST"},{"data":"Fission","floor":23,"key":"SMITH"},{"data":"Coolheaded","floor":27,"key":"SMITH"}],"neow_cost":"NONE","seed_source_timestamp":555319146007797,"circlet_count":0,"master_deck":["AscendersBane","Strike_B","Strike_B","Defend_B","Defend_B","Defend_B","Defend_B","Zap","Dualcast","Consume+1","Streamline+1","Steam","Scrape","Gash","Gash","Hologram","Reinforced Body","Fission+1","Coolheaded+1","Go for the Eyes+1","Ghostly","Ghostly","Ghostly","Ball Lightning+1","FTL+1","Stack","Seek","Cold Snap+1"],"relics":["Cracked Core","Letter Opener","Gambling Chip","Incense Burner","Eternal Feather","Molten Egg 2","Mummified Hand","Potion Belt","Blue Candle"],"potions_floor_usage":[3,8,14,16,18,25],"damage_taken":[{"damage":4,"enemies":"Jaw Worm","floor":1,"turns":4},{"damage":2,"enemies":"Cultist","floor":2,"turns":4},{"damage":0,"enemies":"2 Louse","floor":3,"turns":3},{"damage":8,"enemies":"Blue Slaver","floor":7,"turns":3},{"damage":30,"enemies":"Lagavulin","floor":8,"turns":6},{"damage":16,"enemies":"Gremlin Gang","floor":11,"turns":3},{"damage":0,"enemies":"Large Slime","floor":12,"turns":4},{"damage":6,"enemies":"Looter","floor":13,"turns":3},{"damage":14,"enemies":"3 Sentries","floor":14,"turns":5},{"damage":14,"enemies":"Slime Boss","floor":16,"turns":8},{"damage":25,"enemies":"Shell Parasite","floor":18,"turns":9},{"damage":4,"enemies":"Chosen","floor":21,"turns":7},{"damage":14,"enemies":"Sentry and Sphere","floor":24,"turns":6},{"damage":12,"enemies":"Slavers","floor":25,"turns":6},{"damage":6,"enemies":"Snecko","floor":28,"turns":7},{"damage":5,"enemies":"Book of Stabbing","floor":29,"turns":6},{"damage":13,"enemies":"Slavers","floor":31,"turns":4}],"seed_played":"6162603731939446095","potions_obtained":[{"floor":1,"key":"LiquidBronze"},{"floor":2,"key":"EssenceOfSteel"},{"floor":7,"key":"AttackPotion"},{"floor":14,"key":"Fire Potion"},{"floor":16,"key":"EssenceOfSteel"},{"floor":18,"key":"Fire Potion"},{"floor":29,"key":"Dexterity Potion"}],"is_trial":false,"path_per_floor":["M","M","M","?","?","R","M","E","T","R","M","M","M","E","R","B",null,"M","$","?","M","$","R","M","E","T","R","M","E","?","E"],"character_chosen":"DEFECT","items_purchased":["Molten Egg 2","Go for the Eyes+1","FTL+1"],"campfire_rested":2,"item_purchase_floors":[19,19,22],"current_hp_per_floor":[60,58,58,58,58,58,50,20,20,41,25,25,19,5,26,12,56,31,31,31,27,27,35,21,9,9,24,18,13,13,0],"gold":129,"neow_bonus":"REMOVE_CARD","is_prod":false,"is_daily":false,"chose_seed":false,"campfire_upgraded":3,"win_rate":0,"timestamp":1564812327,"path_taken":["M","M","M","?","?","R","M","E","T","R","M","M","M","E","R","BOSS","M","?","?","M","$","R","M","E","T","R","M","E","?","E"],"build_version":"2019-07-17","purchased_purges":0,"victory":false,"max_hp_per_floor":[71,71,71,71,71,71,71,71,71,71,71,71,71,71,71,71,71,71,71,35,35,35,35,35,35,35,35,35,35,35,35],"card_choices":[{"not_picked":["Auto Shields","Tempest"],"picked":"Consume","floor":1},{"not_picked":["Steam","Double Energy"],"picked":"Streamline","floor":2},{"not_picked":["Stack","Storm"],"picked":"Steam","floor":3},{"not_picked":["Reprogram","Go for the Eyes"],"picked":"Scrape","floor":7},{"not_picked":["Reinforced Body","Hello World"],"picked":"Gash","floor":8},{"not_picked":["Turbo","Multi-Cast"],"picked":"Gash","floor":11},{"not_picked":["Redo","Stack"],"picked":"Hologram","floor":12},{"not_picked":["Lockon","Leap"],"picked":"Reinforced Body","floor":13},{"not_picked":["Force Field","Sunder","Consume"],"picked":"SKIP","floor":14},{"not_picked":["Meteor Strike","Core Surge"],"picked":"Fission","floor":16},{"not_picked":["Undo","Hologram"],"picked":"Coolheaded","floor":18},{"not_picked":["Skim","Static Discharge"],"picked":"Ball Lightning+1","floor":21},{"not_picked":["Leap","Storm"],"picked":"Stack","floor":24},{"not_picked":["Aggregate","Go for the Eyes+1"],"picked":"Seek","floor":25},{"not_picked":["Steam","Coolheaded"],"picked":"Cold Snap+1","floor":28},{"not_picked":["Conserve Battery","Leap","Force Field"],"picked":"SKIP","floor":29}],"player_experience":1685427,"relics_obtained":[{"floor":8,"key":"Letter Opener"},{"floor":9,"key":"Gambling Chip"},{"floor":14,"key":"Incense Burner"},{"floor":25,"key":"Mummified Hand"},{"floor":26,"key":"Potion Belt"},{"floor":29,"key":"Blue Candle"}],"event_choices":[{"damage_healed":0,"gold_gain":75,"player_choice":"Gained Gold","damage_taken":0,"max_hp_gain":0,"max_hp_loss":0,"event_name":"Golden Wing","floor":4,"gold_loss":0},{"damage_healed":0,"gold_gain":0,"player_choice":"Forge","damage_taken":0,"max_hp_gain":0,"max_hp_loss":0,"event_name":"Accursed Blacksmith","floor":5,"gold_loss":0,"cards_upgraded":["Streamline"]},{"damage_healed":0,"gold_gain":0,"player_choice":"Became a Ghost","damage_taken":0,"max_hp_gain":0,"max_hp_loss":36,"event_name":"Ghosts","floor":20,"gold_loss":0,"cards_obtained":["Ghostly","Ghostly","Ghostly"]},{"cards_removed":["Strike_B"],"damage_healed":0,"gold_gain":0,"player_choice":"Offered Basic","damage_taken":0,"max_hp_gain":0,"max_hp_loss":0,"event_name":"Bonfire Elementals","floor":30,"gold_loss":0}],"is_beta":false,"boss_relics":[{"not_picked":["FrozenCore","Fusion Hammer"],"picked":"Eternal Feather"}],"items_purged_floors":[],"is_endless":false,"potions_floor_spawned":[1,2,7,14,16,18,29],"killed_by":"Slavers","ascension_level":20}