{"gold_per_floor":[211,211,63,63,80,98,68,97,97,114,114,143,156,156,156,251,251,270,270,185,203,218,218,228,228,228,228,241,241,166,265,265,265],"floor_reached":33,"playtime":1706,"items_purged":["Strike_G"],"score":420,"play_id":"7a4be5a2-e35b-4f6a-a34e-83bd8499a875","local_time":"20181118005505","is_ascension_mode":true,"campfire_choices":[{"data":"Footwork","floor":11,"key":"SMITH"},{"floor":15,"key":"REST"},{"data":"Doppelganger","floor":23,"key":"SMITH"},{"data":"Dash","floor":29,"key":"SMITH"},{"data":"Phantasmal Killer","floor":32,"key":"SMITH"}],"neow_cost":"NONE","seed_source_timestamp":370137958246391,"circlet_count":0,"master_deck":["AscendersBane","Defend_G","Defend_G","Defend_G","Defend_G","Defend_G","Strike_G","Strike_G","Strike_G","Survivor","Neutralize","Flying Knee","Adrenaline","Phantasmal Killer+1","Footwork+1","Cloak And Dagger","Escape Plan","Quick Slash","Deflect","Predator","Dash+1","Doppelganger+1","Flying Knee","Necronomicurse","Blur"],"relics":["Ring of the Snake","Thread and Needle","Darkstone Periapt","Du-Vu Doll","Bronze Scales","Philosopher\u0027s Stone","Meat on the Bone","Necronomicon","Molten Egg 2","Pantograph"],"potions_floor_usage":[8,8,12,18,33],"damage_taken":[{"damage":1,"enemies":"2 Louse","floor":1,"turns":3},{"damage":0,"enemies":"Jaw Worm","floor":5,"turns":8},{"damage":1,"enemies":"Small Slimes","floor":6,"turns":4},{"damage":0,"enemies":"Looter","floor":7,"turns":4},{"damage":16,"enemies":"Gremlin Nob","floor":8,"turns":5},{"damage":0,"enemies":"3 Louse","floor":10,"turns":4},{"damage":5,"enemies":"Lagavulin","floor":12,"turns":9},{"damage":0,"enemies":"2 Fungi Beasts","floor":13,"turns":3},{"damage":26,"enemies":"Slime Boss","floor":16,"turns":15},{"damage":0,"enemies":"Shell Parasite","floor":18,"turns":4},{"damage":0,"enemies":"Spheric Guardian","floor":21,"turns":3},{"damage":4,"enemies":"Centurion and Healer","floor":22,"turns":7},{"damage":0,"enemies":"3 Cultists","floor":24,"turns":5},{"damage":0,"enemies":"Snecko","floor":28,"turns":2},{"damage":92,"enemies":"Champ","floor":33,"turns":10}],"seed_played":"-3391654247984610847","potions_obtained":[{"floor":5,"key":"Regen Potion"},{"floor":6,"key":"Poison Potion"},{"floor":8,"key":"Dexterity Potion"},{"floor":16,"key":"EssenceOfSteel"},{"floor":21,"key":"FearPotion"}],"is_trial":false,"path_per_floor":["M","?","$","?","M","M","M","E","T","M","R","E","M","?","R","B",null,"M","?","?","M","M","R","M","?","T","?","M","R","?","?","R","B"],"character_chosen":"THE_SILENT","items_purchased":["Phantasmal Killer"],"campfire_rested":1,"item_purchase_floors":[3],"current_hp_per_floor":[62,62,62,37,37,36,36,34,34,34,34,29,29,29,50,24,59,59,46,46,46,42,42,42,32,32,38,50,50,50,50,50,0],"gold":265,"neow_bonus":"HUNDRED_GOLD","is_prod":false,"is_daily":false,"chose_seed":false,"campfire_upgraded":4,"win_rate":0,"timestamp":1542520505,"path_taken":["M","?","$","?","?","M","M","E","T","M","R","E","M","?","R","BOSS","M","?","?","M","M","R","M","?","T","?","?","R","?","?","R","BOSS"],"build_version":"2018-11-15","purchased_purges":1,"victory":false,"max_hp_per_floor":[70,70,70,70,70,70,70,70,70,70,70,70,70,70,70,70,70,70,75,75,75,75,75,75,81,81,87,87,87,87,87,87,87],"card_choices":[{"not_picked":["Slice","Quick Slash"],"picked":"Flying Knee","floor":1},{"not_picked":["Bane","Setup"],"picked":"Footwork","floor":5},{"not_picked":["Crippling Poison","Deflect"],"picked":"Cloak And Dagger","floor":6},{"not_picked":["After Image","Endless Agony"],"picked":"Escape Plan","floor":7},{"not_picked":["Burst","Outmaneuver"],"picked":"Quick Slash","floor":8},{"not_picked":["Escape Plan","Bane"],"picked":"Deflect","floor":10},{"not_picked":["Deadly Poison","Distraction"],"picked":"Predator","floor":12},{"not_picked":["Acrobatics","Sucker Punch"],"picked":"Dash","floor":13},{"not_picked":["Burst","Glass Knife"],"picked":"Doppelganger","floor":16},{"not_picked":["Blade Dance","Acrobatics","Dagger Spray"],"picked":"SKIP","floor":18},{"not_picked":["Dagger Throw","Prepared","Expertise"],"picked":"SKIP","floor":21},{"not_picked":["Dagger Throw","Bane"],"picked":"Flying Knee","floor":22},{"not_picked":["Well Laid Plans","Deflect","Infinite Blades"],"picked":"SKIP","floor":24},{"not_picked":["Calculated Gamble","Outmaneuver"],"picked":"Blur","floor":28}],"player_experience":691957,"relics_obtained":[{"floor":8,"key":"Darkstone Periapt"},{"floor":9,"key":"Du-Vu Doll"},{"floor":12,"key":"Bronze Scales"},{"floor":25,"key":"Necronomicon"},{"floor":26,"key":"Molten Egg 2"}],"event_choices":[{"damage_healed":0,"gold_gain":0,"cards_transformed":["Strike_G"],"player_choice":"Change","damage_taken":0,"max_hp_gain":0,"max_hp_loss":0,"event_name":"Living Wall","floor":2,"gold_loss":0,"cards_obtained":["Adrenaline"]},{"damage_healed":0,"gold_gain":0,"player_choice":"Success","damage_taken":25,"relics_obtained":["Thread and Needle"],"max_hp_gain":0,"max_hp_loss":0,"event_name":"Scrap Ooze","floor":4,"gold_loss":0},{"damage_healed":0,"gold_gain":0,"player_choice":"Ignored","damage_taken":0,"max_hp_gain":0,"max_hp_loss":0,"event_name":"Liars Game","floor":14,"gold_loss":0},{"damage_healed":0,"gold_gain":0,"player_choice":"Shed Blood","damage_taken":18,"max_hp_gain":5,"max_hp_loss":0,"event_name":"Forgotten Altar","floor":19,"gold_loss":0},{"damage_healed":0,"gold_gain":0,"player_choice":"Obtained Relic","damage_taken":0,"relics_obtained":["Meat on the Bone"],"max_hp_gain":0,"max_hp_loss":0,"event_name":"Addict","floor":20,"gold_loss":85},{"damage_healed":0,"gold_gain":0,"player_choice":"Obtained Book","damage_taken":16,"max_hp_gain":0,"max_hp_loss":0,"event_name":"Cursed Tome","floor":25,"gold_loss":0},{"damage_healed":0,"gold_gain":0,"player_choice":"Opened","damage_taken":0,"relics_obtained":["Pantograph"],"max_hp_gain":0,"max_hp_loss":0,"event_name":"The Mausoleum","floor":27,"gold_loss":0,"cards_obtained":["Writhe"]},{"cards_removed":["Writhe"],"damage_healed":0,"gold_gain":0,"player_choice":"Gave Gold","damage_taken":0,"max_hp_gain":0,"max_hp_loss":0,"event_name":"Beggar","floor":30,"gold_loss":75},{"damage_healed":0,"gold_gain":99,"player_choice":"Stole From Cult","damage_taken":0,"max_hp_gain":0,"max_hp_loss":0,"event_name":"Nest","floor":31,"gold_loss":0}],"is_beta":false,"boss_relics":[{"not_picked":["Ring of the Serpent","Orrery"],"picked":"Philosopher\u0027s Stone"}],"items_purged_floors":[3],"is_endless":false,"potions_floor_spawned":[5,6,8,16,21],"killed_by":"Champ","ascension_level":11}