{"gold_per_floor":[109,34,45,63,81,81,98,98,98,98,128,142,177,177,177,255,255,265,280,280,293,293],"floor_reached":22,"playtime":1806,"items_purged":["Parasite"],"score":356,"play_id":"60225e51-1a53-4c69-952f-f84829ce56dc","local_time":"20181225213610","is_ascension_mode":true,"campfire_choices":[{"data":"Venomology","floor":6,"key":"SMITH"},{"data":"Choke","floor":8,"key":"SMITH"},{"floor":10,"key":"REST"},{"floor":15,"key":"REST"}],"neow_cost":"CURSE","seed_source_timestamp":12941928966388976,"circlet_count":0,"master_deck":["AscendersBane","Defend_G","Defend_G","Defend_G","Defend_G","Defend_G","Strike_G+1","Strike_G","Strike_G","Strike_G","Strike_G","Survivor","Neutralize+1","Venomology+1","Choke+1","Accuracy","Flying Knee","Well Laid Plans","PiercingWail","Footwork","Dodge and Roll","Crippling Poison+1","Parasite","Malaise+1","Expertise+1","Cloak And Dagger+1"],"relics":["Ring of the Snake","Happy Flower","Whetstone","Toxic Egg 2","HoveringKite"],"potions_floor_usage":[4,5,7,11,12,13,13,13,16,18,19,21,21,22],"damage_taken":[{"damage":7,"enemies":"Cultist","floor":1,"turns":5},{"damage":1,"enemies":"Small Slimes","floor":3,"turns":4},{"damage":0,"enemies":"2 Louse","floor":4,"turns":4},{"damage":12,"enemies":"Gremlin Gang","floor":5,"turns":5},{"damage":6,"enemies":"Blue Slaver","floor":7,"turns":4},{"damage":17,"enemies":"3 Sentries","floor":11,"turns":9},{"damage":10,"enemies":"Exordium Thugs","floor":12,"turns":6},{"damage":17,"enemies":"Gremlin Nob","floor":13,"turns":6},{"damage":25,"enemies":"Slime Boss","floor":16,"turns":12},{"damage":4,"enemies":"Shell Parasite","floor":18,"turns":6},{"damage":21,"enemies":"Chosen","floor":19,"turns":8},{"damage":1,"enemies":"Centurion and Healer","floor":21,"turns":7},{"damage":8,"enemies":"Masked Bandits","floor":22,"turns":2}],"seed_played":"-2546575213957089763","potions_obtained":[{"floor":7,"key":"Energy Potion"},{"floor":12,"key":"Dexterity Potion"},{"floor":16,"key":"Strength Potion"},{"floor":19,"key":"GhostInAJar"}],"is_trial":false,"path_per_floor":["M","$","M","M","M","R","M","R","T","R","E","M","E","?","R","B",null,"M","M","?","M","?"],"character_chosen":"THE_SILENT","items_purchased":[],"campfire_rested":2,"item_purchase_floors":[],"current_hp_per_floor":[52,52,51,51,39,39,33,33,33,51,34,24,7,22,40,15,51,47,26,9,8,0],"gold":293,"neow_bonus":"THREE_RARE_CARDS","is_prod":false,"is_daily":false,"chose_seed":false,"campfire_upgraded":2,"win_rate":0,"timestamp":1545791770,"path_taken":["M","?","M","M","M","R","M","R","T","R","E","M","E","?","R","BOSS","M","M","?","M","?"],"build_version":"2018-12-20","purchased_purges":1,"victory":false,"max_hp_per_floor":[66,63,63,63,63,63,63,63,63,63,63,63,63,63,63,63,63,63,63,68,68,68],"card_choices":[{"not_picked":["Tools of the Trade","Corpse Explosion"],"picked":"Venomology","floor":0},{"not_picked":["Distraction","Backflip"],"picked":"Choke","floor":1},{"not_picked":["Setup","Prepared"],"picked":"Accuracy","floor":3},{"not_picked":["Reflex","Skewer"],"picked":"Flying Knee","floor":4},{"not_picked":["Noxious Fumes","Deadly Poison"],"picked":"Well Laid Plans","floor":5},{"not_picked":["Endless Agony","Setup"],"picked":"PiercingWail","floor":7},{"not_picked":["Dagger Spray","Slice"],"picked":"Footwork","floor":11},{"not_picked":["Bane","Prepared"],"picked":"Dodge and Roll","floor":12},{"not_picked":["Quick Slash","Underhanded Strike"],"picked":"Crippling Poison","floor":13},{"not_picked":["After Image","Wraith Form v2"],"picked":"Malaise+1","floor":16},{"not_picked":["Dagger Throw","Accuracy+1"],"picked":"Expertise+1","floor":18},{"not_picked":["Underhanded Strike","Poisoned Stab","Deflect+1"],"picked":"SKIP","floor":19},{"not_picked":["Sucker Punch+1","Deflect+1"],"picked":"Cloak And Dagger+1","floor":21}],"player_experience":987474,"relics_obtained":[{"floor":9,"key":"Happy Flower"},{"floor":11,"key":"Whetstone"},{"floor":13,"key":"Toxic Egg 2"}],"event_choices":[{"damage_healed":15,"gold_gain":0,"player_choice":"Healed and dodged fight","damage_taken":0,"max_hp_gain":0,"max_hp_loss":0,"event_name":"Mushrooms","floor":14,"gold_loss":0,"cards_obtained":["Parasite"]},{"damage_healed":0,"gold_gain":0,"player_choice":"Shed Blood","damage_taken":22,"max_hp_gain":5,"max_hp_loss":0,"event_name":"Forgotten Altar","floor":20,"gold_loss":0},{"damage_healed":0,"gold_gain":0,"player_choice":"Fought Bandits","damage_taken":0,"max_hp_gain":0,"max_hp_loss":0,"event_name":"Masked Bandits","floor":22,"gold_loss":0}],"is_beta":false,"boss_relics":[{"not_picked":["Busted Crown","White Beast Statue"],"picked":"HoveringKite"}],"items_purged_floors":[2],"is_endless":false,"potions_floor_spawned":[3,4,7,12,16,19],"killed_by":"Masked Bandits","ascension_level":16}