{"gold_per_floor":[209,56,68,82,82,82,38,65,65,95,95,106,106,125,125,125],"floor_reached":16,"playtime":748,"items_purged":["Strike_G"],"score":220,"play_id":"6e1b0a20-abb0-4ef0-8a62-3b76cc1f459f","local_time":"20190113213043","is_ascension_mode":true,"campfire_choices":[{"data":"Neutralize","floor":6,"key":"SMITH"},{"data":"Die Die Die","floor":11,"key":"SMITH"},{"floor":15,"key":"REST"}],"neow_cost":"NONE","seed_source_timestamp":0,"circlet_count":0,"master_deck":["AscendersBane","Defend_G","Defend_G","Defend_G","Defend_G","Defend_G","Strike_G","Strike_G","Strike_G","Survivor","Neutralize+1","Bouncing Flask","Die Die Die+1","Dagger Spray","Poisoned Stab","Skewer","Poisoned Stab","Footwork","Calculated Gamble"],"special_seed":0,"relics":["Ring of the Snake","Peace Pipe","Calipers","Omamori","Vajra"],"potions_floor_usage":[10,16],"damage_taken":[{"damage":2,"enemies":"Jaw Worm","floor":1,"turns":6},{"damage":0,"enemies":"Cultist","floor":3,"turns":3},{"damage":0,"enemies":"2 Louse","floor":4,"turns":1},{"damage":15,"enemies":"Lagavulin","floor":8,"turns":5},{"damage":10,"enemies":"3 Sentries","floor":10,"turns":4},{"damage":4,"enemies":"Looter","floor":12,"turns":4},{"damage":0,"enemies":"2 Fungi Beasts","floor":14,"turns":3},{"damage":40,"enemies":"Slime Boss","floor":16,"turns":8}],"seed_played":"-2474457278460584182","potions_obtained":[{"floor":3,"key":"Explosive Potion"},{"floor":8,"key":"AttackPotion"}],"is_trial":false,"path_per_floor":["M","$","M","M","?","R","$","E","T","E","R","M","?","M","R","B"],"character_chosen":"THE_SILENT","items_purchased":["Die Die Die","Skewer"],"campfire_rested":1,"item_purchase_floors":[2,7],"current_hp_per_floor":[57,57,57,57,57,57,57,42,42,32,32,28,17,17,36,0],"gold":125,"neow_bonus":"HUNDRED_GOLD","is_prod":false,"is_daily":false,"chose_seed":false,"campfire_upgraded":2,"win_rate":0,"timestamp":1547433043,"path_taken":["M","$","M","M","?","R","?","E","T","E","R","M","?","M","R","BOSS"],"build_version":"2019-01-10","purchased_purges":1,"victory":false,"max_hp_per_floor":[66,66,66,66,66,66,66,66,66,66,66,66,66,66,66,66],"card_choices":[{"not_picked":["Slice","Bane"],"picked":"Bouncing Flask","floor":1},{"not_picked":["Calculated Gamble","Bane"],"picked":"Dagger Spray","floor":3},{"not_picked":["Dodge and Roll","Deadly Poison","Riddle With Holes"],"picked":"SKIP","floor":4},{"not_picked":["Dodge and Roll","Backflip"],"picked":"Poisoned Stab","floor":8},{"not_picked":["Predator","Endless Agony"],"picked":"Footwork","floor":10},{"not_picked":["Unload","Dagger Spray","Slice"],"picked":"SKIP","floor":12},{"not_picked":["Choke","Acrobatics"],"picked":"Calculated Gamble","floor":14}],"player_experience":1178799,"relics_obtained":[{"floor":8,"key":"Peace Pipe"},{"floor":9,"key":"Calipers"},{"floor":10,"key":"Omamori"}],"event_choices":[{"damage_healed":0,"gold_gain":0,"cards_transformed":["Strike_G"],"player_choice":"Transformed","damage_taken":0,"max_hp_gain":0,"max_hp_loss":0,"event_name":"Transmorgrifier","floor":5,"gold_loss":0,"cards_obtained":["Poisoned Stab"]},{"damage_healed":0,"gold_gain":0,"player_choice":"Success","damage_taken":11,"relics_obtained":["Vajra"],"max_hp_gain":0,"max_hp_loss":0,"event_name":"Scrap Ooze","floor":13,"gold_loss":0}],"is_beta":false,"boss_relics":[],"items_purged_floors":[2],"is_endless":false,"potions_floor_spawned":[3,8],"killed_by":"Slime Boss","ascension_level":20}