{"gold_per_floor":[110,110,129,141,90,119,119,147,147,178,196,196,185,185,185,286,286,298,298,248,259,273,273,291,291],"floor_reached":25,"playtime":2212,"items_purged":[],"score":259,"play_id":"9725d96d-ae35-4d33-adb9-49a242d4f013","local_time":"20190912230123","is_ascension_mode":true,"campfire_choices":[{"floor":7,"key":"REST"},{"floor":12,"key":"REST"},{"floor":15,"key":"REST"},{"floor":23,"key":"REST"}],"neow_cost":"NONE","seed_source_timestamp":38090873189758,"circlet_count":0,"master_deck":["Strike_B","Strike_B","Strike_B","Strike_B","Defend_B","Defend_B","Defend_B","Defend_B","Zap","Dualcast","Go for the Eyes","Gash","Genetic Algorithm","Cold Snap","Cold Snap","Capacitor","Turbo","Cold Snap","Blizzard","Cold Snap","Reboot","Hologram","Gash","Leap","Hologram","Beam Cell","Defragment","Steam","Coolheaded"],"relics":["Cracked Core","Bronze Scales","StoneCalendar","Bottled Tornado","Girya","Orrery"],"potions_floor_usage":[13,19,25],"damage_taken":[{"damage":0,"enemies":"Small Slimes","floor":1,"turns":3},{"damage":3,"enemies":"2 Louse","floor":3,"turns":3},{"damage":2,"enemies":"Cultist","floor":4,"turns":5},{"damage":29,"enemies":"3 Sentries","floor":6,"turns":10},{"damage":13,"enemies":"Gremlin Nob","floor":8,"turns":4},{"damage":29,"enemies":"3 Sentries","floor":10,"turns":7},{"damage":11,"enemies":"Red Slaver","floor":11,"turns":3},{"damage":6,"enemies":"Exordium Thugs","floor":13,"turns":4},{"damage":8,"enemies":"Hexaghost","floor":16,"turns":9},{"damage":8,"enemies":"Shell Parasite","floor":18,"turns":6},{"damage":7,"enemies":"Masked Bandits","floor":19,"turns":2},{"damage":16,"enemies":"3 Byrds","floor":21,"turns":3},{"damage":33,"enemies":"Snake Plant","floor":22,"turns":6},{"damage":16,"enemies":"Centurion and Healer","floor":24,"turns":7},{"damage":37,"enemies":"Slavers","floor":25,"turns":3}],"seed_played":"89106144781613957","potions_obtained":[{"floor":3,"key":"Ancient Potion"},{"floor":4,"key":"FairyPotion"},{"floor":8,"key":"Ancient Potion"},{"floor":10,"key":"EssenceOfSteel"},{"floor":16,"key":"SmokeBomb"},{"floor":24,"key":"PowerPotion"}],"is_trial":false,"path_per_floor":["M","?","M","M","$","E","R","E","T","E","M","R","M","?","R","B",null,"M","?","?","M","M","R","M","E"],"character_chosen":"DEFECT","items_purchased":["Cold Snap"],"campfire_rested":4,"item_purchase_floors":[5],"current_hp_per_floor":[75,75,72,70,70,41,63,50,50,21,10,32,26,26,48,40,75,67,60,60,44,11,33,17,0],"gold":291,"neow_bonus":"THREE_CARDS","is_prod":false,"is_daily":false,"chose_seed":false,"campfire_upgraded":0,"win_rate":0,"timestamp":1568340083,"path_taken":["M","?","M","M","$","E","R","E","T","E","M","R","M","?","R","BOSS","M","?","?","M","M","R","?","E"],"build_version":"2019-07-17","purchased_purges":0,"victory":false,"max_hp_per_floor":[75,75,75,75,75,75,75,75,75,75,75,75,75,75,75,75,75,75,75,75,75,75,75,75,75],"card_choices":[{"not_picked":["Hello World","Cold Snap"],"picked":"Go for the Eyes","floor":0},{"not_picked":["Streamline","Beam Cell"],"picked":"Gash","floor":1},{"not_picked":["Storm","Stack"],"picked":"Genetic Algorithm","floor":3},{"not_picked":["Turbo","Redo"],"picked":"Cold Snap","floor":4},{"not_picked":["Self Repair","Electrodynamics"],"picked":"Capacitor","floor":6},{"not_picked":["Sweeping Beam","Barrage"],"picked":"Turbo","floor":8},{"not_picked":["Sunder","White Noise"],"picked":"Cold Snap","floor":10},{"not_picked":["Redo","Steam"],"picked":"Blizzard","floor":11},{"not_picked":["Steam","Hyperbeam"],"picked":"Cold Snap","floor":13},{"not_picked":["Meteor Strike","Echo Form"],"picked":"Reboot","floor":16},{"not_picked":["Turbo","Consume"],"picked":"Hologram","floor":17},{"not_picked":["Fusion","Sweeping Beam"],"picked":"Gash","floor":17},{"not_picked":["Streamline","Ball Lightning"],"picked":"Leap","floor":17},{"not_picked":["Compile Driver","Redo"],"picked":"Hologram","floor":17},{"not_picked":["Reprogram","Loop"],"picked":"Beam Cell","floor":18},{"not_picked":["Beam Cell","Conserve Battery"],"picked":"Defragment","floor":21},{"not_picked":["Buffer","Turbo"],"picked":"Steam","floor":22},{"not_picked":["Storm","Redo+1"],"picked":"Coolheaded","floor":24}],"player_experience":179135,"relics_obtained":[{"floor":6,"key":"Bronze Scales"},{"floor":8,"key":"StoneCalendar"},{"floor":9,"key":"Bottled Tornado"},{"floor":10,"key":"Girya"}],"event_choices":[{"damage_healed":0,"gold_gain":0,"player_choice":"Ignored","damage_taken":0,"max_hp_gain":0,"max_hp_loss":0,"event_name":"Golden Wing","floor":2,"gold_loss":0},{"damage_healed":0,"gold_gain":0,"player_choice":"Fled","damage_taken":0,"max_hp_gain":0,"max_hp_loss":0,"event_name":"Scrap Ooze","floor":14,"gold_loss":0},{"damage_healed":0,"gold_gain":0,"player_choice":"Fought Bandits","damage_taken":0,"max_hp_gain":0,"max_hp_loss":0,"event_name":"Masked Bandits","floor":19,"gold_loss":0},{"damage_healed":0,"gold_gain":0,"player_choice":"Bet on Owner","damage_taken":0,"max_hp_gain":0,"max_hp_loss":0,"event_name":"The Joust","floor":20,"gold_loss":50}],"is_beta":false,"boss_relics":[{"not_picked":["Fusion Hammer","Sozu"],"picked":"Orrery"}],"items_purged_floors":[],"is_endless":false,"potions_floor_spawned":[3,4,8,10,16,24],"killed_by":"Slavers","ascension_level":1}