{"gold_per_floor":[15,27,43,55,130,130,148,164,245,245,273,287,287,287,287,287],"floor_reached":16,"playtime":761,"items_purged":[],"score":198,"play_id":"c316a5e7-60d7-4ed7-b89b-64e0b3fdfa3b","local_time":"20190530093008","is_ascension_mode":true,"campfire_choices":[{"data":"Whirlwind","floor":6,"key":"SMITH"},{"data":"Armaments","floor":10,"key":"SMITH"},{"data":"True Grit","floor":13,"key":"SMITH"},{"floor":15,"key":"REST"}],"neow_cost":"NO_GOLD","seed_source_timestamp":911211795157325,"circlet_count":0,"master_deck":["AscendersBane","Strike_R","Strike_R","Strike_R","Strike_R","Defend_R","Defend_R","Defend_R","Bash+1","True Grit+1","Whirlwind+1","Armaments+1","Iron Wave","Shrug It Off","Juggernaut","Pummel"],"relics":["Burning Blood","Shuriken","PreservedInsect"],"potions_floor_usage":[7,8,11,16],"damage_taken":[{"damage":13,"enemies":"Cultist","floor":1,"turns":5},{"damage":15,"enemies":"Small Slimes","floor":2,"turns":4},{"damage":0,"enemies":"2 Louse","floor":3,"turns":1},{"damage":6,"enemies":"Looter","floor":4,"turns":5},{"damage":0,"enemies":"Blue Slaver","floor":7,"turns":4},{"damage":13,"enemies":"Large Slime","floor":8,"turns":10},{"damage":32,"enemies":"3 Sentries","floor":11,"turns":6},{"damage":0,"enemies":"2 Fungi Beasts","floor":12,"turns":2},{"damage":56,"enemies":"Slime Boss","floor":16,"turns":9}],"seed_played":"4124833525995406145","potions_obtained":[{"floor":1,"key":"Swift Potion"},{"floor":4,"key":"EssenceOfSteel"},{"floor":11,"key":"Fruit Juice"},{"floor":12,"key":"Energy Potion"}],"is_trial":false,"path_per_floor":["M","M","M","M","?","R","M","M","T","R","E","M","R","?","R","B"],"character_chosen":"IRONCLAD","items_purchased":[],"campfire_rested":1,"item_purchase_floors":[],"current_hp_per_floor":[61,52,58,58,47,47,53,46,46,46,25,31,31,31,55,0],"gold":287,"neow_bonus":"REMOVE_TWO","is_prod":false,"is_daily":false,"chose_seed":false,"campfire_upgraded":3,"win_rate":0,"timestamp":1559223008,"path_taken":["M","M","M","M","?","R","M","M","T","R","E","M","R","?","R","BOSS"],"build_version":"2019-01-23","purchased_purges":0,"victory":false,"max_hp_per_floor":[75,75,75,75,75,75,75,75,75,75,80,80,80,80,80,80],"card_choices":[{"not_picked":["Intimidate","Wild Strike"],"picked":"True Grit","floor":1},{"not_picked":["Anger","Spot Weakness"],"picked":"Whirlwind","floor":2},{"not_picked":["Sever Soul","Whirlwind"],"picked":"Armaments","floor":3},{"not_picked":["Pommel Strike","Twin Strike"],"picked":"Iron Wave","floor":4},{"not_picked":["Clothesline","True Grit"],"picked":"Shrug It Off","floor":7},{"not_picked":["Blood for Blood","Perfected Strike"],"picked":"Juggernaut","floor":8},{"not_picked":["Whirlwind","Anger","Perfected Strike"],"picked":"SKIP","floor":11},{"not_picked":["Combust","Sever Soul"],"picked":"Pummel","floor":12}],"player_experience":1580187,"relics_obtained":[{"floor":9,"key":"Shuriken"},{"floor":11,"key":"PreservedInsect"}],"event_choices":[{"damage_healed":0,"gold_gain":75,"player_choice":"Gather Gold","damage_taken":11,"max_hp_gain":0,"max_hp_loss":0,"event_name":"World of Goop","floor":5,"gold_loss":0},{"damage_healed":0,"gold_gain":0,"player_choice":"Grow","damage_taken":0,"max_hp_gain":0,"max_hp_loss":0,"event_name":"Living Wall","floor":14,"gold_loss":0,"cards_upgraded":["Bash"]}],"is_beta":false,"boss_relics":[],"items_purged_floors":[],"is_endless":false,"potions_floor_spawned":[1,4,11,12],"killed_by":"Slime Boss","ascension_level":18}