{"gold_per_floor":[112,212,137,152,152,152,170,184,184,184,184,200,200,531,531,636,636,649,89,89,100,112,146,146,178,178,178,103,114,131,158,158,158],"floor_reached":33,"playtime":1455,"items_purged":["Strike_R","Strike_R"],"score":442,"play_id":"06338fbd-f752-4a7e-b489-6fb62192f7f0","local_time":"20180822024148","is_ascension_mode":true,"campfire_choices":[{"data":"Iron Wave","floor":6,"key":"SMITH"},{"data":"Twin Strike","floor":11,"key":"SMITH"},{"data":"Warcry","floor":13,"key":"SMITH"},{"floor":15,"key":"REST"},{"floor":24,"key":"REST"},{"floor":27,"key":"REST"},{"floor":32,"key":"REST"}],"neow_cost":"NONE","seed_source_timestamp":204127698775763,"circlet_count":0,"master_deck":["Strike_R+1","Defend_R","Defend_R+1","Defend_R","Defend_R","Bash+1","Spot Weakness+1","Iron Wave+1","Warcry+1","Twin Strike+1","Disarm+1","Ghostly Armor","Dropkick"],"relics":["Burning Blood","Shuriken","Old Coin","Fusion Hammer","War Paint","StoneCalendar","Happy Flower","Regal Pillow","Potion Belt","Paper Frog"],"potions_floor_usage":[16,21,23,23,23],"damage_taken":[{"damage":11,"enemies":"Jaw Worm","floor":1,"turns":4},{"damage":1,"enemies":"Cultist","floor":4,"turns":3},{"damage":4,"enemies":"2 Louse","floor":7,"turns":3},{"damage":1,"enemies":"2 Fungi Beasts","floor":8,"turns":4},{"damage":4,"enemies":"Exordium Wildlife","floor":12,"turns":3},{"damage":28,"enemies":"Gremlin Nob","floor":14,"turns":4},{"damage":18,"enemies":"The Guardian","floor":16,"turns":10},{"damage":0,"enemies":"Shell Parasite","floor":18,"turns":4},{"damage":18,"enemies":"2 Thieves","floor":21,"turns":4},{"damage":0,"enemies":"Centurion and Healer","floor":22,"turns":7},{"damage":26,"enemies":"Gremlin Leader","floor":23,"turns":7},{"damage":51,"enemies":"Slavers","floor":25,"turns":8},{"damage":2,"enemies":"3 Cultists","floor":29,"turns":6},{"damage":2,"enemies":"Shelled Parasite and Fungi","floor":30,"turns":5},{"damage":18,"enemies":"Book of Stabbing","floor":31,"turns":6},{"damage":81,"enemies":"Automaton","floor":33,"turns":6}],"seed_played":"6438316939659376953","potions_obtained":[{"floor":1,"key":"Weak Potion"},{"floor":8,"key":"Dexterity Potion"},{"floor":14,"key":"Explosive Potion"},{"floor":18,"key":"Block Potion"},{"floor":21,"key":"SkillPotion"},{"floor":29,"key":"FearPotion"}],"is_trial":false,"path_per_floor":["M","?","$","M","?","R","M","M","T","?","R","M","R","E","R","B",null,"M","$","?","M","M","E","R","E","T","R","?","M","M","E","R"],"character_chosen":"IRONCLAD","items_purchased":["War Paint","StoneCalendar"],"campfire_rested":4,"item_purchase_floors":[19,19],"current_hp_per_floor":[67,67,67,72,65,65,67,72,72,56,56,58,58,36,60,48,72,78,78,78,66,72,52,76,31,31,70,70,74,78,66,80,0],"gold":158,"neow_bonus":"UPGRADE_CARD","is_prod":false,"is_daily":false,"chose_seed":false,"campfire_upgraded":3,"win_rate":0,"timestamp":1534920108,"path_taken":["M","?","$","M","?","R","?","M","T","?","R","?","R","E","R","BOSS","M","$","?","M","M","E","R","E","T","R","?","M","M","E","R","BOSS"],"build_version":"2018-08-16","purchased_purges":2,"victory":false,"max_hp_per_floor":[80,80,80,80,80,80,80,80,80,80,80,80,80,80,80,80,80,80,80,80,80,80,80,80,80,80,80,80,80,80,80,80,80],"card_choices":[{"not_picked":["Reckless Charge","Metallicize"],"picked":"Spot Weakness","floor":1},{"not_picked":["Inflame","Wild Strike"],"picked":"Iron Wave","floor":4},{"not_picked":["Body Slam","Pommel Strike"],"picked":"Warcry","floor":7},{"not_picked":["Blood for Blood","Uppercut"],"picked":"Twin Strike","floor":8},{"not_picked":["Rage","Metallicize","Pommel Strike"],"picked":"SKIP","floor":12},{"not_picked":["Sword Boomerang","Clash"],"picked":"Disarm","floor":14},{"not_picked":["Wild Strike","Clash","Twin Strike"],"picked":"SKIP","floor":18},{"not_picked":["Metallicize+1","Fire Breathing","Dual Wield"],"picked":"SKIP","floor":21},{"not_picked":["Headbutt","Entrench+1","Power Through"],"picked":"SKIP","floor":22},{"not_picked":["Wild Strike","Headbutt","Feel No Pain"],"picked":"SKIP","floor":23},{"not_picked":["Cleave","Pummel","Pommel Strike+1"],"picked":"SKIP","floor":25},{"not_picked":["Clothesline","Anger","Body Slam"],"picked":"SKIP","floor":29},{"not_picked":["Inflame","Flame Barrier","Blood for Blood"],"picked":"SKIP","floor":30},{"not_picked":["Blood for Blood","Burning Pact"],"picked":"Dropkick","floor":31}],"player_experience":490665,"relics_obtained":[{"floor":9,"key":"Shuriken"},{"floor":14,"key":"Old Coin"},{"floor":23,"key":"Happy Flower"},{"floor":25,"key":"Regal Pillow"},{"floor":26,"key":"Potion Belt"},{"floor":31,"key":"Paper Frog"}],"event_choices":[{"event_name":"Golden Shrine","player_choice":"Pray","floor":2,"damage_taken":0},{"event_name":"Golden Wing","player_choice":"Card Removal","floor":5,"damage_taken":0},{"event_name":"Shining Light","player_choice":"Entered Light","floor":10,"damage_taken":0},{"event_name":"The Library","player_choice":"Read","floor":20,"damage_taken":0},{"event_name":"Beggar","player_choice":"Gave Gold","floor":28,"damage_taken":0}],"is_beta":false,"boss_relics":[{"not_picked":["White Beast Statue","Coffee Dripper"],"picked":"Fusion Hammer"}],"items_purged_floors":[3,19],"is_endless":false,"potions_floor_spawned":[1,8,14,18,21,22,29],"killed_by":"Automaton","ascension_level":9}