{"gold_per_floor":[112,122,122,41,41,41,76,88,157,183,199,199,199,199,199,297,297,313,95,95,111,130,158,158,193,193,203,203],"floor_reached":28,"playtime":1394,"items_purged":["Strike_B"],"score":346,"play_id":"91615933-aadf-450f-afba-f6eb120239a4","local_time":"20190514002851","is_ascension_mode":true,"campfire_choices":[{"data":"Defragment","floor":6,"key":"SMITH"},{"floor":12,"key":"REST"},{"data":"Hologram","floor":15,"key":"SMITH"},{"floor":24,"key":"REST"}],"neow_cost":"NONE","seed_source_timestamp":706061945587800,"circlet_count":0,"master_deck":["Strike_B+1","Strike_B","Strike_B","Defend_B","Defend_B","Defend_B","Defend_B+1","Zap+1","Dualcast","Conserve Battery","Hologram+1","Defragment+1","Conserve Battery","Cold Snap","White Noise","Rebound","Melter+1","Biased Cognition","Sweeping Beam+1","Electrodynamics","Glacier","Echo Form","Multi-Cast"],"relics":["Cracked Core","Boot","Blue Candle","Dream Catcher","Pocketwatch","Black Star","Happy Flower","Nloth\u0027s Gift","Blood Vial","Whetstone","Bag of Preparation","Matryoshka","Dodecahedron","Bottled Tornado"],"potions_floor_usage":[23],"damage_taken":[{"damage":0,"enemies":"Small Slimes","floor":1,"turns":2},{"damage":0,"enemies":"Jaw Worm","floor":2,"turns":3},{"damage":35,"enemies":"3 Sentries","floor":7,"turns":8},{"damage":0,"enemies":"2 Louse","floor":8,"turns":1},{"damage":19,"enemies":"Gremlin Nob","floor":10,"turns":4},{"damage":1,"enemies":"Large Slime","floor":11,"turns":5},{"damage":14,"enemies":"The Guardian","floor":16,"turns":9},{"damage":0,"enemies":"Spheric Guardian","floor":18,"turns":3},{"damage":23,"enemies":"2 Thieves","floor":21,"turns":4},{"damage":5,"enemies":"Snecko","floor":22,"turns":6},{"damage":9,"enemies":"Gremlin Leader","floor":23,"turns":6},{"damage":19,"enemies":"Slavers","floor":25,"turns":3},{"damage":12,"enemies":"Cultist and Chosen","floor":27,"turns":3},{"damage":23,"enemies":"Centurion and Healer","floor":28,"turns":1}],"seed_played":"2460553049611600860","potions_obtained":[{"floor":7,"key":"EssenceOfSteel"},{"floor":10,"key":"SteroidPotion"},{"floor":11,"key":"Poison Potion"},{"floor":18,"key":"EntropicBrew"}],"is_trial":false,"path_per_floor":["M","M","?","$","?","R","E","M","T","E","M","R","?","?","R","B",null,"M","$","?","M","M","E","R","E","T","M","M"],"character_chosen":"DEFECT","items_purchased":["Defragment","Happy Flower"],"campfire_rested":2,"item_purchase_floors":[4,19],"current_hp_per_floor":[68,68,53,53,75,75,40,40,40,21,20,42,35,35,35,21,62,62,62,62,39,34,25,47,30,30,20,0],"gold":203,"neow_bonus":"UPGRADE_CARD","is_prod":false,"is_daily":false,"chose_seed":false,"campfire_upgraded":2,"win_rate":0,"timestamp":1557818931,"path_taken":["M","M","?","?","?","R","E","M","T","E","M","R","?","?","R","BOSS","M","$","?","M","M","E","R","E","T","M","M"],"build_version":"2019-01-23","purchased_purges":1,"victory":false,"max_hp_per_floor":[75,75,75,75,75,75,75,75,75,75,75,75,75,75,75,75,75,75,75,75,75,75,75,75,75,75,75,75],"card_choices":[{"not_picked":["BootSequence","Steam"],"picked":"Conserve Battery","floor":1},{"not_picked":["Compile Driver","Sunder"],"picked":"Hologram","floor":2},{"not_picked":["Amplify","Beam Cell"],"picked":"Conserve Battery","floor":7},{"not_picked":["Sweeping Beam","Blizzard"],"picked":"Cold Snap","floor":8},{"not_picked":["Hologram","Double Energy"],"picked":"White Noise","floor":10},{"not_picked":["Leap","Scrape"],"picked":"Rebound","floor":11},{"not_picked":["Heatsinks","Rebound"],"picked":"Melter","floor":12},{"not_picked":["Seek","Fission"],"picked":"Biased Cognition","floor":16},{"not_picked":["Turbo","Conserve Battery","Reinforced Body"],"picked":"SKIP","floor":18},{"not_picked":["Steam","Ball Lightning"],"picked":"Sweeping Beam","floor":21},{"not_picked":["Fission","Rebound"],"picked":"Electrodynamics","floor":22},{"not_picked":["Heatsinks","Multi-Cast","Redo"],"picked":"SKIP","floor":23},{"not_picked":["Beam Cell","Gash"],"picked":"Glacier","floor":24},{"not_picked":["Fusion","Compile Driver"],"picked":"Echo Form","floor":25},{"not_picked":["Blizzard","Hologram"],"picked":"Multi-Cast","floor":27}],"player_experience":481583,"relics_obtained":[{"floor":7,"key":"Boot"},{"floor":9,"key":"Blue Candle"},{"floor":10,"key":"Dream Catcher"},{"floor":23,"key":"Blood Vial"},{"floor":23,"key":"Whetstone"},{"floor":25,"key":"Bag of Preparation"},{"floor":25,"key":"Matryoshka"},{"floor":26,"key":"Dodecahedron"},{"floor":26,"key":"Bottled Tornado"}],"event_choices":[{"damage_healed":0,"gold_gain":0,"player_choice":"Entered Light","damage_taken":15,"max_hp_gain":0,"max_hp_loss":0,"event_name":"Shining Light","floor":3,"gold_loss":0,"cards_upgraded":["Defend_B","Strike_B"]},{"damage_healed":25,"gold_gain":0,"player_choice":"Banana","damage_taken":0,"max_hp_gain":0,"max_hp_loss":0,"event_name":"Big Fish","floor":5,"gold_loss":0},{"damage_healed":0,"gold_gain":0,"player_choice":"Success","damage_taken":7,"relics_obtained":["Ornamental Fan"],"max_hp_gain":0,"max_hp_loss":0,"event_name":"Scrap Ooze","floor":13,"gold_loss":0},{"damage_healed":0,"gold_gain":0,"player_choice":"Searched \u00271\u0027 times","damage_taken":0,"relics_obtained":["Pocketwatch"],"max_hp_gain":0,"max_hp_loss":0,"event_name":"Dead Adventurer","floor":14,"gold_loss":0},{"damage_healed":0,"gold_gain":0,"player_choice":"Traded Relic","damage_taken":0,"relics_obtained":["Nloth\u0027s Gift"],"max_hp_gain":0,"max_hp_loss":0,"event_name":"N\u0027loth","floor":20,"relics_lost":["Ornamental Fan"],"gold_loss":0}],"is_beta":false,"boss_relics":[{"not_picked":["Sozu","White Beast Statue"],"picked":"Black Star"}],"items_purged_floors":[19],"is_endless":false,"potions_floor_spawned":[7,10,11,18,21],"killed_by":"Centurion and Healer","ascension_level":6}