{"gold_per_floor":[112,112,41,61,81,81,156,186,186,206,206,221,221,233,233,309,309,326,344,354,279,0,0,0],"floor_reached":24,"playtime":893,"items_purged":["Strike_R"],"score":327,"play_id":"0d055284-c90b-4cf8-b281-703524a52abb","local_time":"20190704234335","is_ascension_mode":true,"campfire_choices":[{"data":"Armaments","floor":6,"key":"SMITH"},{"data":"1","floor":11,"key":"LIFT"},{"data":"2","floor":13,"key":"LIFT"},{"data":"3","floor":15,"key":"LIFT"},{"floor":23,"key":"REST"}],"neow_cost":"NONE","seed_source_timestamp":10679612960280,"circlet_count":0,"master_deck":["AscendersBane","Strike_R","Strike_R","Defend_R","Defend_R","Defend_R","Defend_R","Bash","Double Tap","Armaments+1","Cleave","Wild Strike","Entrench","Flame Barrier","Battle Trance","Warcry","Bloodletting","Juggernaut","Clothesline","Rupture","Rampage","Metallicize","Shrug It Off","Body Slam","Hemokinesis"],"relics":["Burning Blood","Girya","Sundial","Philosopher\u0027s Stone"],"potions_floor_usage":[8,16,16,18,20],"damage_taken":[{"damage":9,"enemies":"Jaw Worm","floor":1,"turns":4},{"damage":1,"enemies":"Cultist","floor":4,"turns":3},{"damage":0,"enemies":"2 Louse","floor":5,"turns":2},{"damage":39,"enemies":"Lagavulin","floor":8,"turns":5},{"damage":1,"enemies":"Exordium Wildlife","floor":10,"turns":4},{"damage":7,"enemies":"Looter","floor":12,"turns":4},{"damage":1,"enemies":"2 Fungi Beasts","floor":14,"turns":3},{"damage":39,"enemies":"Slime Boss","floor":16,"turns":9},{"damage":34,"enemies":"2 Thieves","floor":18,"turns":5},{"damage":3,"enemies":"Chosen","floor":19,"turns":4},{"damage":37,"enemies":"Snake Plant","floor":20,"turns":3},{"damage":44,"enemies":"Snecko","floor":24,"turns":4}],"seed_played":"3623077791440429997","potions_obtained":[{"floor":1,"key":"BloodPotion"},{"floor":5,"key":"PowerPotion"},{"floor":14,"key":"Swift Potion"},{"floor":16,"key":"Block Potion"},{"floor":18,"key":"Poison Potion"}],"is_trial":false,"path_per_floor":["M","?","$","M","M","R","?","E","T","M","R","M","R","M","R","B",null,"M","M","M","?","$","R","M"],"character_chosen":"IRONCLAD","items_purchased":["Cleave","Wild Strike","Metallicize","Shrug It Off","Body Slam","Hemokinesis"],"campfire_rested":1,"item_purchase_floors":[3,3,22,22,22,22],"current_hp_per_floor":[69,69,69,74,80,80,69,36,36,41,41,40,40,45,45,32,68,40,43,12,12,12,36,0],"gold":0,"neow_bonus":"ONE_RANDOM_RARE_CARD","is_prod":false,"is_daily":false,"chose_seed":false,"campfire_upgraded":1,"win_rate":0,"timestamp":1562247815,"path_taken":["M","?","?","M","M","R","?","E","T","?","R","M","R","M","R","BOSS","M","M","M","?","$","R","M"],"build_version":"2019-07-01","purchased_purges":1,"victory":false,"max_hp_per_floor":[80,80,80,80,80,80,80,80,80,80,80,80,80,80,80,80,80,80,80,80,80,80,80,80],"card_choices":[{"not_picked":["Anger","Dual Wield"],"picked":"Armaments","floor":1},{"not_picked":["Whirlwind","Rage"],"picked":"Entrench","floor":4},{"not_picked":["Sword Boomerang","Thunderclap"],"picked":"Flame Barrier","floor":5},{"not_picked":["Carnage","Cleave","Clash"],"picked":"SKIP","floor":8},{"not_picked":["Fire Breathing","Rampage"],"picked":"Battle Trance","floor":10},{"not_picked":["Iron Wave","Rage"],"picked":"Warcry","floor":12},{"not_picked":["Rupture","Flex"],"picked":"Bloodletting","floor":14},{"not_picked":["Dark Embrace","Fiend Fire"],"picked":"Juggernaut","floor":16},{"not_picked":["Havoc","Second Wind"],"picked":"Clothesline","floor":18},{"not_picked":["Warcry","Perfected Strike"],"picked":"Rupture","floor":19},{"not_picked":["Carnage","Intimidate"],"picked":"Rampage","floor":20}],"player_experience":920126,"relics_obtained":[{"floor":8,"key":"Girya"},{"floor":9,"key":"Sundial"}],"event_choices":[{"cards_removed":["Strike_R"],"damage_healed":0,"gold_gain":0,"player_choice":"Offered Basic","damage_taken":0,"max_hp_gain":0,"max_hp_loss":0,"event_name":"Bonfire Elementals","floor":2,"gold_loss":0},{"damage_healed":0,"gold_gain":75,"player_choice":"Gather Gold","damage_taken":11,"max_hp_gain":0,"max_hp_loss":0,"event_name":"World of Goop","floor":7,"gold_loss":0},{"cards_removed":["Strike_R"],"damage_healed":0,"gold_gain":0,"player_choice":"Gave Gold","damage_taken":0,"max_hp_gain":0,"max_hp_loss":0,"event_name":"Beggar","floor":21,"gold_loss":75}],"is_beta":false,"boss_relics":[{"not_picked":["Busted Crown","Lizard Tail"],"picked":"Philosopher\u0027s Stone"}],"items_purged_floors":[22],"is_endless":false,"potions_floor_spawned":[1,5,14,16,18],"killed_by":"Snecko","ascension_level":13}