{"gold_per_floor":[114,14,30,45,45,79,79,110,110,129,129],"floor_reached":11,"playtime":453,"items_purged":["Pain"],"score":158,"play_id":"ff441e53-d319-48dd-bd54-46772ac61944","local_time":"20190531003348","is_ascension_mode":true,"campfire_choices":[{"floor":7,"key":"REST"}],"neow_cost":"CURSE","seed_source_timestamp":965744822993787,"circlet_count":0,"master_deck":["AscendersBane","Strike_R","Strike_R","Strike_R","Strike_R","Strike_R","Defend_R","Defend_R","Defend_R","Defend_R","Bash","Demon Form","Second Wind","Shrug It Off","Immolate","True Grit","Decay","Anger","Shrug It Off"],"relics":["Burning Blood","Boot","Bottled Lightning","Bronze Scales"],"potions_floor_usage":[8],"damage_taken":[{"damage":21,"enemies":"Small Slimes","floor":1,"turns":5},{"damage":0,"enemies":"Cultist","floor":3,"turns":4},{"damage":7,"enemies":"Jaw Worm","floor":4,"turns":5},{"damage":29,"enemies":"3 Sentries","floor":6,"turns":4},{"damage":54,"enemies":"Gremlin Nob","floor":8,"turns":5},{"damage":0,"enemies":"2 Fungi Beasts","floor":10,"turns":2},{"damage":22,"enemies":"Lagavulin","floor":11,"turns":5}],"seed_played":"-5828986486407581329","potions_obtained":[{"floor":6,"key":"Swift Potion"}],"is_trial":false,"path_per_floor":["M","$","M","M","?","E","R","E","T","M","E"],"character_chosen":"IRONCLAD","items_purchased":["Shrug It Off"],"campfire_rested":1,"item_purchase_floors":[2],"current_hp_per_floor":[53,53,59,58,58,35,57,9,9,15,0],"gold":129,"neow_bonus":"THREE_RARE_CARDS","is_prod":false,"is_daily":false,"chose_seed":false,"campfire_upgraded":0,"win_rate":0,"timestamp":1559277228,"path_taken":["M","$","M","M","?","E","R","E","T","M","E"],"build_version":"2019-01-23","purchased_purges":1,"victory":false,"max_hp_per_floor":[75,75,75,75,75,75,75,75,75,75,75],"card_choices":[{"not_picked":["Berserk","Brutality"],"picked":"Demon Form","floor":0},{"not_picked":["Warcry","Body Slam"],"picked":"Second Wind","floor":1},{"not_picked":["True Grit","Clash"],"picked":"Immolate","floor":3},{"not_picked":["Clash","Havoc"],"picked":"True Grit","floor":4},{"not_picked":["Perfected Strike","Barricade"],"picked":"Anger","floor":6},{"not_picked":["Second Wind","Havoc","Whirlwind"],"picked":"SKIP","floor":8},{"not_picked":["True Grit","Clothesline"],"picked":"Shrug It Off","floor":10}],"player_experience":1585699,"relics_obtained":[{"floor":6,"key":"Boot"},{"floor":8,"key":"Bottled Lightning"},{"floor":9,"key":"Bronze Scales"}],"event_choices":[{"damage_healed":0,"gold_gain":0,"player_choice":"Cursed","damage_taken":0,"max_hp_gain":0,"max_hp_loss":0,"event_name":"Wheel of Change","floor":5,"gold_loss":0,"cards_obtained":["Decay"]}],"is_beta":false,"boss_relics":[],"items_purged_floors":[2],"is_endless":false,"potions_floor_spawned":[6],"killed_by":"Lagavulin","ascension_level":18}