{"gold_per_floor":[112,125,142,160,173,173,173,173,173,183,216,232,232,243,243,243],"floor_reached":16,"playtime":707,"items_purged":[],"score":106,"play_id":"62be44e6-4423-4e77-bda9-5e00596af965","local_time":"20190616222516","is_ascension_mode":false,"campfire_choices":[{"data":"Neutralize","floor":6,"key":"SMITH"},{"data":"Cloak And Dagger","floor":8,"key":"SMITH"},{"floor":13,"key":"REST"},{"data":"Quick Slash","floor":15,"key":"SMITH"}],"neow_cost":"NONE","seed_source_timestamp":48077260380309,"circlet_count":0,"master_deck":["Defend_G","Defend_G","Defend_G","Defend_G","Defend_G","Strike_G","Strike_G","Strike_G","Strike_G","Strike_G","Survivor","Neutralize+1","Leg Sweep","PiercingWail","Cloak And Dagger+1","Poisoned Stab","Acrobatics","Pain","Choke","Wraith Form v2","Quick Slash+1","Dagger Throw"],"relics":["Ring of the Snake","WarpedTongs","Anchor","Orichalcum"],"potions_floor_usage":[2,3,5,5,10,11,16],"damage_taken":[{"damage":6,"enemies":"2 Louse","floor":1,"turns":3},{"damage":2,"enemies":"Cultist","floor":2,"turns":5},{"damage":0,"enemies":"Jaw Worm","floor":3,"turns":6},{"damage":5,"enemies":"Blue Slaver","floor":4,"turns":5},{"damage":1,"enemies":"Gremlin Gang","floor":5,"turns":8},{"damage":5,"enemies":"Exordium Thugs","floor":10,"turns":6},{"damage":20,"enemies":"Lagavulin","floor":11,"turns":7},{"damage":14,"enemies":"Large Slime","floor":12,"turns":6},{"damage":3,"enemies":"Exordium Wildlife","floor":14,"turns":4},{"damage":65,"enemies":"Hexaghost","floor":16,"turns":14}],"seed_played":"-6920537971524647568","potions_obtained":[{"floor":0,"key":"Fruit Juice"},{"floor":0,"key":"Fruit Juice"},{"floor":0,"key":"GamblersBrew"},{"floor":2,"key":"FearPotion"},{"floor":3,"key":"Block Potion"},{"floor":5,"key":"Regen Potion"},{"floor":14,"key":"Dexterity Potion"}],"is_trial":false,"path_per_floor":["M","M","M","M","M","R","?","R","T","M","E","M","R","M","R","B"],"character_chosen":"THE_SILENT","items_purchased":[],"campfire_rested":1,"item_purchase_floors":[],"current_hp_per_floor":[64,67,72,67,66,66,66,66,66,61,56,42,66,63,63,0],"gold":243,"neow_bonus":"THREE_SMALL_POTIONS","is_prod":false,"is_daily":false,"chose_seed":false,"campfire_upgraded":3,"win_rate":0,"timestamp":1560687916,"path_taken":["M","M","M","M","M","R","?","R","T","?","E","M","R","M","R","BOSS"],"build_version":"2019-01-23","purchased_purges":0,"victory":false,"max_hp_per_floor":[70,75,80,80,80,80,80,80,80,80,80,80,80,80,80,80],"card_choices":[{"not_picked":["Deflect","Cloak And Dagger"],"picked":"Leg Sweep","floor":1},{"not_picked":["Flechettes","Glass Knife"],"picked":"PiercingWail","floor":2},{"not_picked":["PiercingWail","Bane"],"picked":"Cloak And Dagger","floor":3},{"not_picked":["Underhanded Strike","Cloak And Dagger"],"picked":"Poisoned Stab","floor":4},{"not_picked":["Bane","Underhanded Strike"],"picked":"Acrobatics","floor":5},{"not_picked":["Underhanded Strike","Heel Hook"],"picked":"Choke","floor":10},{"not_picked":["Heel Hook","Bane"],"picked":"Wraith Form v2","floor":11},{"not_picked":["Flechettes","Infinite Blades"],"picked":"Quick Slash","floor":12},{"not_picked":["Prepared","Blur"],"picked":"Dagger Throw","floor":14}],"player_experience":857495,"relics_obtained":[{"floor":9,"key":"Anchor"},{"floor":11,"key":"Orichalcum"}],"event_choices":[{"damage_healed":0,"gold_gain":0,"player_choice":"Rummage","damage_taken":0,"relics_obtained":["WarpedTongs"],"max_hp_gain":0,"max_hp_loss":0,"event_name":"Accursed Blacksmith","floor":7,"gold_loss":0,"cards_obtained":["Pain"]}],"is_beta":false,"boss_relics":[],"items_purged_floors":[],"is_endless":false,"potions_floor_spawned":[2,3,5,14],"killed_by":"Hexaghost","ascension_level":0}