{"gold_per_floor":[109,109,109,121,135,135,166,241,241,241,260,260,2,21,21,118,118,130,144,144,167,92,92,108,108,108,147,173,211,223,335,347,457,469,492,520,37,54,71,71,106,106,106,106,120,148,148,176,176,176],"floor_reached":51,"playtime":3113,"items_purged":[],"score":1097,"play_id":"d7c448d3-eb59-456b-aaec-1633b3719a30","local_time":"20190530201211","is_ascension_mode":true,"campfire_choices":[{"data":"1","floor":6.0,"key":"LIFT"},{"floor":10.0,"key":"REST"},{"data":"2","floor":12.0,"key":"LIFT"},{"data":"Seeing Red","floor":15.0,"key":"SMITH"},{"data":"3","floor":23.0,"key":"LIFT"},{"data":"Double Tap","floor":25.0,"key":"SMITH"},{"data":"Battle Trance","floor":30.0,"key":"SMITH"},{"data":"Pommel Strike","floor":32.0,"key":"SMITH"},{"floor":40.0,"key":"REST"},{"data":"Fiend Fire","floor":42.0,"key":"SMITH"},{"data":"Second Wind","floor":49.0,"key":"SMITH"}],"neow_cost":"NONE","seed_source_timestamp":0,"circlet_count":0,"master_deck":["Strike_R","Strike_R","Strike_R","Strike_R","Strike_R","Defend_R","Defend_R+1","Defend_R","Defend_R+1","Bash","Disarm","Power Through","Double Tap+1","Pommel Strike+1","Cleave","Seeing Red+1","Thunderclap","Reaper","Shockwave+1","Shrug It Off+1","Body Slam+1","Headbutt","Battle Trance+1","Disarm","Ghostly Armor","Fiend Fire+1","Spot Weakness+1","Second Wind+1","Metallicize","Disarm+1","Inflame+1","Warcry+1","Parasite","Shrug It Off+1","Power Through+1","True Grit+1"],"special_seed":0,"relics":["Burning Blood","Oddly Smooth Stone","Girya","Question Card","Pantograph","ClockworkSouvenir","Velvet Choker","Darkstone Periapt","Regal Pillow","MawBank","War Paint","Boot","Dead Branch","Kunai","Cursed Key","Gambling Chip","Singing Bowl","Toxic Egg 2","Juzu Bracelet","Anchor"],"potions_floor_usage":[50],"damage_taken":[{"damage":10.0,"enemies":"Small Slimes","floor":1.0,"turns":3.0},{"damage":9.0,"enemies":"Jaw Worm","floor":4.0,"turns":4.0},{"damage":6.0,"enemies":"Cultist","floor":5.0,"turns":3.0},{"damage":24.0,"enemies":"Lagavulin","floor":7.0,"turns":8.0},{"damage":3.0,"enemies":"2 Fungi Beasts","floor":11.0,"turns":4.0},{"damage":0.0,"enemies":"Gremlin Gang","floor":14.0,"turns":3.0},{"damage":70.0,"enemies":"Hexaghost","floor":16.0,"turns":9.0},{"damage":32.0,"enemies":"2 Thieves","floor":18.0,"turns":4.0},{"damage":6.0,"enemies":"Chosen","floor":19.0,"turns":5.0},{"damage":18.0,"enemies":"Snecko","floor":24.0,"turns":6.0},{"damage":24.0,"enemies":"Gremlin Leader","floor":27.0,"turns":6.0},{"damage":3.0,"enemies":"Chosen and Byrds","floor":28.0,"turns":4.0},{"damage":19.0,"enemies":"Slavers","floor":29.0,"turns":4.0},{"damage":30.0,"enemies":"Colosseum Slavers","floor":31.0,"turns":3.0},{"damage":22.0,"enemies":"Colosseum Nobs","floor":31.0,"turns":5.0},{"damage":53.0,"enemies":"Collector","floor":33.0,"turns":9.0},{"damage":5.0,"enemies":"3 Shapes","floor":35.0,"turns":3.0},{"damage":2.0,"enemies":"Orb Walker","floor":36.0,"turns":3.0},{"damage":10.0,"enemies":"Maw","floor":38.0,"turns":6.0},{"damage":76.0,"enemies":"4 Shapes","floor":39.0,"turns":12.0},{"damage":0.0,"enemies":"Giant Head","floor":41.0,"turns":6.0},{"damage":14.0,"enemies":"Transient","floor":45.0,"turns":5.0},{"damage":92.0,"enemies":"Reptomancer","floor":46.0,"turns":6.0},{"damage":16.0,"enemies":"Nemesis","floor":48.0,"turns":9.0},{"damage":26,"enemies":"Donu and Deca","floor":50,"turns":9}],"seed_played":"9106603343379785534","potions_obtained":[{"floor":1.0,"key":"Fire Potion"},{"floor":4.0,"key":"Explosive Potion"},{"floor":7.0,"key":"GamblersBrew"},{"floor":18.0,"key":"EssenceOfSteel"},{"floor":19.0,"key":"FairyPotion"},{"floor":27.0,"key":"Regen Potion"},{"floor":35.0,"key":"FearPotion"},{"floor":48.0,"key":"SpeedPotion"}],"is_trial":false,"path_per_floor":["M","?","T","M","M","R","E","?","T","R","M","R","$","M","R","B",null,"M","M","?","T","?","R","M","R","T","E","M","E","R","?","R","B",null,"M","M","$","M","M","R","E","R","T","?","M","E","?","E","R","B",null],"character_chosen":"IRONCLAD","items_purchased":["ClockworkSouvenir","Seeing Red","Metallicize","Gambling Chip","Block Potion","Ancient Potion"],"campfire_rested":2,"item_purchase_floors":[13,13,37,37,37,37],"current_hp_per_floor":[76,58,58,55,55,55,37,29,29,55,58,58,58,64,64,24,72,53,62,68,68,68,68,66,66,66,72,94,91,91,94,94,47,82,83,87,87,83,55,94,94,94,100,95,87,9,83,73,73,63],"gold":176,"neow_bonus":"TEN_PERCENT_HP_BONUS","is_prod":false,"is_daily":false,"chose_seed":false,"campfire_upgraded":6,"win_rate":0,"timestamp":1559211131,"path_taken":["M","?","?","M","?","R","E","?","T","R","M","R","$","M","R","BOSS","M","?","?","?","?","R","M","R","T","E","M","E","R","?","R","BOSS","M","M","$","M","M","R","E","R","T","?","M","E","?","E","R","BOSS"],"build_version":"2019-01-23","purchased_purges":0,"victory":true,"max_hp_per_floor":[88,88,88,88,88,88,88,88,88,88,88,88,88,88,88,88,88,88,88,94,94,94,94,94,94,94,94,94,94,94,94,94,94,94,94,94,94,94,94,94,94,94,100,95,95,95,83,83,83,83],"card_choices":[{"not_picked":["Perfected Strike","Feel No Pain"],"picked":"Disarm","floor":1.0},{"not_picked":["Second Wind","Thunderclap"],"picked":"Power Through","floor":4.0},{"not_picked":["Sword Boomerang","Combust"],"picked":"Double Tap","floor":5.0},{"not_picked":["Ghostly Armor","Havoc"],"picked":"Pommel Strike","floor":7.0},{"not_picked":["Thunderclap","Wild Strike","Uppercut"],"picked":"Cleave","floor":11.0},{"not_picked":["Body Slam","Heavy Blade","Iron Wave"],"picked":"Thunderclap","floor":14.0},{"not_picked":["Feed","Dark Embrace","Bludgeon"],"picked":"Reaper","floor":16.0},{"not_picked":["Ghostly Armor","Searing Blow","Corruption"],"picked":"Shockwave+1","floor":18.0},{"not_picked":["True Grit","Body Slam","Anger"],"picked":"Shrug It Off+1","floor":19.0},{"not_picked":["Cleave+1","Combust","Clothesline"],"picked":"Body Slam+1","floor":24.0},{"not_picked":["Thunderclap","Perfected Strike","Rage"],"picked":"Headbutt","floor":27.0},{"not_picked":["Evolve","Sentinel","Feel No Pain"],"picked":"Battle Trance","floor":28.0},{"not_picked":["Warcry","Dropkick","Clash"],"picked":"Disarm","floor":29.0},{"not_picked":["Perfected Strike","Anger","Cleave"],"picked":"Ghostly Armor","floor":31.0},{"not_picked":["Impervious","Dark Embrace","Reaper"],"picked":"Fiend Fire","floor":33.0},{"not_picked":["Sentinel+1","Sword Boomerang+1","Body Slam"],"picked":"Spot Weakness+1","floor":35.0},{"not_picked":["Shrug It Off+1","Rampage+1","Pommel Strike+1"],"picked":"Second Wind","floor":36.0},{"not_picked":["Thunderclap","Shrug It Off+1","Sword Boomerang+1"],"picked":"Disarm+1","floor":38.0},{"not_picked":["Iron Wave","Pommel Strike","Entrench"],"picked":"Inflame+1","floor":39.0},{"not_picked":["Wild Strike","Carnage","Perfected Strike+1"],"picked":"Warcry+1","floor":41.0},{"not_picked":["Fiend Fire","Warcry+1","Headbutt"],"picked":"Shrug It Off+1","floor":45.0},{"not_picked":["Twin Strike","Combust+1","Second Wind+1"],"picked":"Power Through+1","floor":46.0},{"not_picked":["Twin Strike","Intimidate+1","Havoc+1"],"picked":"True Grit+1","floor":48.0}],"player_experience":755867,"relics_obtained":[{"floor":3.0,"key":"Girya"},{"floor":7.0,"key":"Question Card"},{"floor":9.0,"key":"Pantograph"},{"floor":21.0,"key":"Regal Pillow"},{"floor":26.0,"key":"MawBank"},{"floor":27.0,"key":"War Paint"},{"floor":29.0,"key":"Boot"},{"floor":31.0,"key":"Dead Branch"},{"floor":31.0,"key":"Kunai"},{"floor":41.0,"key":"Singing Bowl"},{"floor":43.0,"key":"Toxic Egg 2"},{"floor":46.0,"key":"Juzu Bracelet"},{"floor":48.0,"key":"Anchor"}],"event_choices":[{"damage_healed":0.0,"max_hp_gain":0.0,"max_hp_loss":0.0,"gold_gain":0.0,"event_name":"Scrap Ooze","player_choice":"Success","floor":2.0,"gold_loss":0.0,"damage_taken":18.0,"relics_obtained":["Oddly Smooth Stone"]},{"damage_healed":0.0,"max_hp_gain":0.0,"max_hp_loss":0.0,"gold_gain":75.0,"event_name":"FaceTrader","player_choice":"Touch","floor":8.0,"gold_loss":0.0,"damage_taken":8.0},{"damage_healed":0.0,"max_hp_gain":0.0,"max_hp_loss":0.0,"gold_gain":0.0,"event_name":"The Mausoleum","player_choice":"Opened","floor":20.0,"gold_loss":0.0,"damage_taken":0.0,"relics_obtained":["Darkstone Periapt"],"cards_obtained":["Writhe"]},{"cards_removed":["Writhe"],"damage_healed":0.0,"max_hp_gain":0.0,"max_hp_loss":0.0,"gold_gain":0.0,"event_name":"Beggar","player_choice":"Gave Gold","floor":22.0,"gold_loss":75.0,"damage_taken":0.0},{"damage_healed":0.0,"max_hp_gain":0.0,"max_hp_loss":0.0,"gold_gain":0.0,"event_name":"Colosseum","player_choice":"Fight","floor":31.0,"gold_loss":0.0,"damage_taken":0.0},{"damage_healed":0.0,"max_hp_gain":0.0,"max_hp_loss":0.0,"gold_gain":0.0,"event_name":"Colosseum","player_choice":"Fought Nobs","floor":31.0,"gold_loss":0.0,"damage_taken":0.0},{"damage_healed":0.0,"max_hp_gain":0.0,"max_hp_loss":5.0,"gold_gain":0.0,"event_name":"Winding Halls","player_choice":"Max HP","floor":44.0,"gold_loss":0.0,"damage_taken":0.0},{"damage_healed":83.0,"max_hp_gain":0.0,"max_hp_loss":12.0,"gold_gain":0.0,"event_name":"The Moai Head","player_choice":"Heal","floor":47.0,"gold_loss":0.0,"damage_taken":0.0}],"is_beta":false,"boss_relics":[{"not_picked":["Runic Cube","Black Star"],"picked":"Velvet Choker"},{"not_picked":["White Beast Statue","Black Blood"],"picked":"Cursed Key"}],"items_purged_floors":[],"is_endless":false,"potions_floor_spawned":[1,4,7,18,19,27,28,35,39,48],"ascension_level":8}