{"gold_per_floor":[10,10,10,29,48,48,61,61,61,96,111,111,122,135,135,135],"floor_reached":16,"playtime":865,"items_purged":[],"score":208,"play_id":"5e52fb03-df0b-4ec6-b76b-51ca294be596","local_time":"20181229224702","is_ascension_mode":true,"campfire_choices":[{"data":"Flying Knee","floor":6,"key":"SMITH"},{"data":"Dagger Throw","floor":8,"key":"SMITH"},{"data":"Acrobatics","floor":12,"key":"SMITH"},{"floor":15,"key":"REST"}],"neow_cost":"NO_GOLD","seed_source_timestamp":768266363262797,"circlet_count":0,"master_deck":["AscendersBane","Defend_G","Defend_G","Defend_G","Defend_G+1","Defend_G","Strike_G","Strike_G","Strike_G","Strike_G","Strike_G","Survivor","Neutralize+1","Storm of Steel+1","Cloak And Dagger","Acrobatics+1","Flying Knee+1","Dagger Throw+1","Dash","Quick Slash","Footwork","Dagger Spray"],"relics":["Ring of the Snake","StoneCalendar","Bird Faced Urn"],"potions_floor_usage":[10,10,14],"damage_taken":[{"damage":1,"enemies":"Small Slimes","floor":1,"turns":5},{"damage":0,"enemies":"Jaw Worm","floor":4,"turns":4},{"damage":0,"enemies":"2 Louse","floor":5,"turns":3},{"damage":3,"enemies":"Blue Slaver","floor":7,"turns":2},{"damage":8,"enemies":"Gremlin Nob","floor":10,"turns":3},{"damage":6,"enemies":"Exordium Thugs","floor":11,"turns":7},{"damage":8,"enemies":"3 Louse","floor":13,"turns":4},{"damage":0,"enemies":"Looter","floor":14,"turns":1},{"damage":37,"enemies":"The Guardian","floor":16,"turns":12}],"seed_played":"7668155251731276710","potions_obtained":[{"floor":4,"key":"Fire Potion"},{"floor":7,"key":"Strength Potion"},{"floor":13,"key":"Swift Potion"}],"is_trial":false,"path_per_floor":["M","?","?","M","M","R","M","R","T","E","M","R","M","M","R","B"],"character_chosen":"THE_SILENT","items_purchased":[],"campfire_rested":1,"item_purchase_floors":[],"current_hp_per_floor":[58,38,38,38,38,38,35,35,35,27,21,21,13,13,32,0],"gold":135,"neow_bonus":"THREE_RARE_CARDS","is_prod":false,"is_daily":false,"chose_seed":false,"campfire_upgraded":3,"win_rate":0,"timestamp":1546141622,"path_taken":["M","?","?","M","M","R","M","R","T","E","M","R","M","M","R","BOSS"],"build_version":"2018-12-20","purchased_purges":0,"victory":false,"max_hp_per_floor":[66,66,66,66,66,66,66,66,66,66,66,66,66,66,66,66],"card_choices":[{"not_picked":["Night Terror","Corpse Explosion"],"picked":"Storm of Steel","floor":0},{"not_picked":["Finisher","Underhanded Strike"],"picked":"Cloak And Dagger","floor":1},{"not_picked":["Dodge and Roll","Dagger Throw"],"picked":"Acrobatics","floor":4},{"not_picked":["Deflect","Poisoned Stab"],"picked":"Flying Knee","floor":5},{"not_picked":["Bane","Backflip"],"picked":"Dagger Throw","floor":7},{"not_picked":["All Out Attack","Bouncing Flask"],"picked":"Dash","floor":10},{"not_picked":["Bouncing Flask","Acrobatics"],"picked":"Quick Slash","floor":11},{"not_picked":["Dagger Throw","Dagger Spray"],"picked":"Footwork","floor":13},{"not_picked":["Blade Dance","Bane"],"picked":"Dagger Spray","floor":14}],"player_experience":1112582,"relics_obtained":[{"floor":9,"key":"StoneCalendar"},{"floor":10,"key":"Bird Faced Urn"}],"event_choices":[{"damage_healed":0,"gold_gain":0,"player_choice":"Entered Light","damage_taken":20,"max_hp_gain":0,"max_hp_loss":0,"event_name":"Shining Light","floor":2,"gold_loss":0,"cards_upgraded":["Defend_G","Neutralize"]},{"damage_healed":0,"gold_gain":0,"player_choice":"Grow","damage_taken":0,"max_hp_gain":0,"max_hp_loss":0,"event_name":"Living Wall","floor":3,"gold_loss":0,"cards_upgraded":["Storm of Steel"]}],"is_beta":false,"boss_relics":[],"items_purged_floors":[],"is_endless":false,"potions_floor_spawned":[4,7,13],"killed_by":"The Guardian","ascension_level":20}