{"gold_per_floor":[112,112,2,2,14,47,47,66,116,116,130,130,163,163,163,268,268,280,280,280,134,59,59,74,85,157,177,177],"floor_reached":28,"playtime":906,"items_purged":["Strike_G","Writhe"],"score":389,"play_id":"12f98cbc-f10b-4c24-91b5-542836eb362f","local_time":"20181128141009","is_ascension_mode":true,"campfire_choices":[{"data":"Masterful Stab","floor":7,"key":"SMITH"},{"data":"Skewer","floor":10,"key":"SMITH"},{"data":"Dagger Spray","floor":12,"key":"SMITH"},{"data":"Bouncing Flask","floor":15,"key":"SMITH"},{"data":"Backflip","floor":23,"key":"SMITH"}],"neow_cost":"NONE","seed_source_timestamp":840110465835621,"circlet_count":0,"master_deck":["AscendersBane","Defend_G+1","Defend_G","Defend_G","Defend_G","Defend_G","Strike_G","Strike_G","Survivor","Neutralize","Underhanded Strike","Skewer+1","Dagger Throw","Masterful Stab+1","Tactician+1","Dagger Spray+1","Unload","Bouncing Flask+1","Tools of the Trade","Backflip+1","Cloak And Dagger","Setup+1","Crippling Poison+1"],"relics":["Ring of the Snake","NeowsBlessing","Art of War","War Paint","Dodecahedron","WristBlade","Ornamental Fan","Ninja Scroll"],"potions_floor_usage":[2,2,16,24,28],"damage_taken":[{"damage":0,"enemies":"Jaw Worm","floor":1,"turns":1},{"damage":0,"enemies":"Cultist","floor":5,"turns":1},{"damage":0,"enemies":"Gremlin Nob","floor":6,"turns":1},{"damage":7,"enemies":"Small Slimes","floor":8,"turns":3},{"damage":8,"enemies":"Blue Slaver","floor":11,"turns":4},{"damage":14,"enemies":"3 Sentries","floor":13,"turns":7},{"damage":23,"enemies":"Slime Boss","floor":16,"turns":9},{"damage":17,"enemies":"Shell Parasite","floor":18,"turns":4},{"damage":9,"enemies":"2 Thieves","floor":24,"turns":3},{"damage":24,"enemies":"Snake Plant","floor":25,"turns":4},{"damage":0,"enemies":"Centurion and Healer","floor":27,"turns":4},{"damage":24,"enemies":"Shelled Parasite and Fungi","floor":28,"turns":3}],"seed_played":"-7785485663407091860","potions_obtained":[{"floor":2,"key":"Fruit Juice"},{"floor":2,"key":"Fruit Juice"},{"floor":5,"key":"SpeedPotion"},{"floor":13,"key":"EssenceOfSteel"},{"floor":16,"key":"LiquidBronze"},{"floor":18,"key":"Block Potion"},{"floor":27,"key":"Poison Potion"}],"is_trial":false,"path_per_floor":["M","?","$","?","M","E","R","M","T","R","M","R","E","?","R","B",null,"M","?","?","$","?","R","M","M","T","M","M"],"character_chosen":"THE_SILENT","items_purchased":["Skewer","Backflip"],"campfire_rested":0,"item_purchase_floors":[3,21],"current_hp_per_floor":[63,73,73,73,73,73,73,66,66,66,58,58,44,44,44,21,65,48,48,48,48,48,48,39,15,15,15,0],"gold":177,"neow_bonus":"THREE_ENEMY_KILL","is_prod":false,"is_daily":false,"chose_seed":false,"campfire_upgraded":5,"win_rate":0,"timestamp":1543432209,"path_taken":["M","?","?","?","?","E","R","M","T","R","M","R","E","?","R","BOSS","M","?","?","$","?","R","M","M","T","M","M"],"build_version":"2018-11-15","purchased_purges":2,"victory":false,"max_hp_per_floor":[70,80,80,80,80,80,80,80,80,80,80,80,80,80,80,80,80,80,80,80,80,80,80,80,80,80,80,80],"card_choices":[{"not_picked":["Deadly Poison","Acrobatics"],"picked":"Underhanded Strike","floor":1},{"not_picked":["Finisher","Deadly Poison"],"picked":"Dagger Throw","floor":5},{"not_picked":["Cloak And Dagger","Setup"],"picked":"Masterful Stab","floor":6},{"not_picked":["Backflip","Acrobatics"],"picked":"Tactician","floor":8},{"not_picked":["Slice","Corpse Explosion"],"picked":"Dagger Spray","floor":11},{"not_picked":["Cloak And Dagger","Poisoned Stab"],"picked":"Unload","floor":13},{"not_picked":["Unload","After Image"],"picked":"Tools of the Trade","floor":16},{"not_picked":["Deadly Poison+1","Setup","Dodge and Roll"],"picked":"SKIP","floor":18},{"not_picked":["Poisoned Stab","Deadly Poison"],"picked":"Cloak And Dagger","floor":24},{"not_picked":["Dagger Throw","Flying Knee"],"picked":"Setup+1","floor":25},{"not_picked":["Reflex","Expertise+1"],"picked":"Crippling Poison+1","floor":27}],"player_experience":725465,"relics_obtained":[{"floor":6,"key":"Art of War"},{"floor":9,"key":"War Paint"},{"floor":13,"key":"Dodecahedron"},{"floor":26,"key":"Ninja Scroll"}],"event_choices":[{"damage_healed":0,"gold_gain":0,"player_choice":"Got Potions","damage_taken":0,"max_hp_gain":0,"max_hp_loss":0,"event_name":"Lab","floor":2,"gold_loss":0},{"cards_removed":["Strike_G"],"damage_healed":0,"gold_gain":0,"player_choice":"Purged","damage_taken":0,"max_hp_gain":0,"max_hp_loss":0,"event_name":"Purifier","floor":4,"gold_loss":0},{"damage_healed":0,"gold_gain":0,"player_choice":"1 cards matched","damage_taken":0,"max_hp_gain":0,"max_hp_loss":0,"event_name":"Match and Keep!","floor":14,"gold_loss":0,"cards_obtained":["Bouncing Flask"]},{"damage_healed":0,"gold_gain":0,"player_choice":"Ignored","damage_taken":0,"max_hp_gain":0,"max_hp_loss":0,"event_name":"Cursed Tome","floor":19,"gold_loss":0},{"damage_healed":0,"gold_gain":0,"player_choice":"Opened","damage_taken":0,"relics_obtained":["Ornamental Fan"],"max_hp_gain":0,"max_hp_loss":0,"event_name":"The Mausoleum","floor":20,"gold_loss":0,"cards_obtained":["Writhe"]},{"cards_removed":["Strike_G"],"damage_healed":0,"gold_gain":0,"player_choice":"Gave Gold","damage_taken":0,"max_hp_gain":0,"max_hp_loss":0,"event_name":"Beggar","floor":22,"gold_loss":75}],"is_beta":false,"boss_relics":[{"not_picked":["Lizard Tail","Eternal Feather"],"picked":"WristBlade"}],"items_purged_floors":[3,21],"is_endless":false,"potions_floor_spawned":[5,13,16,18,27],"killed_by":"Shelled Parasite and Fungi","ascension_level":11}