{"gold_per_floor":[114,84,34,45,59,59,72,72,72,72,90,106,432,456,456,561,561,579,591,111,121,139,171,183,183,183,217,236,236],"floor_reached":29,"playtime":2655,"items_purged":["Strike_G"],"score":282,"play_id":"a7f4cea6-4a32-453a-8e75-13b56a8ea08e","local_time":"20190913043739","is_ascension_mode":true,"campfire_choices":[{"data":"Glass Knife","floor":6,"key":"SMITH"},{"data":"Neutralize","floor":8,"key":"SMITH"},{"floor":15,"key":"REST"},{"floor":25,"key":"REST"}],"neow_cost":"PERCENT_DAMAGE","seed_source_timestamp":93980164807100,"circlet_count":0,"master_deck":["Strike_G","Strike_G+1","Strike_G","Strike_G+1","Defend_G","Defend_G","Defend_G","Defend_G","Defend_G","Survivor","Neutralize+1","Glass Knife+1","Eviscerate","Prepared","Acrobatics","Backstab+1","Reflex","Backflip","Well Laid Plans","After Image","Tools of the Trade","Reflex+1","Prepared","Escape Plan","Backstab+1","Outmaneuver+1","Dagger Throw","Venomology","Prepared+1","Slice+1","Die Die Die","Heel Hook"],"relics":["Ring of the Snake","Unceasing Top","Old Coin","Oddly Smooth Stone","Black Star","Shuriken","Dream Catcher","Whetstone","Kunai","Pocketwatch","Pen Nib"],"potions_floor_usage":[13,16,16,23,23,23,23,23,27,28],"damage_taken":[{"damage":0,"enemies":"2 Louse","floor":1,"turns":4},{"damage":0,"enemies":"Cultist","floor":4,"turns":4},{"damage":0,"enemies":"Small Slimes","floor":5,"turns":2},{"damage":0,"enemies":"Looter","floor":7,"turns":1},{"damage":0,"enemies":"Large Slime","floor":11,"turns":5},{"damage":0,"enemies":"Blue Slaver","floor":12,"turns":1},{"damage":22,"enemies":"Lagavulin","floor":13,"turns":9},{"damage":4,"enemies":"Slime Boss","floor":16,"turns":11},{"damage":5,"enemies":"Shell Parasite","floor":18,"turns":6},{"damage":5,"enemies":"3 Byrds","floor":19,"turns":6},{"damage":16,"enemies":"Sentry and Sphere","floor":21,"turns":4},{"damage":21,"enemies":"3 Cultists","floor":22,"turns":6},{"damage":14,"enemies":"Gremlin Leader","floor":23,"turns":11},{"damage":4,"enemies":"Chosen and Byrds","floor":24,"turns":7},{"damage":14,"enemies":"Book of Stabbing","floor":27,"turns":5},{"damage":6,"enemies":"Centurion and Healer","floor":28,"turns":5},{"damage":9,"enemies":"Snake Plant","floor":29,"turns":1}],"seed_played":"1349317194164785023","potions_obtained":[{"floor":1,"key":"GhostInAJar"},{"floor":2,"key":"EntropicBrew"},{"floor":2,"key":"GhostInAJar"},{"floor":11,"key":"Regen Potion"},{"floor":13,"key":"PowerPotion"},{"floor":21,"key":"SkillPotion"},{"floor":22,"key":"Weak Potion"},{"floor":24,"key":"GhostInAJar"}],"is_trial":false,"path_per_floor":["M","?","$","M","M","R","M","R","T","?","M","M","E","T","R","B",null,"M","M","$","M","M","E","M","R","T","E","M","M"],"character_chosen":"THE_SILENT","items_purchased":["Prepared","Escape Plan","Shuriken","Backstab"],"campfire_rested":2,"item_purchase_floors":[3,20,20,20],"current_hp_per_floor":[49,49,49,49,49,49,49,49,49,35,35,35,28,28,49,45,70,65,60,60,44,23,9,5,26,26,12,6,0],"gold":236,"neow_bonus":"THREE_RARE_CARDS","is_prod":false,"is_daily":false,"chose_seed":false,"campfire_upgraded":2,"win_rate":0,"timestamp":1568317059,"path_taken":["M","?","?","M","M","R","M","R","T","?","M","M","E","?","R","BOSS","M","M","$","M","M","E","M","R","T","E","M","M"],"build_version":"2019-07-17","purchased_purges":1,"victory":false,"max_hp_per_floor":[70,70,70,70,70,70,70,70,70,70,70,70,70,70,70,70,70,70,70,70,70,70,70,70,70,70,70,70,70],"card_choices":[{"not_picked":["Wraith Form v2","Doppelganger"],"picked":"Glass Knife","floor":0},{"not_picked":["Blur","Blade Dance"],"picked":"Eviscerate","floor":1},{"not_picked":["Quick Slash","Terror"],"picked":"Acrobatics","floor":4},{"not_picked":["Predator","Outmaneuver"],"picked":"Backstab","floor":5},{"not_picked":["Flechettes","Prepared"],"picked":"Reflex","floor":7},{"not_picked":["Quick Slash","Sucker Punch"],"picked":"Backflip","floor":11},{"not_picked":["Prepared","Flying Knee"],"picked":"Well Laid Plans","floor":12},{"not_picked":["Outmaneuver","Noxious Fumes"],"picked":"After Image","floor":13},{"not_picked":["Envenom","Doppelganger"],"picked":"Tools of the Trade","floor":16},{"not_picked":["Terror","Calculated Gamble"],"picked":"Reflex+1","floor":18},{"not_picked":["Quick Slash","Noxious Fumes"],"picked":"Prepared","floor":19},{"not_picked":["Eviscerate","Leg Sweep"],"picked":"Outmaneuver+1","floor":21},{"not_picked":["Crippling Poison","Finisher"],"picked":"Dagger Throw","floor":22},{"not_picked":["Prepared+1","Distraction"],"picked":"Venomology","floor":23},{"not_picked":["Quick Slash","Dodge and Roll"],"picked":"Prepared+1","floor":24},{"not_picked":["Dagger Throw+1","Noxious Fumes"],"picked":"Slice+1","floor":25},{"not_picked":["Dodge and Roll","Noxious Fumes"],"picked":"Die Die Die","floor":27},{"not_picked":["Expertise+1","Slice"],"picked":"Heel Hook","floor":28}],"player_experience":54993,"relics_obtained":[{"floor":9,"key":"Unceasing Top"},{"floor":13,"key":"Old Coin"},{"floor":14,"key":"Oddly Smooth Stone"},{"floor":23,"key":"Dream Catcher"},{"floor":23,"key":"Whetstone"},{"floor":26,"key":"Kunai"},{"floor":27,"key":"Pocketwatch"},{"floor":27,"key":"Pen Nib"}],"event_choices":[{"damage_healed":0,"gold_gain":0,"player_choice":"Bought 2 Potions","damage_taken":0,"max_hp_gain":0,"max_hp_loss":0,"event_name":"The Woman in Blue","floor":2,"gold_loss":0},{"damage_healed":0,"gold_gain":0,"player_choice":"Entered Light","damage_taken":14,"max_hp_gain":0,"max_hp_loss":0,"event_name":"Shining Light","floor":10,"gold_loss":0,"cards_upgraded":["Backstab","Strike_G"]}],"is_beta":false,"boss_relics":[{"not_picked":["Lizard Tail","Orrery"],"picked":"Black Star"}],"items_purged_floors":[20],"is_endless":false,"potions_floor_spawned":[1,11,13,21,22,24],"killed_by":"Snake Plant","ascension_level":1}