{"gold_per_floor":[116,131,143,157,206,206,238,251,251,251,286,311,311,311,311,311],"floor_reached":16,"playtime":638,"items_purged":[],"score":263,"play_id":"661f5566-6ba7-4461-999b-7bfd306377ba","local_time":"20190728185202","is_ascension_mode":true,"campfire_choices":[{"data":"Beam Cell","floor":6,"key":"SMITH"},{"data":"Go for the Eyes","floor":13,"key":"SMITH"},{"data":"Coolheaded","floor":15,"key":"SMITH"}],"neow_cost":"NONE","seed_source_timestamp":98686767502418,"circlet_count":0,"master_deck":["AscendersBane","Strike_B","Strike_B","Strike_B","Defend_B","Defend_B","Defend_B","Zap","Dualcast","Beam Cell+1","Biased Cognition","Auto Shields","Go for the Eyes+1","Gash","FTL","Coolheaded+1"],"relics":["Cracked Core","PreservedInsect","Regal Pillow","Strawberry","Nunchaku","Odd Mushroom"],"potions_floor_usage":[7,16],"damage_taken":[{"damage":1,"enemies":"Cultist","floor":1,"turns":3},{"damage":7,"enemies":"Jaw Worm","floor":2,"turns":3},{"damage":5,"enemies":"Small Slimes","floor":3,"turns":4},{"damage":3,"enemies":"Blue Slaver","floor":4,"turns":3},{"damage":15,"enemies":"Lagavulin","floor":7,"turns":4},{"damage":0,"enemies":"Large Slime","floor":8,"turns":3},{"damage":0,"enemies":"Gremlin Nob","floor":11,"turns":2},{"damage":18,"enemies":"The Mushroom Lair","floor":12,"turns":4},{"damage":18,"enemies":"Hexaghost","floor":16,"turns":9}],"seed_played":"-3156069861925889048","potions_obtained":[{"floor":2,"key":"Energy Potion"},{"floor":3,"key":"FocusPotion"},{"floor":7,"key":"Energy Potion"}],"is_trial":false,"path_per_floor":["M","M","M","M","T","R","E","M","T","?","E","?","R","?","R","B"],"character_chosen":"DEFECT","items_purchased":[],"campfire_rested":0,"item_purchase_floors":[],"current_hp_per_floor":[63,56,51,48,48,48,33,33,40,33,33,15,15,15,15,0],"gold":311,"neow_bonus":"REMOVE_CARD","is_prod":false,"is_daily":false,"chose_seed":false,"campfire_upgraded":3,"win_rate":0,"timestamp":1564354322,"path_taken":["M","M","M","M","?","R","E","M","T","?","E","?","R","?","R","BOSS"],"build_version":"2019-07-17","purchased_purges":0,"victory":false,"max_hp_per_floor":[71,71,71,71,71,71,71,71,78,78,78,78,78,78,78,78],"card_choices":[{"not_picked":["Streamline","Steam"],"picked":"Beam Cell","floor":1},{"not_picked":["Beam Cell","Barrage"],"picked":"Biased Cognition","floor":2},{"not_picked":["Heatsinks","Rebound"],"picked":"Auto Shields","floor":3},{"not_picked":["Leap","Compile Driver"],"picked":"Go for the Eyes","floor":4},{"not_picked":["BootSequence","Scrape"],"picked":"Gash","floor":7},{"not_picked":["Beam Cell","Compile Driver"],"picked":"FTL","floor":8},{"not_picked":["Stack","Steam","Beam Cell"],"picked":"SKIP","floor":11},{"not_picked":["Rebound","FTL"],"picked":"Coolheaded","floor":12}],"player_experience":1642368,"relics_obtained":[{"floor":5,"key":"PreservedInsect"},{"floor":7,"key":"Regal Pillow"},{"floor":9,"key":"Strawberry"},{"floor":11,"key":"Nunchaku"},{"floor":12,"key":"Odd Mushroom"}],"event_choices":[{"cards_removed":["Defend_B"],"damage_healed":0,"gold_gain":0,"player_choice":"Card Removal","damage_taken":7,"max_hp_gain":0,"max_hp_loss":0,"event_name":"Golden Wing","floor":10,"gold_loss":0},{"damage_healed":0,"gold_gain":0,"player_choice":"Fought Mushrooms","damage_taken":0,"max_hp_gain":0,"max_hp_loss":0,"event_name":"Mushrooms","floor":12,"gold_loss":0},{"damage_healed":0,"gold_gain":0,"player_choice":"Ignored","damage_taken":0,"max_hp_gain":0,"max_hp_loss":0,"event_name":"Shining Light","floor":14,"gold_loss":0}],"is_beta":false,"boss_relics":[],"items_purged_floors":[],"is_endless":false,"potions_floor_spawned":[2,3,7],"killed_by":"Hexaghost","ascension_level":19}