{"gold_per_floor":[114,125,125,142,67,99,61,61,61,79,110,110,110,124,124,124],"floor_reached":16,"playtime":761,"items_purged":["Strike_R"],"score":132,"play_id":"7259fec2-0535-49b7-90fd-e209ae38cbe7","local_time":"20180719194554","is_ascension_mode":true,"campfire_choices":[{"data":"Seeing Red","floor":8,"key":"SMITH"},{"data":"1","floor":12,"key":"LIFT"},{"data":"2","floor":15,"key":"LIFT"}],"neow_cost":"NONE","seed_source_timestamp":693221304708884,"circlet_count":0,"master_deck":["Strike_R","Strike_R","Defend_R","Defend_R","Defend_R","Bash","Reaper","Pommel Strike","Shrug It Off","Shrug It Off","Feed","Rampage","Seeing Red+1","Sword Boomerang"],"relics":["Burning Blood","Unceasing Top","Girya","Ginger"],"potions_floor_usage":[6,11,16],"damage_taken":[{"damage":4,"enemies":"Small Slimes","floor":1,"turns":4},{"damage":2,"enemies":"Jaw Worm","floor":2,"turns":3},{"damage":0,"enemies":"Cultist","floor":4,"turns":4},{"damage":35,"enemies":"3 Sentries","floor":6,"turns":12},{"damage":10,"enemies":"Red Slaver","floor":10,"turns":6},{"damage":22,"enemies":"Lagavulin","floor":11,"turns":7},{"damage":0,"enemies":"3 Louse","floor":14,"turns":3},{"damage":83,"enemies":"Hexaghost","floor":16,"turns":9}],"seed_played":"2503940844369314954","potions_obtained":[{"floor":1,"key":"EssenceOfSteel"},{"floor":6,"key":"EssenceOfSteel"},{"floor":14,"key":"Poison Potion"}],"is_trial":false,"path_per_floor":["M","M","?","M","$","E","$","R","T","M","E","R","?","M","R"],"character_chosen":"IRONCLAD","items_purchased":["Seeing Red"],"campfire_rested":0,"item_purchase_floors":[7],"current_hp_per_floor":[80,80,80,80,80,62,62,62,62,67,58,58,51,70,70,0],"gold":124,"neow_bonus":"TRANSFORM_CARD","is_prod":false,"is_daily":false,"chose_seed":false,"campfire_upgraded":1,"win_rate":0,"timestamp":1532043954,"path_taken":["M","M","?","?","$","E","?","R","T","M","E","R","?","M","R","BOSS"],"build_version":"2018-07-12","purchased_purges":1,"victory":false,"max_hp_per_floor":[80,80,80,80,80,83,83,83,83,86,89,89,89,92,92,92],"card_choices":[{"not_picked":["Clothesline","Seeing Red"],"picked":"Pommel Strike","floor":1},{"not_picked":["Wild Strike","Infernal Blade"],"picked":"Shrug It Off","floor":2},{"not_picked":["Shrug It Off","Wild Strike"],"picked":"Feed","floor":4},{"not_picked":["Thunderclap","Flex"],"picked":"Rampage","floor":6},{"not_picked":["Sword Boomerang","Shrug It Off","Twin Strike"],"picked":"SKIP","floor":10},{"not_picked":["Barricade","Wild Strike","Reaper"],"picked":"SKIP","floor":11},{"not_picked":["Dual Wield","Warcry"],"picked":"Sword Boomerang","floor":14}],"player_experience":297683,"relics_obtained":[{"floor":6,"key":"Unceasing Top"},{"floor":9,"key":"Girya"},{"floor":11,"key":"Ginger"}],"event_choices":[{"event_name":"Living Wall","player_choice":"Change","floor":3,"damage_taken":0},{"event_name":"Golden Wing","player_choice":"Card Removal","floor":13,"damage_taken":0}],"boss_relics":[],"items_purged_floors":[5],"is_endless":false,"potions_floor_spawned":[1,6,14],"killed_by":"Hexaghost","ascension_level":4}