{"path_per_floor":["M","M","M","M","M","E","M","E","T","M","R","?","$","M","R","B",null,"M","M","M","?","M","R","M","M","T","E","R","?","?","T","R","B",null,"M","?","$","?","M","R","E","M","T","M","M","M","R","$","R","B"],"character_chosen":"IRONCLAD","items_purchased":["Molten Egg 2","Armaments","Letter Opener"],"gold_per_floor":[117,127,140,154,166,197,207,237,261,272,272,272,21,39,39,135,135,152,164,175,100,117,117,137,153,153,183,183,183,183,234,234,339,339,358,358,232,283,303,303,328,348,348,368,378,391,391,45,45,45],"floor_reached":51,"campfire_rested":1,"playtime":3772,"current_hp_per_floor":[72,72,71,71,70,57,56,59,59,67,67,53,53,59,59,25,72,62,54,53,53,61,61,63,59,59,59,59,59,59,59,59,27,72,69,69,69,63,69,69,65,67,67,49,41,56,56,56,76,55],"items_purged":["Parasite","Defend_R"],"gold":45,"score":716,"play_id":"a8ca0dea-d004-4878-8c50-1ab50e97f835","local_time":"20180321024520","is_prod":false,"is_daily":false,"is_ascension_mode":false,"campfire_upgraded":7,"timestamp":1521614720,"path_taken":["M","M","M","M","M","E","M","E","T","M","R","?","$","M","R","BOSS","M","M","M","?","M","R","M","M","T","E","R","?","?","?","R","BOSS","M","?","$","?","M","R","E","M","T","M","M","M","R","$","R","BOSS"],"build_version":"2018-03-15v3","purchased_purges":2,"victory":true,"master_deck":["Defend_R","Defend_R","Bash+1","Iron Wave+1","Ghostly Armor+1","Clothesline+1","Uppercut+1","Clothesline","Shrug It Off+1","Metallicize+1","Iron Wave+1","Cleave+1","Battle Trance","Clash+1","Fiend Fire+1","Iron Wave+1","Twin Strike+1","Inflame+1","Warcry","Whirlwind+1","Dropkick+1","Rampage+1","Bite+1","Bite+1","Bite+1","Bite+1","Bite+1","Injury","Demon Form+1","Armaments","Dropkick+1","Flame Barrier+1","Seeing Red","Sever Soul+1","Regret","Ghostly Armor+1","Burning Pact+1"],"max_hp_per_floor":[72,72,72,72,72,72,72,72,72,72,72,72,72,72,72,72,72,72,72,72,72,72,72,72,72,72,72,72,72,72,72,72,72,72,72,72,69,69,69,69,76,76,76,76,76,76,76,76,76,76],"relics":["Burning Blood","Dream Catcher","Frozen Egg 2","Molten Egg 2","Cursed Key","Mercury Hourglass","Kunai","Regal Pillow","Velvet Choker","Magic Flower","Strawberry","Du-Vu Doll","Letter Opener"],"card_choices":[{"not_picked":["Evolve","Clash"],"picked":"Clothesline"},{"not_picked":["Burning Pact","Body Slam"],"picked":"Uppercut"},{"not_picked":["Dark Embrace","Wild Strike"],"picked":"Clothesline"},{"not_picked":["Burning Pact","Headbutt"],"picked":"Shrug It Off"},{"not_picked":["Shockwave","Twin Strike"],"picked":"Metallicize"},{"not_picked":["Cleave","Heavy Blade"],"picked":"Iron Wave"},{"not_picked":["Disarm","Clothesline"],"picked":"Combust"},{"not_picked":["Shrug It Off","Disarm"],"picked":"Cleave"},{"not_picked":["Warcry","Clash"],"picked":"Battle Trance"},{"not_picked":["Anger","Burning Pact"],"picked":"Clash"},{"not_picked":["Double Tap","Impervious"],"picked":"Fiend Fire"},{"not_picked":["Intimidate","True Grit"],"picked":"Iron Wave"},{"not_picked":["Battle Trance","Combust"],"picked":"Twin Strike"},{"not_picked":["Sever Soul","Wild Strike"],"picked":"Inflame"},{"not_picked":["Body Slam","Fire Breathing"],"picked":"Warcry"},{"not_picked":["Pommel Strike","Anger"],"picked":"Whirlwind"},{"not_picked":["Sever Soul","Metallicize"],"picked":"Dropkick"},{"not_picked":["Offering","Immolate"],"picked":"Demon Form"},{"not_picked":["Flex","Searing Blow"],"picked":"Dropkick"},{"not_picked":["Carnage","Juggernaut"],"picked":"Flame Barrier"},{"not_picked":["Cleave","Hemokinesis"],"picked":"Seeing Red"},{"not_picked":["Cleave","Seeing Red"],"picked":"Sever Soul"},{"not_picked":["Blood for Blood","Rage"],"picked":"Ghostly Armor"},{"not_picked":["Perfected Strike","Warcry"],"picked":"Burning Pact"}],"player_experience":46099,"potions_floor_usage":[8,8,8,16,27,33,33,41,50],"damage_taken":[{"damage":0,"enemies":"Cultist","floor":1,"turns":4},{"damage":0,"enemies":"Small Slimes","floor":2,"turns":5},{"damage":7,"enemies":"2 Louse","floor":3,"turns":2},{"damage":6,"enemies":"Blue Slaver","floor":4,"turns":3},{"damage":7,"enemies":"Exordium Wildlife","floor":5,"turns":5},{"damage":19,"enemies":"Gremlin Nob","floor":6,"turns":5},{"damage":7,"enemies":"Large Slime","floor":7,"turns":8},{"damage":3,"enemies":"Lagavulin","floor":8,"turns":8},{"damage":0,"enemies":"Looter","floor":10,"turns":4},{"damage":2,"enemies":"3 Louse","floor":14,"turns":3},{"damage":42,"enemies":"Hexaghost","floor":16,"turns":13},{"damage":16,"enemies":"3 Byrds","floor":18,"turns":6},{"damage":16,"enemies":"Spheric Guardian","floor":19,"turns":4},{"damage":9,"enemies":"Slaver and Parasite","floor":20,"turns":7},{"damage":0,"enemies":"Snecko","floor":22,"turns":3},{"damage":6,"enemies":"Centurion and Healer","floor":24,"turns":6},{"damage":12,"enemies":"Slaver and Parasite","floor":25,"turns":7},{"damage":8,"enemies":"Book of Stabbing","floor":27,"turns":5},{"damage":65,"enemies":"Automaton","floor":33,"turns":11},{"damage":9,"enemies":"3 Darklings","floor":35,"turns":3},{"damage":21,"enemies":"Mysterious Sphere","floor":38,"turns":6},{"damage":2,"enemies":"Orb Walker","floor":39,"turns":2},{"damage":35,"enemies":"2 Orb Walkers","floor":41,"turns":4},{"damage":22,"enemies":"3 Darklings","floor":42,"turns":4},{"damage":36,"enemies":"Sphere and 2 Shapes","floor":44,"turns":5},{"damage":17,"enemies":"4 Shapes","floor":45,"turns":2},{"damage":9,"enemies":"Maw","floor":46,"turns":8},{"damage":50,"enemies":"Time Eater","floor":50,"turns":8}],"event_choices":[{"event_name":"Shining Light","player_choice":"Entered Light","floor":12,"damage_taken":0},{"event_name":"Beggar","player_choice":"Gave Gold","floor":21,"damage_taken":0},{"event_name":"The Library","player_choice":"Read","floor":29,"damage_taken":0},{"event_name":"Vampires","player_choice":"Became a vampire (Vial)","floor":30,"damage_taken":0},{"event_name":"Upgrade Shrine","player_choice":"Upgraded","floor":36,"damage_taken":0},{"event_name":"Mysterious Sphere","player_choice":"Fight","floor":38,"damage_taken":0}],"boss_relics":[{"not_picked":["Ectoplasm","Lizard Tail"],"picked":"Cursed Key"},{"not_picked":["Runic Pyramid","Orrery"],"picked":"Velvet Choker"}],"potions_floor_spawned":[1,5,7,14,20,25,27,39,42],"seed_played":"5889570088033169618","ascension_level":0,"is_trial":false}