{"gold_per_floor":[115,129,149,159,170,204,204,220,220,220,230,242,242,260,260,337,337,351,369,389,404,59,59,86,106,106,106],"floor_reached":27,"playtime":2221,"items_purged":["Strike_G"],"score":475,"play_id":"30b62498-340d-446e-98b7-53c5f049664b","local_time":"20181226150329","is_ascension_mode":true,"campfire_choices":[{"floor":7.0,"key":"REST"},{"data":"Bouncing Flask","floor":10.0,"key":"SMITH"},{"floor":13,"key":"REST"},{"data":"Footwork","floor":15,"key":"SMITH"},{"floor":23,"key":"REST"}],"neow_cost":"PERCENT_DAMAGE","seed_source_timestamp":47909859958226,"circlet_count":0,"master_deck":["AscendersBane","Defend_G","Defend_G","Defend_G","Defend_G","Defend_G","Strike_G","Strike_G","Strike_G","Strike_G","Survivor","Neutralize","Crippling Poison","Flying Knee","Malaise","Well Laid Plans","Bouncing Flask+1","Footwork+1","Heel Hook","Backstab","Dodge and Roll","Glass Knife","Dagger Spray","Deflect+1","Bane","Terror+1","Cloak And Dagger+1"],"special_seed":0,"relics":["Ring of the Snake","Omamori","Oddly Smooth Stone","Philosopher\u0027s Stone","Molten Egg 2","Pear"],"potions_floor_usage":[19,20,25,25],"damage_taken":[{"damage":6.0,"enemies":"Cultist","floor":1.0,"turns":6.0},{"damage":1.0,"enemies":"Small Slimes","floor":2.0,"turns":5.0},{"damage":1.0,"enemies":"Jaw Worm","floor":3.0,"turns":4.0},{"damage":4.0,"enemies":"3 Louse","floor":4.0,"turns":4.0},{"damage":18.0,"enemies":"Exordium Thugs","floor":5.0,"turns":8.0},{"damage":20.0,"enemies":"3 Sentries","floor":6.0,"turns":12.0},{"damage":3.0,"enemies":"Lots of Slimes","floor":8.0,"turns":4.0},{"damage":10.0,"enemies":"Large Slime","floor":11.0,"turns":6.0},{"damage":0,"enemies":"Looter","floor":12,"turns":3},{"damage":6,"enemies":"Red Slaver","floor":14,"turns":4},{"damage":10,"enemies":"Hexaghost","floor":16,"turns":10},{"damage":3,"enemies":"Spheric Guardian","floor":18,"turns":3},{"damage":13,"enemies":"Shell Parasite","floor":19,"turns":5},{"damage":23,"enemies":"Chosen and Byrds","floor":20,"turns":7},{"damage":11,"enemies":"Centurion and Healer","floor":21,"turns":16},{"damage":29,"enemies":"Book of Stabbing","floor":24,"turns":7},{"damage":2,"enemies":"Sentry and Sphere","floor":25,"turns":6},{"damage":18,"enemies":"Shelled Parasite and Fungi","floor":27,"turns":2}],"seed_played":"5378606953300497118","potions_obtained":[{"floor":2.0,"key":"Poison Potion"},{"floor":4.0,"key":"Swift Potion"},{"floor":6.0,"key":"EssenceOfSteel"},{"floor":14,"key":"SkillPotion"},{"floor":16,"key":"Poison Potion"},{"floor":18,"key":"GamblersBrew"},{"floor":20,"key":"Fire Potion"},{"floor":21,"key":"Ancient Potion"},{"floor":24,"key":"SpeedPotion"}],"is_trial":false,"path_per_floor":["M","M","M","M","M","E","R","M","T","R","M","M","R","M","R","B",null,"M","M","M","M","$","R","E","M","T","M"],"character_chosen":"THE_SILENT","items_purchased":["Molten Egg 2"],"campfire_rested":3,"item_purchase_floors":[22],"current_hp_per_floor":[50,49,48,44,26,6,29,26,26,26,16,16,39,33,33,23,64,61,48,25,14,14,37,18,16,16,0],"gold":106,"neow_bonus":"TWENTY_PERCENT_HP_BONUS","is_prod":false,"is_daily":false,"chose_seed":false,"campfire_upgraded":2,"win_rate":0,"timestamp":1545854609,"path_taken":["M","M","M","M","M","E","R","M","T","R","M","?","R","M","R","BOSS","M","M","M","M","$","R","E","M","T","M"],"build_version":"2018-12-20","purchased_purges":1,"victory":false,"max_hp_per_floor":[78,78,78,78,78,78,78,78,78,78,78,78,78,78,78,78,78,78,78,78,78,78,78,88,88,88,88],"card_choices":[{"not_picked":["Bane","Poisoned Stab"],"picked":"Crippling Poison","floor":1.0},{"not_picked":["Outmaneuver","Bane"],"picked":"Flying Knee","floor":2.0},{"not_picked":["Acrobatics","Leg Sweep"],"picked":"Malaise","floor":3.0},{"not_picked":["Infinite Blades","Calculated Gamble"],"picked":"Well Laid Plans","floor":4.0},{"not_picked":["Flying Knee","Poisoned Stab"],"picked":"Bouncing Flask","floor":5.0},{"not_picked":["Quick Slash","Dodge and Roll"],"picked":"Footwork","floor":6.0},{"not_picked":["Bane","Deadly Poison"],"picked":"Heel Hook","floor":8.0},{"not_picked":["Cloak And Dagger","Blur"],"picked":"Backstab","floor":11.0},{"not_picked":["Blade Dance","Cloak And Dagger","Skewer"],"picked":"SKIP","floor":12},{"not_picked":["Cloak And Dagger","Poisoned Stab"],"picked":"Dodge and Roll","floor":14},{"not_picked":["Envenom","After Image"],"picked":"Glass Knife","floor":16},{"not_picked":["Underhanded Strike","Dagger Throw","Cloak And Dagger"],"picked":"SKIP","floor":18},{"not_picked":["Heel Hook","Acrobatics"],"picked":"Dagger Spray","floor":19},{"not_picked":["Outmaneuver","Calculated Gamble"],"picked":"Deflect+1","floor":20},{"not_picked":["Blur","Riddle With Holes"],"picked":"Bane","floor":21},{"not_picked":["Sucker Punch+1","Storm of Steel"],"picked":"Terror+1","floor":24},{"not_picked":["Underhanded Strike+1","Prepared"],"picked":"Cloak And Dagger+1","floor":25}],"player_experience":1002994,"relics_obtained":[{"floor":6.0,"key":"Omamori"},{"floor":9.0,"key":"Oddly Smooth Stone"},{"floor":24,"key":"Pear"}],"event_choices":[],"is_beta":false,"boss_relics":[{"not_picked":["WristBlade","Sozu"],"picked":"Philosopher\u0027s Stone"}],"items_purged_floors":[22],"is_endless":false,"potions_floor_spawned":[2,4,6,14,16,18,20,21,24],"killed_by":"Shelled Parasite and Fungi","ascension_level":17}