{"gold_per_floor":[110,130,146,65,80,80,93,124,147,159,334,359,25,45,45,144,144,159,172,189,121,121,121,121,139,187,214,226,244,262,278,278,278],"floor_reached":33,"playtime":1308,"items_purged":["Doubt"],"score":410,"play_id":"7db7a13c-184c-4be7-af79-3026688261e1","local_time":"20180801155630","is_ascension_mode":true,"campfire_choices":[{"data":"Combust","floor":6,"key":"SMITH"},{"data":"Fire Breathing","floor":15,"key":"SMITH"},{"data":"Demon Form","floor":23,"key":"SMITH"},{"data":"Flame Barrier","floor":32,"key":"SMITH"}],"neow_cost":"NONE","seed_source_timestamp":1802130798228146,"circlet_count":0,"master_deck":["Strike_R","Strike_R","Strike_R","Strike_R","Defend_R","Defend_R","Defend_R","Defend_R","Bash","Havoc","Fire Breathing+1","Clash","Warcry","Combust+1","Thunderclap","Ghostly Armor","Clash","Pommel Strike","Ghostly Armor","Dropkick","Dual Wield","Double Tap","Headbutt","Demon Form+1","Intimidate+1","Feel No Pain+1","Rage","Whirlwind+1","Disarm+1","Armaments+1","Flame Barrier+1"],"relics":["Burning Blood","Boot","Potion Belt","Bronze Scales","Coffee Dripper","Dream Catcher","Pen Nib"],"potions_floor_usage":[5,12,16,18,20,31,33,33],"damage_taken":[{"damage":8,"enemies":"2 Louse","floor":1,"turns":4},{"damage":4,"enemies":"Jaw Worm","floor":2,"turns":5},{"damage":0,"enemies":"Cultist","floor":3,"turns":3},{"damage":0,"enemies":"Looter","floor":5,"turns":1},{"damage":10,"enemies":"2 Fungi Beasts","floor":7,"turns":3},{"damage":11,"enemies":"3 Sentries","floor":8,"turns":5},{"damage":4,"enemies":"Blue Slaver","floor":10,"turns":3},{"damage":18,"enemies":"Gremlin Nob","floor":12,"turns":3},{"damage":9,"enemies":"Large Slime","floor":14,"turns":3},{"damage":5,"enemies":"Slime Boss","floor":16,"turns":6},{"damage":3,"enemies":"3 Byrds","floor":18,"turns":2},{"damage":25,"enemies":"Spheric Guardian","floor":19,"turns":5},{"damage":24,"enemies":"Slaver and Parasite","floor":20,"turns":6},{"damage":9,"enemies":"Snake Plant","floor":25,"turns":3},{"damage":2,"enemies":"Centurion and Healer","floor":28,"turns":3},{"damage":27,"enemies":"Snecko","floor":29,"turns":5},{"damage":18,"enemies":"Snake Plant","floor":30,"turns":2},{"damage":24,"enemies":"Cultist and Chosen","floor":31,"turns":6},{"damage":16,"enemies":"Collector","floor":33,"turns":4}],"seed_played":"399919326527972517","potions_obtained":[{"floor":1,"key":"SteroidPotion"},{"floor":2,"key":"Fire Potion"},{"floor":7,"key":"LiquidBronze"},{"floor":8,"key":"Energy Potion"},{"floor":10,"key":"Explosive Potion"},{"floor":16,"key":"Weak Potion"},{"floor":20,"key":"Swift Potion"},{"floor":29,"key":"Block Potion"},{"floor":30,"key":"Explosive Potion"},{"floor":31,"key":"SteroidPotion"}],"is_trial":false,"path_per_floor":["M","M","M","$","M","R","M","E","T","M","?","E","$","M","R","B",null,"M","M","M","$","?","R","?","M","T","T","M","M","M","M","R"],"character_chosen":"IRONCLAD","items_purchased":["Combust","Dropkick","Dual Wield","Double Tap","Rage"],"campfire_rested":0,"item_purchase_floors":[4,13,13,13,21],"current_hp_per_floor":[70,72,78,78,80,80,76,71,71,73,73,61,61,58,58,59,75,78,59,41,41,41,41,67,64,64,64,68,47,35,17,17,1],"gold":278,"neow_bonus":"TRANSFORM_CARD","is_prod":false,"is_daily":false,"chose_seed":false,"campfire_upgraded":4,"win_rate":0,"timestamp":1533153390,"path_taken":["M","M","M","$","M","R","M","E","T","M","?","E","$","M","R","BOSS","M","M","M","$","?","R","?","?","T","?","M","M","M","M","R","BOSS"],"build_version":"2018-07-26","purchased_purges":1,"victory":false,"max_hp_per_floor":[80,80,80,80,80,80,80,80,80,80,80,80,80,80,80,80,80,80,80,80,80,80,80,80,80,80,80,80,80,80,80,80,80],"card_choices":[{"not_picked":["Reckless Charge","Burning Pact"],"picked":"Fire Breathing","floor":1},{"not_picked":["Armaments","Inflame"],"picked":"Clash","floor":2},{"not_picked":["Hemokinesis","Flex"],"picked":"Warcry","floor":3},{"not_picked":["Burning Pact","Twin Strike"],"picked":"Thunderclap","floor":5},{"not_picked":["Twin Strike","Evolve"],"picked":"Ghostly Armor","floor":7},{"not_picked":["Evolve","Sword Boomerang"],"picked":"Clash","floor":8},{"not_picked":["Cleave","Clothesline"],"picked":"Pommel Strike","floor":10},{"not_picked":["Wild Strike","Demon Form"],"picked":"Ghostly Armor","floor":12},{"not_picked":["Rampage","Power Through"],"picked":"Headbutt","floor":14},{"not_picked":["Immolate","Barricade"],"picked":"Demon Form","floor":16},{"not_picked":["Clash","Headbutt"],"picked":"Intimidate+1","floor":18},{"not_picked":["Pommel Strike","Perfected Strike+1","Headbutt"],"picked":"SKIP","floor":19},{"not_picked":["Seeing Red","Armaments"],"picked":"Feel No Pain+1","floor":20},{"not_picked":["Pommel Strike+1","Clothesline"],"picked":"Whirlwind+1","floor":25},{"not_picked":["Thunderclap","Sword Boomerang+1"],"picked":"Disarm+1","floor":28},{"not_picked":["Pummel+1","Sword Boomerang"],"picked":"Armaments+1","floor":29},{"not_picked":["Perfected Strike","Flex","Body Slam"],"picked":"SKIP","floor":30},{"not_picked":["Second Wind","Corruption+1"],"picked":"Flame Barrier","floor":31}],"player_experience":331676,"relics_obtained":[{"floor":8,"key":"Boot"},{"floor":9,"key":"Potion Belt"},{"floor":12,"key":"Bronze Scales"},{"floor":26,"key":"Dream Catcher"},{"floor":27,"key":"Pen Nib"}],"event_choices":[{"event_name":"Liars Game","player_choice":"agreed","floor":11,"damage_taken":0},{"event_name":"Drug Dealer","player_choice":"Ignored","floor":22,"damage_taken":0},{"event_name":"The Library","player_choice":"Heal","floor":24,"damage_taken":0}],"is_beta":false,"boss_relics":[{"not_picked":["Philosopher\u0027s Stone","Runic Cube"],"picked":"Coffee Dripper"}],"items_purged_floors":[13],"is_endless":false,"potions_floor_spawned":[1,2,7,8,10,16,20,29,30,31],"killed_by":"Collector","ascension_level":6}