{"gold_per_floor":[209,221,122,136,151,184,184,149,149,149,163,163,193,207,207,306,306,321,341,341,360,360,360,372,405,405,57,57,70,70,98,98,98],"floor_reached":33,"playtime":1611,"items_purged":["Strike_G"],"score":499,"play_id":"59756a34-8bd8-4563-965d-1cdeb6325a7e","local_time":"20181124155116","is_ascension_mode":true,"campfire_choices":[{"data":"Riddle With Holes","floor":10,"key":"SMITH"},{"floor":12,"key":"REST"},{"data":"Deadly Poison","floor":15,"key":"SMITH"},{"data":"Corpse Explosion","floor":23,"key":"SMITH"},{"data":"PiercingWail","floor":28,"key":"SMITH"},{"floor":30,"key":"REST"},{"floor":32,"key":"REST"}],"neow_cost":"NONE","seed_source_timestamp":499863662545643,"circlet_count":0,"master_deck":["AscendersBane","Defend_G+1","Defend_G+1","Defend_G+1","Defend_G+1","Defend_G+1","Strike_G+1","Strike_G+1","Strike_G+1","Survivor","Neutralize","Flying Knee","Riddle With Holes+1","Escape Plan","Cloak And Dagger","Deflect","Deadly Poison+1","Acrobatics","Well Laid Plans","Corpse Explosion+1","Dash+1","PiercingWail+1","Unload","Slice","Tactician","Calculated Gamble"],"relics":["Ring of the Snake","Anchor","Happy Flower","Meat on the Bone","Black Star","Art of War","Oddly Smooth Stone","Molten Egg 2","Gremlin Horn","Bottled Lightning","Kunai"],"potions_floor_usage":[6,13,16,19,25,27,33],"damage_taken":[{"damage":7,"enemies":"Small Slimes","floor":1,"turns":5},{"damage":0,"enemies":"2 Louse","floor":2,"turns":3},{"damage":2,"enemies":"Jaw Worm","floor":4,"turns":4},{"damage":0,"enemies":"Blue Slaver","floor":5,"turns":4},{"damage":39,"enemies":"Gremlin Nob","floor":6,"turns":5},{"damage":0,"enemies":"Exordium Thugs","floor":11,"turns":5},{"damage":17,"enemies":"Lagavulin","floor":13,"turns":7},{"damage":1,"enemies":"Red Slaver","floor":14,"turns":4},{"damage":12,"enemies":"Hexaghost","floor":16,"turns":11},{"damage":0,"enemies":"3 Byrds","floor":18,"turns":3},{"damage":18,"enemies":"Shell Parasite","floor":19,"turns":5},{"damage":6,"enemies":"Cultist and Chosen","floor":21,"turns":6},{"damage":7,"enemies":"Snake Plant","floor":24,"turns":4},{"damage":29,"enemies":"Gremlin Leader","floor":25,"turns":7},{"damage":8,"enemies":"Chosen and Byrds","floor":29,"turns":4},{"damage":18,"enemies":"Slavers","floor":31,"turns":5},{"damage":83,"enemies":"Automaton","floor":33,"turns":12}],"seed_played":"8353282317895723754","potions_obtained":[{"floor":2,"key":"Regen Potion"},{"floor":5,"key":"FearPotion"},{"floor":11,"key":"GamblersBrew"},{"floor":13,"key":"EssenceOfSteel"},{"floor":19,"key":"Fruit Juice"},{"floor":24,"key":"AttackPotion"}],"is_trial":false,"path_per_floor":["M","M","$","M","M","E","?","?","T","R","M","R","E","M","R","B",null,"M","M","?","M","?","R","M","E","T","$","R","M","R","E","R","B"],"character_chosen":"THE_SILENT","items_purchased":["Deflect","Gremlin Horn","Fruit Juice"],"campfire_rested":3,"item_purchase_floors":[3,27,27],"current_hp_per_floor":[56,56,56,54,54,15,8,25,25,25,25,46,44,43,43,43,63,63,50,50,44,44,44,49,32,32,37,37,41,65,47,71,0],"gold":98,"neow_bonus":"HUNDRED_GOLD","is_prod":false,"is_daily":false,"chose_seed":false,"campfire_upgraded":4,"win_rate":0,"timestamp":1543092676,"path_taken":["M","M","$","M","M","E","?","?","T","R","M","R","E","M","R","BOSS","M","M","?","M","?","R","?","E","T","?","R","M","R","E","R","BOSS"],"build_version":"2018-11-15","purchased_purges":1,"victory":false,"max_hp_per_floor":[70,70,70,70,70,70,70,70,70,70,70,70,70,70,70,70,70,70,75,75,75,75,75,75,75,75,80,80,80,80,80,80,80],"card_choices":[{"not_picked":["Slice","Distraction"],"picked":"Flying Knee","floor":1},{"not_picked":["Catalyst","Poisoned Stab"],"picked":"Riddle With Holes","floor":2},{"not_picked":["Sucker Punch","Deadly Poison"],"picked":"Escape Plan","floor":4},{"not_picked":["Flechettes","Poisoned Stab"],"picked":"Cloak And Dagger","floor":5},{"not_picked":["Burst","Infinite Blades"],"picked":"Deflect","floor":6},{"not_picked":["Underhanded Strike","Setup"],"picked":"Deadly Poison","floor":11},{"not_picked":["Outmaneuver","Deflect"],"picked":"Acrobatics","floor":13},{"not_picked":["PiercingWail","Dagger Spray"],"picked":"Well Laid Plans","floor":14},{"not_picked":["A Thousand Cuts","Envenom"],"picked":"Corpse Explosion","floor":16},{"not_picked":["Quick Slash","Blade Dance","Caltrops+1"],"picked":"SKIP","floor":18},{"not_picked":["Dagger Spray+1","Slice+1"],"picked":"Dash+1","floor":19},{"not_picked":["Deadly Poison","Leg Sweep"],"picked":"PiercingWail","floor":21},{"not_picked":["Dodge and Roll","Underhanded Strike"],"picked":"Slice","floor":24},{"not_picked":["Sucker Punch+1","Quick Slash","Expertise"],"picked":"SKIP","floor":25},{"not_picked":["All Out Attack+1","Finisher+1"],"picked":"Tactician","floor":29},{"not_picked":["Glass Knife+1","Deadly Poison"],"picked":"Calculated Gamble","floor":31}],"player_experience":710544,"relics_obtained":[{"floor":6,"key":"Anchor"},{"floor":9,"key":"Happy Flower"},{"floor":13,"key":"Meat on the Bone"},{"floor":25,"key":"Art of War"},{"floor":25,"key":"Oddly Smooth Stone"},{"floor":26,"key":"Molten Egg 2"},{"floor":31,"key":"Bottled Lightning"},{"floor":31,"key":"Kunai"}],"event_choices":[{"cards_removed":["Strike_G"],"damage_healed":0,"gold_gain":0,"player_choice":"Card Removal","damage_taken":7,"max_hp_gain":0,"max_hp_loss":0,"event_name":"Golden Wing","floor":7,"gold_loss":0},{"damage_healed":17,"gold_gain":0,"player_choice":"Healed","damage_taken":0,"max_hp_gain":0,"max_hp_loss":0,"event_name":"The Cleric","floor":8,"gold_loss":35},{"damage_healed":0,"gold_gain":0,"player_choice":"Simplicity","damage_taken":0,"max_hp_gain":0,"max_hp_loss":0,"event_name":"Back to Basics","floor":20,"gold_loss":0,"cards_upgraded":["Defend_G","Defend_G","Defend_G","Defend_G","Defend_G","Strike_G","Strike_G","Strike_G"]},{"damage_healed":0,"gold_gain":0,"cards_transformed":["Deflect"],"player_choice":"Transformed","damage_taken":0,"max_hp_gain":0,"max_hp_loss":0,"event_name":"Transmorgrifier","floor":22,"gold_loss":0,"cards_obtained":["Unload"]}],"is_beta":false,"boss_relics":[{"not_picked":["Cursed Key","Runic Pyramid"],"picked":"Black Star"}],"items_purged_floors":[3],"is_endless":false,"potions_floor_spawned":[2,5,11,13,19,24],"killed_by":"Automaton","ascension_level":11}