{"gold_per_floor":[113,113,130,55,55,55,73,84,84,100,100,117,137,165,165,263,263,250,284,28,48,48,48,59,91,91,107,107,118,118,149,149,149],"floor_reached":33,"playtime":2171,"items_purged":["Strike_B"],"score":462,"play_id":"a420bd78-55b8-4e0a-9d88-8acefd4e031c","local_time":"20181205122505","is_ascension_mode":true,"campfire_choices":[{"data":"Fission","floor":6,"key":"SMITH"},{"data":"Tempest","floor":11,"key":"SMITH"},{"floor":15,"key":"REST"},{"data":"Biased Cognition","floor":23,"key":"SMITH"},{"data":"Chaos","floor":28,"key":"SMITH"},{"data":"Coolheaded","floor":30,"key":"SMITH"},{"floor":32,"key":"REST"}],"neow_cost":"NONE","seed_source_timestamp":124923597065233,"circlet_count":0,"master_deck":["AscendersBane","Strike_B","Defend_B","Defend_B","Defend_B","Defend_B","Zap","Dualcast","Fission+1","Coolheaded+1","Ball Lightning","Tempest+1","Undo","Coolheaded","Core Surge","Conserve Battery","Chaos+1","Biased Cognition+1"],"relics":["Cracked Core","Ornamental Fan","Matryoshka","Busted Crown","Red Mask","Cables","Toxic Egg 2","Pen Nib","Dream Catcher","PreservedInsect"],"potions_floor_usage":[5,10,14,16,24,25,25,25,31,33],"damage_taken":[{"damage":7,"enemies":"Small Slimes","floor":1,"turns":4},{"damage":7,"enemies":"2 Louse","floor":3,"turns":3},{"damage":4,"enemies":"Cultist","floor":7,"turns":3},{"damage":0,"enemies":"3 Louse","floor":8,"turns":1},{"damage":5,"enemies":"Looter","floor":10,"turns":3},{"damage":1,"enemies":"Exordium Thugs","floor":12,"turns":3},{"damage":0,"enemies":"Blue Slaver","floor":13,"turns":2},{"damage":18,"enemies":"3 Sentries","floor":14,"turns":9},{"damage":41,"enemies":"The Guardian","floor":16,"turns":16},{"damage":13,"enemies":"2 Thieves","floor":18,"turns":4},{"damage":1,"enemies":"Masked Bandits","floor":19,"turns":2},{"damage":0,"enemies":"Shell Parasite","floor":21,"turns":6},{"damage":0,"enemies":"Centurion and Healer","floor":24,"turns":7},{"damage":3,"enemies":"Book of Stabbing","floor":25,"turns":4},{"damage":0,"enemies":"Snake Plant","floor":27,"turns":2},{"damage":0,"enemies":"Sentry and Sphere","floor":29,"turns":3},{"damage":6,"enemies":"Gremlin Leader","floor":31,"turns":4},{"damage":75,"enemies":"Automaton","floor":33,"turns":10}],"seed_played":"-3496836960496133802","potions_obtained":[{"floor":1,"key":"Weak Potion"},{"floor":5,"key":"Fruit Juice"},{"floor":5,"key":"AttackPotion"},{"floor":12,"key":"GamblersBrew"},{"floor":21,"key":"AttackPotion"},{"floor":24,"key":"EntropicBrew"},{"floor":25,"key":"PowerPotion"},{"floor":31,"key":"PowerPotion"}],"is_trial":false,"path_per_floor":["M","?","M","$","?","R","M","M","T","M","R","M","M","E","R","B",null,"M","?","$","M","?","R","M","E","T","M","R","M","R","E","R","B"],"character_chosen":"DEFECT","items_purchased":["Cables"],"campfire_rested":2,"item_purchase_floors":[20],"current_hp_per_floor":[61,54,47,47,52,52,48,48,48,43,43,42,42,24,48,7,62,49,48,48,48,48,48,48,45,45,45,45,45,45,39,63,0],"gold":149,"neow_bonus":"ONE_RANDOM_RARE_CARD","is_prod":false,"is_daily":false,"chose_seed":false,"campfire_upgraded":5,"win_rate":0,"timestamp":1544030705,"path_taken":["M","?","M","$","?","R","M","M","T","M","R","?","M","E","R","BOSS","M","?","$","M","?","R","M","E","T","?","R","M","R","E","R","BOSS"],"build_version":"2018-11-15","purchased_purges":1,"victory":false,"max_hp_per_floor":[75,75,75,75,80,80,80,80,80,80,80,80,80,80,80,80,80,80,80,80,80,80,80,80,80,80,80,80,80,80,80,80,80],"card_choices":[{"not_picked":["Heatsinks","Turbo"],"picked":"Coolheaded","floor":1},{"not_picked":["Beam Cell","Self Repair"],"picked":"Ball Lightning","floor":3},{"not_picked":["Stack","Ball Lightning"],"picked":"Tempest","floor":7},{"not_picked":["Static Discharge","Gash"],"picked":"Undo","floor":8},{"not_picked":["Beam Cell","Hologram"],"picked":"Coolheaded","floor":10},{"not_picked":["Rebound","Steam"],"picked":"Core Surge","floor":12},{"not_picked":["Gash","Static Discharge"],"picked":"Conserve Battery","floor":13},{"not_picked":["Ball Lightning","Hologram"],"picked":"Chaos","floor":14},{"not_picked":["All For One","Seek"],"picked":"Biased Cognition","floor":16},{"not_picked":["Chaos"],"picked":"SKIP","floor":18},{"not_picked":["Streamline"],"picked":"SKIP","floor":21},{"not_picked":["Steam"],"picked":"SKIP","floor":24},{"not_picked":["Coolheaded"],"picked":"SKIP","floor":25},{"not_picked":["Gash"],"picked":"SKIP","floor":27},{"not_picked":["Leap+1"],"picked":"SKIP","floor":29},{"not_picked":["Coolheaded+1"],"picked":"SKIP","floor":31}],"player_experience":808155,"relics_obtained":[{"floor":9,"key":"Ornamental Fan"},{"floor":14,"key":"Matryoshka"},{"floor":19,"key":"Red Mask"},{"floor":25,"key":"Toxic Egg 2"},{"floor":26,"key":"Pen Nib"},{"floor":26,"key":"Dream Catcher"},{"floor":31,"key":"PreservedInsect"}],"event_choices":[{"cards_removed":["Strike_B"],"damage_healed":0,"gold_gain":0,"player_choice":"Card Removal","damage_taken":7,"max_hp_gain":0,"max_hp_loss":0,"event_name":"Golden Wing","floor":2,"gold_loss":0},{"damage_healed":0,"gold_gain":0,"player_choice":"Got Potions","damage_taken":0,"max_hp_gain":0,"max_hp_loss":0,"event_name":"Lab","floor":5,"gold_loss":0},{"damage_healed":0,"gold_gain":0,"player_choice":"Fought Bandits","damage_taken":0,"max_hp_gain":0,"max_hp_loss":0,"event_name":"Masked Bandits","floor":19,"gold_loss":0},{"cards_removed":["Strike_B"],"damage_healed":0,"gold_gain":0,"player_choice":"Purged","damage_taken":0,"max_hp_gain":0,"max_hp_loss":0,"event_name":"Purifier","floor":22,"gold_loss":0}],"is_beta":false,"boss_relics":[{"not_picked":["Empty Cage","Cursed Key"],"picked":"Busted Crown"}],"items_purged_floors":[4],"is_endless":false,"potions_floor_spawned":[1,8,12,21,24,25,31],"killed_by":"Automaton","ascension_level":12}