{"gold_per_floor":[369,381,399,399,429,429,37,64,89,102,182,206,206],"floor_reached":13,"playtime":1046,"items_purged":["Regret"],"score":166,"play_id":"f1c9fab9-9538-41eb-8047-efc8e38dd036","local_time":"20181231001919","is_ascension_mode":true,"campfire_choices":[{"data":"All Out Attack","floor":6.0,"key":"SMITH"}],"neow_cost":"TEN_PERCENT_HP_LOSS","seed_source_timestamp":859927830631069,"circlet_count":0,"master_deck":["AscendersBane","Defend_G","Defend_G","Defend_G","Defend_G","Defend_G","Strike_G","Strike_G","Strike_G","Strike_G","Strike_G","Survivor","Neutralize","All Out Attack+1","Flying Knee","Dagger Throw","Caltrops","Predator","PiercingWail"],"special_seed":0,"relics":["Ring of the Snake","Tiny Chest","Question Card","Gambling Chip","Oddly Smooth Stone","Odd Mushroom"],"potions_floor_usage":[],"damage_taken":[{"damage":0.0,"enemies":"2 Louse","floor":1.0,"turns":4.0},{"damage":0.0,"enemies":"Jaw Worm","floor":2.0,"turns":4.0},{"damage":4.0,"enemies":"Small Slimes","floor":3.0,"turns":3.0},{"damage":17.0,"enemies":"3 Sentries","floor":8.0,"turns":5.0},{"damage":9.0,"enemies":"Exordium Thugs","floor":10.0,"turns":5.0},{"damage":1.0,"enemies":"The Mushroom Lair","floor":12.0,"turns":3.0},{"damage":28,"enemies":"Lagavulin","floor":13,"turns":4}],"seed_played":"-6603386083057181521","potions_obtained":[{"floor":10.0,"key":"Ancient Potion"}],"is_trial":false,"path_per_floor":["M","M","M","?","?","R","$","E","T","M","?","?","E"],"character_chosen":"THE_SILENT","items_purchased":["Question Card","Caltrops"],"campfire_rested":0,"item_purchase_floors":[7,7],"current_hp_per_floor":[59,59,55,55,55,55,55,38,38,29,29,28,0],"gold":206,"neow_bonus":"TWO_FIFTY_GOLD","is_prod":false,"is_daily":false,"chose_seed":false,"campfire_upgraded":1,"win_rate":0,"timestamp":1546233559,"path_taken":["M","M","M","?","?","R","$","E","T","M","?","?","E"],"build_version":"2018-12-20","purchased_purges":1,"victory":false,"max_hp_per_floor":[60,60,60,60,60,60,60,60,60,60,60,60,60],"card_choices":[{"not_picked":["Dagger Throw","Deflect"],"picked":"All Out Attack","floor":1.0},{"not_picked":["Cloak And Dagger","Outmaneuver"],"picked":"Flying Knee","floor":2.0},{"not_picked":["All Out Attack","Poisoned Stab"],"picked":"Dagger Throw","floor":3.0},{"not_picked":["Acrobatics","Deadly Poison","Reflex","Distraction"],"picked":"SKIP","floor":8.0},{"not_picked":["Outmaneuver","Catalyst","Blade Dance"],"picked":"Predator","floor":10.0},{"not_picked":["Skewer","Bane","Bullet Time"],"picked":"PiercingWail","floor":12.0}],"player_experience":1128343,"relics_obtained":[{"floor":8.0,"key":"Gambling Chip"},{"floor":9.0,"key":"Oddly Smooth Stone"},{"floor":12.0,"key":"Odd Mushroom"}],"event_choices":[{"damage_healed":0.0,"max_hp_gain":0.0,"max_hp_loss":0.0,"gold_gain":0.0,"event_name":"Shining Light","player_choice":"Ignored","floor":4.0,"gold_loss":0.0,"damage_taken":0.0},{"damage_healed":0.0,"max_hp_gain":0.0,"max_hp_loss":0.0,"gold_gain":0.0,"event_name":"Big Fish","player_choice":"Box","floor":5.0,"gold_loss":0.0,"damage_taken":0.0,"relics_obtained":["Tiny Chest"],"cards_obtained":["Regret"]},{"damage_healed":0.0,"max_hp_gain":0.0,"max_hp_loss":0.0,"gold_gain":80.0,"event_name":"Golden Wing","player_choice":"Gained Gold","floor":11.0,"gold_loss":0.0,"damage_taken":0.0},{"damage_healed":0.0,"max_hp_gain":0.0,"max_hp_loss":0.0,"gold_gain":0.0,"event_name":"Mushrooms","player_choice":"Fought Mushrooms","floor":12.0,"gold_loss":0.0,"damage_taken":0.0}],"is_beta":false,"boss_relics":[],"items_purged_floors":[7],"is_endless":false,"potions_floor_spawned":[10],"killed_by":"Lagavulin","ascension_level":20}