{"gold_per_floor":[12,12,12,12,25,52,52,52,75,75,88,99,111,124,124,201,201,211,223,233,233,246,246,246],"floor_reached":24,"playtime":1915,"items_purged":[],"score":400,"play_id":"c0d8f3e9-87dd-44c7-bf38-c8d447f524ff","local_time":"20190402220029","is_ascension_mode":true,"campfire_choices":[{"data":"Masterful Stab","floor":7.0,"key":"SMITH"},{"floor":10.0,"key":"REST"},{"data":"Cloak And Dagger","floor":15.0,"key":"SMITH"},{"floor":23,"key":"REST"}],"neow_cost":"NO_GOLD","seed_source_timestamp":0,"circlet_count":0,"master_deck":["AscendersBane","Defend_G","Defend_G","Defend_G","Defend_G","Defend_G","Strike_G","Survivor","Neutralize","Flying Knee","Envenom","Skewer+1","Predator","Masterful Stab+1","Poisoned Stab","Poisoned Stab","Tactician","Tools of the Trade","Cloak And Dagger+1","Storm of Steel","Backflip","Dagger Spray","Burst","Bane","Blur"],"special_seed":0,"relics":["Ring of the Snake","Ornamental Fan","Dream Catcher","Runic Pyramid"],"potions_floor_usage":[21,22,24],"damage_taken":[{"damage":2.0,"enemies":"Small Slimes","floor":1.0,"turns":6.0},{"damage":0.0,"enemies":"2 Louse","floor":5.0,"turns":3.0},{"damage":31.0,"enemies":"Lagavulin","floor":6.0,"turns":8.0},{"damage":0.0,"enemies":"Cultist","floor":11.0,"turns":3.0},{"damage":3.0,"enemies":"Looter","floor":12.0,"turns":2.0},{"damage":0.0,"enemies":"Gremlin Gang","floor":13.0,"turns":5.0},{"damage":1.0,"enemies":"Blue Slaver","floor":14.0,"turns":3.0},{"damage":15.0,"enemies":"Hexaghost","floor":16.0,"turns":8.0},{"damage":16.0,"enemies":"Chosen","floor":18.0,"turns":5.0},{"damage":16,"enemies":"Spheric Guardian","floor":19,"turns":6},{"damage":3,"enemies":"Centurion and Healer","floor":20,"turns":7},{"damage":9,"enemies":"Snake Plant","floor":22,"turns":4},{"damage":38,"enemies":"Book of Stabbing","floor":24,"turns":5}],"seed_played":"951980524904789426","potions_obtained":[{"floor":6.0,"key":"Poison Potion"},{"floor":11.0,"key":"SneckoOil"},{"floor":13.0,"key":"GhostInAJar"},{"floor":21,"key":"Fruit Juice"},{"floor":21,"key":"Weak Potion"}],"is_trial":false,"path_per_floor":["M","?","?","?","M","E","R","?","T","R","M","M","M","M","R","B",null,"M","M","M","?","M","R","E"],"character_chosen":"THE_SILENT","items_purchased":[],"campfire_rested":2,"item_purchase_floors":[],"current_hp_per_floor":[57,50,50,50,50,19,19,19,19,38,38,35,35,34,34,19,54,38,22,19,24,15,36,0],"gold":246,"neow_bonus":"TRANSFORM_TWO_CARDS","is_prod":false,"is_daily":false,"chose_seed":false,"campfire_upgraded":2,"win_rate":0,"timestamp":1554256829,"path_taken":["M","?","?","?","?","E","R","?","T","R","?","M","M","M","R","BOSS","M","M","M","?","M","R","E"],"build_version":"2019-01-23","purchased_purges":0,"victory":false,"max_hp_per_floor":[66,66,66,66,66,66,66,66,66,66,66,66,66,66,66,66,66,66,66,66,71,71,71,71],"card_choices":[{"not_picked":["Dodge and Roll","Deflect"],"picked":"Skewer","floor":1.0},{"not_picked":["Crippling Poison","Skewer"],"picked":"Predator","floor":5.0},{"not_picked":["Endless Agony","Poisoned Stab"],"picked":"Masterful Stab","floor":6.0},{"not_picked":["Acrobatics","Deadly Poison"],"picked":"Poisoned Stab","floor":10.0},{"not_picked":["Concentrate","Sucker Punch"],"picked":"Poisoned Stab","floor":11.0},{"not_picked":["Sucker Punch","Deadly Poison"],"picked":"Tactician","floor":12.0},{"not_picked":["Blade Dance","Poisoned Stab"],"picked":"Tools of the Trade","floor":13.0},{"not_picked":["Dodge and Roll","Acrobatics"],"picked":"Cloak And Dagger","floor":14.0},{"not_picked":["Tools of the Trade","Die Die Die"],"picked":"Storm of Steel","floor":16.0},{"not_picked":["Slice","Sucker Punch"],"picked":"Backflip","floor":18.0},{"not_picked":["Flechettes","Outmaneuver"],"picked":"Dagger Spray","floor":19},{"not_picked":["Terror","Cloak And Dagger"],"picked":"Burst","floor":20},{"not_picked":["Deadly Poison","Endless Agony"],"picked":"Bane","floor":22},{"not_picked":["Dagger Spray","Crippling Poison"],"picked":"Blur","floor":23}],"player_experience":1275702,"relics_obtained":[{"floor":6.0,"key":"Ornamental Fan"},{"floor":9.0,"key":"Dream Catcher"}],"event_choices":[{"cards_removed":["Strike_G"],"damage_healed":0.0,"max_hp_gain":0.0,"max_hp_loss":0.0,"gold_gain":0.0,"event_name":"Golden Wing","player_choice":"Card Removal","floor":2.0,"gold_loss":0.0,"damage_taken":7.0},{"damage_healed":0.0,"max_hp_gain":0.0,"max_hp_loss":0.0,"gold_gain":0.0,"event_name":"Liars Game","player_choice":"Ignored","floor":3.0,"gold_loss":0.0,"damage_taken":0.0},{"damage_healed":0.0,"max_hp_gain":0.0,"max_hp_loss":0.0,"gold_gain":0.0,"event_name":"Accursed Blacksmith","player_choice":"Forge","floor":4.0,"gold_loss":0.0,"damage_taken":0.0,"cards_upgraded":["Skewer"]},{"cards_removed":["Strike_G"],"damage_healed":0.0,"max_hp_gain":0.0,"max_hp_loss":0.0,"gold_gain":0.0,"event_name":"Purifier","player_choice":"Purged","floor":8.0,"gold_loss":0.0,"damage_taken":0.0},{"damage_healed":0,"gold_gain":0,"player_choice":"Got Potions","damage_taken":0,"max_hp_gain":0,"max_hp_loss":0,"event_name":"Lab","floor":21,"gold_loss":0}],"is_beta":false,"boss_relics":[{"not_picked":["Runic Dome","Eternal Feather"],"picked":"Runic Pyramid"}],"items_purged_floors":[],"is_endless":false,"potions_floor_spawned":[6,11,13],"killed_by":"Book of Stabbing","ascension_level":20}