{"gold_per_floor":[116,173,348,348,366,400,400,400,400,417,431,431,444,59,59,158,158,174,174,174,184,198,198,215,8,8,27,27,41,41,41,41,41],"floor_reached":33,"playtime":1697,"items_purged":[],"score":247,"play_id":"83f00ffe-d7f2-45bc-a10c-346ce5b37871","local_time":"20190418041004","is_ascension_mode":false,"campfire_choices":[{"floor":8,"key":"REST"},{"floor":12,"key":"REST"},{"data":"Flex","floor":15,"key":"SMITH"},{"floor":23,"key":"REST"},{"floor":28,"key":"REST"},{"floor":30,"key":"REST"},{"floor":32,"key":"REST"}],"neow_cost":"NONE","seed_source_timestamp":30860841486910,"circlet_count":0,"master_deck":["Strike_R+1","Defend_R+1","Defend_R+1","Defend_R+1","Defend_R+1","Bash+1","Heavy Blade","Iron Wave","Doubt","Flex+1","Brutality","Anger","Seeing Red","Rampage","Juggernaut","Flame Barrier+1","Sword Boomerang+1","Whirlwind+1","Shrug It Off","Heavy Blade+1","Iron Wave+1","Clothesline+1","Flex","Flex","Iron Wave+1","Armaments","Shame","Spot Weakness"],"relics":["Burning Blood","Letter Opener","Mercury Hourglass","Bottled Lightning","Astrolabe","Dream Catcher","Bottled Tornado","Vajra"],"potions_floor_usage":[22,27,29],"damage_taken":[{"damage":6,"enemies":"Jaw Worm","floor":1,"turns":3},{"damage":15,"enemies":"Small Slimes","floor":5,"turns":5},{"damage":49,"enemies":"Lagavulin","floor":6,"turns":7},{"damage":0,"enemies":"2 Louse","floor":10,"turns":2},{"damage":8,"enemies":"Exordium Wildlife","floor":11,"turns":5},{"damage":6,"enemies":"Large Slime","floor":13,"turns":6},{"damage":27,"enemies":"Slime Boss","floor":16,"turns":11},{"damage":30,"enemies":"2 Thieves","floor":18,"turns":4},{"damage":0,"enemies":"3 Byrds","floor":21,"turns":2},{"damage":49,"enemies":"Cultist and Chosen","floor":22,"turns":7},{"damage":22,"enemies":"Snecko","floor":24,"turns":4},{"damage":21,"enemies":"Snake Plant","floor":27,"turns":4},{"damage":25,"enemies":"Centurion and Healer","floor":29,"turns":7},{"damage":87,"enemies":"Collector","floor":33,"turns":8}],"seed_played":"-521509581648458597","potions_obtained":[{"floor":11,"key":"Fire Potion"},{"floor":13,"key":"Block Potion"},{"floor":24,"key":"Poison Potion"},{"floor":27,"key":"Strength Potion"}],"is_trial":false,"path_per_floor":["M","?","?","?","M","E","?","R","T","M","M","R","M","$","R","B",null,"M","?","?","M","M","R","M","$","T","M","R","M","R","?","R","B"],"character_chosen":"IRONCLAD","items_purchased":["Bottled Lightning","Seeing Red","Rampage","Dream Catcher","Flex"],"campfire_rested":6,"item_purchase_floors":[14,14,14,25,25],"current_hp_per_floor":[80,80,80,64,55,12,12,36,36,42,40,64,64,64,64,43,80,56,56,56,62,19,43,27,27,27,12,36,17,41,41,65,0],"gold":41,"neow_bonus":"THREE_CARDS","is_prod":false,"is_daily":false,"chose_seed":false,"campfire_upgraded":1,"win_rate":0,"timestamp":1555524604,"path_taken":["M","?","?","?","?","E","?","R","T","M","M","R","M","$","R","BOSS","M","?","?","M","M","R","M","$","T","M","R","M","R","?","R","BOSS"],"build_version":"2019-01-23","purchased_purges":0,"victory":false,"max_hp_per_floor":[80,80,80,80,80,80,80,80,80,80,80,80,80,80,80,80,80,80,80,80,80,80,80,80,80,80,80,80,80,80,80,80,80],"card_choices":[{"not_picked":["Corruption","Cleave"],"picked":"Heavy Blade","floor":0},{"not_picked":["True Grit","Clothesline"],"picked":"Iron Wave","floor":1},{"not_picked":["Heavy Blade","Iron Wave"],"picked":"Flex","floor":5},{"not_picked":["Sword Boomerang","True Grit","Ghostly Armor"],"picked":"SKIP","floor":6},{"not_picked":["Fire Breathing","Uppercut","Twin Strike"],"picked":"SKIP","floor":10},{"not_picked":["Pummel","Evolve"],"picked":"Anger","floor":11},{"not_picked":["Thunderclap","Clothesline","Wild Strike"],"picked":"SKIP","floor":13},{"not_picked":["Immolate","Dark Embrace"],"picked":"Juggernaut","floor":16},{"not_picked":["Wild Strike","Clash"],"picked":"Shrug It Off","floor":18},{"not_picked":["Pommel Strike+1","Wild Strike"],"picked":"Heavy Blade+1","floor":21},{"not_picked":["Wild Strike+1","Sword Boomerang+1"],"picked":"Iron Wave+1","floor":22},{"not_picked":["Berserk","Battle Trance+1"],"picked":"Clothesline+1","floor":24},{"not_picked":["Sword Boomerang","Havoc"],"picked":"Flex","floor":27},{"not_picked":["Anger","Wild Strike"],"picked":"Iron Wave+1","floor":28},{"not_picked":["Flame Barrier","Flex"],"picked":"Armaments","floor":29},{"not_picked":["Clash","Fire Breathing+1"],"picked":"Spot Weakness","floor":32}],"player_experience":321489,"relics_obtained":[{"floor":6,"key":"Letter Opener"},{"floor":9,"key":"Mercury Hourglass"},{"floor":26,"key":"Bottled Tornado"}],"event_choices":[{"damage_healed":0,"gold_gain":57,"player_choice":"Gained Gold","damage_taken":0,"max_hp_gain":0,"max_hp_loss":0,"event_name":"Golden Wing","floor":2,"gold_loss":0},{"damage_healed":0,"gold_gain":175,"player_choice":"AGREE","damage_taken":0,"max_hp_gain":0,"max_hp_loss":0,"event_name":"Liars Game","floor":3,"gold_loss":0,"cards_obtained":["Doubt"]},{"damage_healed":0,"gold_gain":0,"player_choice":"Entered Light","damage_taken":16,"max_hp_gain":0,"max_hp_loss":0,"event_name":"Shining Light","floor":4,"gold_loss":0,"cards_upgraded":["Bash","Strike_R"]},{"damage_healed":0,"gold_gain":0,"cards_transformed":["Strike_R"],"player_choice":"Change","damage_taken":0,"max_hp_gain":0,"max_hp_loss":0,"event_name":"Living Wall","floor":7,"gold_loss":0,"cards_obtained":["Brutality"]},{"damage_healed":0,"gold_gain":0,"player_choice":"Ignored","damage_taken":0,"max_hp_gain":0,"max_hp_loss":0,"event_name":"Ghosts","floor":19,"gold_loss":0},{"damage_healed":0,"gold_gain":0,"player_choice":"Simplicity","damage_taken":0,"max_hp_gain":0,"max_hp_loss":0,"event_name":"Back to Basics","floor":20,"gold_loss":0,"cards_upgraded":["Defend_R","Defend_R","Defend_R","Defend_R"]},{"damage_healed":0,"gold_gain":0,"player_choice":"Stole Relic","damage_taken":0,"relics_obtained":["Vajra"],"max_hp_gain":0,"max_hp_loss":0,"event_name":"Addict","floor":31,"gold_loss":0,"cards_obtained":["Shame"]}],"is_beta":false,"boss_relics":[{"not_picked":["Eternal Feather","Busted Crown"],"picked":"Astrolabe"}],"items_purged_floors":[],"is_endless":false,"potions_floor_spawned":[11,13,24,27],"killed_by":"Collector","ascension_level":0}