{"path_per_floor":["M","M","M","M","?","R","M","M","T","?","M","E","$","M","R","B",null,"M","?"],"character_chosen":"IRONCLAD","items_purchased":["Pen Nib","Evolve","Flame Barrier","Body Slam"],"gold_per_floor":[114,125,136,152,327,327,345,363,386,386,404,433,124,140,140,241,541,551,451,451],"floor_reached":20,"campfire_rested":2,"playtime":1180,"current_hp_per_floor":[73,63,58,43,43,73,64,57,57,41,39,34,34,24,56,36,80,34,34,0],"items_purged":[],"gold":451,"score":196,"play_id":"39bb28be-4b0b-4492-a375-97f5dfd70cbd","local_time":"20180329020201","is_prod":false,"is_daily":false,"is_ascension_mode":true,"campfire_upgraded":0,"timestamp":1522303321,"path_taken":["M","M","M","M","?","R","?","M","T","?","M","E","$","M","R","BOSS","M","?","M"],"build_version":"2018-03-22v2","purchased_purges":0,"victory":false,"master_deck":["Strike_R","Strike_R","Strike_R","Strike_R","Strike_R","Defend_R","Defend_R+1","Defend_R","Defend_R","Bash","Ghostly Armor","Warcry","Spot Weakness","Twin Strike","Doubt","Clothesline","Power Through+1","Shrug It Off","Iron Wave","Evolve","Flame Barrier","Body Slam","Ghostly Armor","Uppercut","Juggernaut","Writhe","Writhe","Clumsy","Rage","J.A.X."],"max_hp_per_floor":[80,80,80,80,80,80,80,80,80,80,80,80,80,80,80,80,80,80,80,80],"relics":["Eternal Feather","Dream Catcher","Happy Flower","Pen Nib","Calling Bell","Regal Pillow","Old Coin","Juzu Bracelet"],"card_choices":[{"not_picked":["Perfected Strike","Clash"],"picked":"Ghostly Armor","floor":1},{"not_picked":["Flex","Combust"],"picked":"Warcry","floor":2},{"not_picked":["Warcry","Rampage"],"picked":"Spot Weakness","floor":3},{"not_picked":["Feed","Armaments"],"picked":"Twin Strike","floor":4},{"not_picked":["Perfected Strike","Clash"],"picked":"Clothesline","floor":7},{"not_picked":["Hemokinesis","Reckless Charge"],"picked":"Power Through","floor":8},{"not_picked":["Whirlwind","Second Wind"],"picked":"Shrug It Off","floor":11},{"not_picked":["Clothesline","Flex"],"picked":"Iron Wave","floor":12},{"not_picked":["Hemokinesis","Sword Boomerang"],"picked":"Ghostly Armor","floor":14},{"not_picked":["Evolve","Cleave"],"picked":"Uppercut","floor":15},{"not_picked":["Dark Embrace","Limit Break"],"picked":"Juggernaut","floor":16},{"not_picked":["Flex","Pommel Strike"],"picked":"Rage","floor":18}],"player_experience":152143,"potions_floor_usage":[12,12,16,16,20],"damage_taken":[{"damage":7,"enemies":"Jaw Worm","floor":1,"turns":3},{"damage":10,"enemies":"2 Louse","floor":2,"turns":4},{"damage":5,"enemies":"Cultist","floor":3,"turns":4},{"damage":15,"enemies":"3 Louse","floor":4,"turns":5},{"damage":9,"enemies":"Large Slime","floor":7,"turns":6},{"damage":7,"enemies":"Blue Slaver","floor":8,"turns":4},{"damage":2,"enemies":"3 Louse","floor":11,"turns":5},{"damage":5,"enemies":"Lagavulin","floor":12,"turns":5},{"damage":10,"enemies":"Gremlin Gang","floor":14,"turns":5},{"damage":20,"enemies":"The Guardian","floor":16,"turns":14},{"damage":46,"enemies":"3 Byrds","floor":18,"turns":6},{"damage":53,"enemies":"Chosen","floor":20,"turns":7}],"event_choices":[{"event_name":"Liars Game","player_choice":"agreed","floor":5,"damage_taken":0},{"event_name":"Shining Light","player_choice":"Entered Light","floor":10,"damage_taken":0},{"event_name":"Drug Dealer","player_choice":"Got JAXXED","floor":19,"damage_taken":0}],"boss_relics":[{"not_picked":["Black Star","Cursed Key"],"picked":"Calling Bell"}],"potions_floor_spawned":[1,4,11,12,14,18],"seed_played":"-5321956466305773492","killed_by":"Chosen","ascension_level":2,"is_trial":false}