{"gold_per_floor":[116,131,29,41,53,53,64,99,126,181,131,142,122,138,138,233,233,252,265,69,69,0,0,10,38,38,38,38],"floor_reached":28,"playtime":1747,"items_purged":["Strike_B","Strike_B","Defend_B"],"score":387,"play_id":"a0959670-9541-4a7b-922c-d7e07598d319","local_time":"20181203122820","is_ascension_mode":true,"campfire_choices":[{"data":"Zap","floor":6,"key":"SMITH"},{"floor":15,"key":"REST"},{"data":"Coolheaded","floor":23,"key":"SMITH"}],"neow_cost":"NONE","seed_source_timestamp":61976959202868,"circlet_count":0,"master_deck":["AscendersBane","Defend_B","Defend_B","Defend_B","Zap+1","Dualcast","Gash","Beam Cell","Go for the Eyes","Coolheaded+1","Chill","Compile Driver","Gash","Hologram","Echo Form","BootSequence","Reinforced Body","All For One"],"relics":["Empty Cage","Gremlin Horn","Smiling Mask","Lantern","Eternal Feather","Strawberry","Bottled Flame","Vajra","Blood Vial"],"potions_floor_usage":[7,10,16,27],"damage_taken":[{"damage":5,"enemies":"Small Slimes","floor":1,"turns":5},{"damage":2,"enemies":"Jaw Worm","floor":2,"turns":3},{"damage":0,"enemies":"Cultist","floor":4,"turns":4},{"damage":2,"enemies":"2 Fungi Beasts","floor":5,"turns":4},{"damage":1,"enemies":"Blue Slaver","floor":7,"turns":4},{"damage":26,"enemies":"3 Sentries","floor":8,"turns":9},{"damage":13,"enemies":"Lagavulin Event","floor":10,"turns":6},{"damage":1,"enemies":"Red Slaver","floor":12,"turns":5},{"damage":0,"enemies":"Looter","floor":14,"turns":3},{"damage":22,"enemies":"Slime Boss","floor":16,"turns":11},{"damage":10,"enemies":"Spheric Guardian","floor":18,"turns":5},{"damage":37,"enemies":"2 Thieves","floor":19,"turns":5},{"damage":24,"enemies":"Chosen and Byrds","floor":24,"turns":7},{"damage":20,"enemies":"Gremlin Leader","floor":25,"turns":8},{"damage":4,"enemies":"Cultist and Chosen","floor":27,"turns":4},{"damage":9,"enemies":"Snake Plant","floor":28,"turns":3}],"seed_played":"-7911286142203519132","potions_obtained":[{"floor":2,"key":"Swift Potion"},{"floor":7,"key":"FearPotion"},{"floor":10,"key":"PowerPotion"},{"floor":13,"key":"FairyPotion"},{"floor":16,"key":"Ancient Potion"},{"floor":25,"key":"SmokeBomb"}],"is_trial":false,"path_per_floor":["M","M","$","M","M","R","M","E","T","?","$","M","?","M","R","B",null,"M","M","$","T","?","R","M","E","T","M","M"],"character_chosen":"DEFECT","items_purchased":["Go for the Eyes","Strawberry"],"campfire_rested":1,"item_purchase_floors":[3,20],"current_hp_per_floor":[63,61,61,61,59,59,58,32,32,19,19,18,18,18,40,18,61,51,14,21,21,21,30,6,6,6,4,0],"gold":38,"neow_bonus":"BOSS_RELIC","is_prod":false,"is_daily":false,"chose_seed":false,"campfire_upgraded":2,"win_rate":0,"timestamp":1543858100,"path_taken":["M","M","$","M","M","R","M","E","T","?","$","M","?","M","R","BOSS","M","M","$","?","?","R","M","E","T","M","M"],"build_version":"2018-11-15","purchased_purges":3,"victory":false,"max_hp_per_floor":[75,75,75,75,75,75,75,75,75,75,75,75,75,75,75,75,75,75,75,82,82,82,82,82,82,82,82,82],"card_choices":[{"not_picked":["Compile Driver","Melter"],"picked":"Gash","floor":1},{"not_picked":["Ball Lightning","Darkness"],"picked":"Beam Cell","floor":2},{"not_picked":["Rebound","Leap"],"picked":"Coolheaded","floor":4},{"not_picked":["Redo","Consume"],"picked":"Chill","floor":5},{"not_picked":["Stack","Leap"],"picked":"Compile Driver","floor":7},{"not_picked":["Redo","Go for the Eyes"],"picked":"Gash","floor":8},{"not_picked":["Rip and Tear","Redo","Loop"],"picked":"SKIP","floor":12},{"not_picked":["Steam","Double Energy"],"picked":"Hologram","floor":14},{"not_picked":["Thunder Strike","Multi-Cast"],"picked":"Echo Form","floor":16},{"not_picked":["Beam Cell","Barrage"],"picked":"BootSequence","floor":18},{"not_picked":["Chaos","Recycle"],"picked":"Reinforced Body","floor":19},{"not_picked":["Force Field","Genetic Algorithm","Barrage"],"picked":"SKIP","floor":24},{"not_picked":["Coolheaded+1","Glacier"],"picked":"All For One","floor":25}],"player_experience":787435,"relics_obtained":[{"floor":8,"key":"Gremlin Horn"},{"floor":9,"key":"Smiling Mask"},{"floor":21,"key":"Bottled Flame"},{"floor":25,"key":"Vajra"},{"floor":26,"key":"Blood Vial"}],"event_choices":[{"damage_healed":0,"gold_gain":0,"player_choice":"Searched \u00273\u0027 times","damage_taken":0,"relics_obtained":["Lantern"],"max_hp_gain":0,"max_hp_loss":0,"event_name":"Dead Adventurer","floor":10,"gold_loss":0},{"damage_healed":0,"gold_gain":0,"player_choice":"Bought 1 Potion","damage_taken":0,"max_hp_gain":0,"max_hp_loss":0,"event_name":"The Woman in Blue","floor":13,"gold_loss":0},{"damage_healed":0,"gold_gain":0,"player_choice":"Paid Fearfully","damage_taken":0,"max_hp_gain":0,"max_hp_loss":0,"event_name":"Masked Bandits","floor":22,"gold_loss":69}],"is_beta":false,"boss_relics":[{"not_picked":["Orrery","Snecko Eye"],"picked":"Eternal Feather"}],"items_purged_floors":[3,11,20],"is_endless":false,"potions_floor_spawned":[2,7,10,14,16,18,25],"killed_by":"Snake Plant","ascension_level":12}