{"gold_per_floor":[361,361,62,78,88,116,128,128,128,98,98,198,216,235,235,235],"floor_reached":16,"playtime":873,"items_purged":[],"score":163,"play_id":"0a4f0491-8799-4376-bda6-35022ecc63d6","local_time":"20190702173229","is_ascension_mode":true,"campfire_choices":[{"floor":8,"key":"REST"},{"data":"Neutralize","floor":11,"key":"SMITH"},{"floor":15,"key":"REST"}],"neow_cost":"CURSE","seed_source_timestamp":9127478667983,"circlet_count":0,"master_deck":["AscendersBane","Strike_G","Strike_G","Strike_G","Strike_G","Strike_G","Defend_G","Defend_G","Defend_G","Defend_G","Defend_G","Survivor","Neutralize+1","Decay","Poisoned Stab","Footwork","Leg Sweep","Acrobatics","Choke","Quick Slash","Cloak And Dagger","Crippling Poison","Dagger Throw","Distraction"],"relics":["Ring of the Snake","Art of War","Boot","Kunai"],"potions_floor_usage":[6,7,13,16],"damage_taken":[{"damage":4,"enemies":"Small Slimes","floor":1,"turns":4},{"damage":2,"enemies":"Cultist","floor":4,"turns":5},{"damage":1,"enemies":"2 Louse","floor":5,"turns":4},{"damage":33,"enemies":"3 Sentries","floor":6,"turns":12},{"damage":0,"enemies":"2 Fungi Beasts","floor":7,"turns":3},{"damage":3,"enemies":"Looter","floor":10,"turns":4},{"damage":14,"enemies":"Gremlin Gang","floor":13,"turns":6},{"damage":6,"enemies":"Exordium Wildlife","floor":14,"turns":6},{"damage":42,"enemies":"Hexaghost","floor":16,"turns":16}],"seed_played":"2407058300988411590","potions_obtained":[{"floor":6,"key":"Fire Potion"},{"floor":7,"key":"SpeedPotion"},{"floor":13,"key":"SneckoOil"}],"is_trial":false,"path_per_floor":["M","?","$","M","M","E","M","R","T","M","R","?","M","M","R","B"],"character_chosen":"THE_SILENT","items_purchased":["Art of War","Footwork","Leg Sweep","PowerPotion"],"campfire_rested":2,"item_purchase_floors":[3,3,3,3],"current_hp_per_floor":[59,59,59,57,56,23,23,44,44,41,41,41,27,21,42,0],"gold":235,"neow_bonus":"TWO_FIFTY_GOLD","is_prod":false,"is_daily":false,"chose_seed":false,"campfire_upgraded":1,"win_rate":0,"timestamp":1562052749,"path_taken":["M","?","$","M","M","E","M","R","T","M","R","?","M","M","R","BOSS"],"build_version":"2019-07-01","purchased_purges":0,"victory":false,"max_hp_per_floor":[70,70,70,70,70,70,70,70,70,70,70,70,70,70,70,70],"card_choices":[{"not_picked":["Bane","Concentrate"],"picked":"Poisoned Stab","floor":1},{"not_picked":["Dagger Throw","Sucker Punch"],"picked":"Acrobatics","floor":4},{"not_picked":["Acrobatics","Dodge and Roll"],"picked":"Choke","floor":5},{"not_picked":["Slice","Blade Dance"],"picked":"Quick Slash","floor":6},{"not_picked":["Sucker Punch","Backflip"],"picked":"Cloak And Dagger","floor":7},{"not_picked":["Storm of Steel","Expertise"],"picked":"Crippling Poison","floor":10},{"not_picked":["Outmaneuver","Underhanded Strike"],"picked":"Dagger Throw","floor":13},{"not_picked":["Acrobatics","Slice"],"picked":"Distraction","floor":14}],"player_experience":893398,"relics_obtained":[{"floor":6,"key":"Boot"},{"floor":9,"key":"Kunai"}],"event_choices":[{"damage_healed":0,"gold_gain":0,"player_choice":"Leave","damage_taken":0,"max_hp_gain":0,"max_hp_loss":0,"event_name":"The Cleric","floor":2,"gold_loss":0},{"damage_healed":0,"gold_gain":100,"player_choice":"Pray","damage_taken":0,"max_hp_gain":0,"max_hp_loss":0,"event_name":"Golden Shrine","floor":12,"gold_loss":0}],"is_beta":false,"boss_relics":[],"items_purged_floors":[],"is_endless":false,"potions_floor_spawned":[6,7,13],"killed_by":"Hexaghost","ascension_level":12}