{"gold_per_floor":[113,130,146,160,160,160,192,192,192,226,243,243,258,271,271,347,347,359,359,10,22,38,38],"floor_reached":23,"playtime":1452,"items_purged":["Defend_G"],"score":384,"play_id":"3213c74f-3c4a-43c5-84af-f12b30ef9926","local_time":"20181224125607","is_ascension_mode":true,"campfire_choices":[{"floor":6,"key":"REST"},{"data":"Crippling Poison","floor":8,"key":"SMITH"},{"data":"Burst","floor":15,"key":"SMITH"}],"neow_cost":"TEN_PERCENT_HP_LOSS","seed_source_timestamp":300215991333815,"circlet_count":0,"master_deck":["AscendersBane","Defend_G","Defend_G","Defend_G","Defend_G","Survivor","Neutralize+1","Quick Slash","Dodge and Roll","Crippling Poison+1","Deadly Poison","PiercingWail","Heel Hook","Bane","Burst+1","Tools of the Trade+1","Backflip","Dash","PiercingWail","Backstab","Poisoned Stab+1","Bite","Bite","Bite","Bite","Bite","Deflect"],"relics":["Ring of the Snake","Pen Nib","Strawberry","Frozen Egg 2","Orrery","Paper Crane"],"potions_floor_usage":[4,7,13,16,23],"damage_taken":[{"damage":6,"enemies":"Cultist","floor":1,"turns":6},{"damage":2,"enemies":"Jaw Worm","floor":2,"turns":6},{"damage":0,"enemies":"Small Slimes","floor":3,"turns":4},{"damage":12,"enemies":"Exordium Thugs","floor":4,"turns":5},{"damage":21,"enemies":"Gremlin Nob","floor":7,"turns":5},{"damage":17,"enemies":"Lagavulin","floor":10,"turns":6},{"damage":0,"enemies":"2 Fungi Beasts","floor":11,"turns":3},{"damage":0,"enemies":"Exordium Wildlife","floor":13,"turns":4},{"damage":10,"enemies":"Lots of Slimes","floor":14,"turns":2},{"damage":9,"enemies":"The Guardian","floor":16,"turns":13},{"damage":10,"enemies":"Shell Parasite","floor":18,"turns":7},{"damage":0,"enemies":"3 Byrds","floor":21,"turns":4},{"damage":12,"enemies":"Sentry and Sphere","floor":22,"turns":5},{"damage":44,"enemies":"Slavers","floor":23,"turns":3}],"seed_played":"-4009873766290304565","potions_obtained":[{"floor":2,"key":"SteroidPotion"},{"floor":4,"key":"Fire Potion"},{"floor":10,"key":"SpeedPotion"},{"floor":14,"key":"GhostInAJar"},{"floor":22,"key":"FearPotion"}],"is_trial":false,"path_per_floor":["M","M","M","M","?","R","E","R","T","E","M","?","M","M","R","B",null,"M","?","$","M","M","E"],"character_chosen":"THE_SILENT","items_purchased":["Paper Crane","Deflect"],"campfire_rested":1,"item_purchase_floors":[20,20],"current_hp_per_floor":[53,51,51,39,39,57,36,36,43,26,26,67,67,57,57,48,62,52,46,46,46,38,0],"gold":38,"neow_bonus":"REMOVE_TWO","is_prod":false,"is_daily":false,"chose_seed":false,"campfire_upgraded":2,"win_rate":0,"timestamp":1545674167,"path_taken":["M","M","?","M","?","R","E","R","T","E","M","?","M","M","R","BOSS","M","?","$","M","M","E"],"build_version":"2018-12-20","purchased_purges":1,"victory":false,"max_hp_per_floor":[60,60,60,60,60,60,60,60,67,67,67,67,67,67,67,67,67,67,46,46,46,46,46],"card_choices":[{"not_picked":["Outmaneuver","Acrobatics"],"picked":"Quick Slash","floor":1},{"not_picked":["Poisoned Stab","Bane"],"picked":"Dodge and Roll","floor":2},{"not_picked":["Deflect","Terror"],"picked":"Crippling Poison","floor":3},{"not_picked":["Endless Agony","Backflip"],"picked":"Deadly Poison","floor":4},{"not_picked":["Deadly Poison","Outmaneuver"],"picked":"PiercingWail","floor":7},{"not_picked":["Poisoned Stab","Slice"],"picked":"Heel Hook","floor":10},{"not_picked":["Tactician","Deadly Poison"],"picked":"Bane","floor":11},{"not_picked":["Dagger Throw","Bane","Blade Dance"],"picked":"SKIP","floor":13},{"not_picked":["Poisoned Stab","Dodge and Roll"],"picked":"Burst","floor":14},{"not_picked":["Grand Finale","Bullet Time"],"picked":"Tools of the Trade+1","floor":16},{"not_picked":["Escape Plan","Eviscerate"],"picked":"Backflip","floor":17},{"not_picked":["Dagger Throw","Choke"],"picked":"Dash","floor":17},{"not_picked":["Deflect","Cloak And Dagger"],"picked":"PiercingWail","floor":17},{"not_picked":["Riddle With Holes","Dagger Spray"],"picked":"Backstab","floor":17},{"not_picked":["PiercingWail","Dodge and Roll"],"picked":"Poisoned Stab+1","floor":18},{"not_picked":["Backflip","Poisoned Stab","Underhanded Strike"],"picked":"SKIP","floor":21},{"not_picked":["Prepared","Distraction","Backflip"],"picked":"SKIP","floor":22}],"player_experience":961945,"relics_obtained":[{"floor":7,"key":"Pen Nib"},{"floor":9,"key":"Strawberry"},{"floor":10,"key":"Frozen Egg 2"}],"event_choices":[{"damage_healed":0,"gold_gain":0,"player_choice":"Grow","damage_taken":0,"max_hp_gain":0,"max_hp_loss":0,"event_name":"Living Wall","floor":5,"gold_loss":0,"cards_upgraded":["Neutralize"]},{"damage_healed":41,"gold_gain":0,"player_choice":"Full Heal","damage_taken":0,"max_hp_gain":0,"max_hp_loss":0,"event_name":"Wheel of Change","floor":12,"gold_loss":0},{"damage_healed":0,"gold_gain":0,"player_choice":"Became a vampire","damage_taken":0,"max_hp_gain":0,"max_hp_loss":21,"event_name":"Vampires","floor":19,"gold_loss":0,"cards_obtained":["Bite","Bite","Bite","Bite","Bite"]}],"is_beta":false,"boss_relics":[{"not_picked":["Fusion Hammer","Velvet Choker"],"picked":"Orrery"}],"items_purged_floors":[20],"is_endless":false,"potions_floor_spawned":[2,4,10,14,22],"killed_by":"Slavers","ascension_level":15}