{"gold_per_floor":[116,116,131,206,220,220,248,248,248,248,248,248,265,230,230,307,307,319,337,41,58,108,108,133,144,144,144,155,155,174,174],"floor_reached":31,"playtime":1557,"items_purged":[],"score":485,"play_id":"17e47048-f304-46be-a46e-4f394fbd3228","local_time":"20190825091027","is_ascension_mode":true,"campfire_choices":[{"data":"Bash","floor":6.0,"key":"SMITH"},{"floor":8.0,"key":"REST"},{"data":"Double Tap","floor":10.0,"key":"SMITH"},{"data":"Battle Trance","floor":12.0,"key":"SMITH"},{"data":"Anger","floor":15.0,"key":"SMITH"},{"floor":23.0,"key":"REST"},{"floor":29.0,"key":"REST"}],"neow_cost":"NONE","seed_source_timestamp":0,"circlet_count":0,"master_deck":["AscendersBane","Strike_R","Strike_R","Strike_R","Strike_R","Strike_R","Defend_R","Defend_R","Defend_R","Defend_R","Bash+1","Cleave+1","Battle Trance+1","Double Tap+1","Headbutt","Anger+1","Demon Form","True Grit","Sentinel","Shockwave","Shockwave+1","Seeing Red","Decay","Iron Wave","Headbutt"],"special_seed":0,"relics":["Burning Blood","Blood Vial","Happy Flower","Kunai","The Courier","Runic Cube","Frozen Egg 2","Bird Faced Urn","Pantograph"],"potions_floor_usage":[],"damage_taken":[{"damage":8.0,"enemies":"2 Louse","floor":1.0,"turns":4.0},{"damage":0.0,"enemies":"Small Slimes","floor":3.0,"turns":2.0},{"damage":6.0,"enemies":"Cultist","floor":5.0,"turns":3.0},{"damage":30.0,"enemies":"3 Sentries","floor":7.0,"turns":7.0},{"damage":22.0,"enemies":"3 Louse","floor":13.0,"turns":3.0},{"damage":12.0,"enemies":"Slime Boss","floor":16.0,"turns":5.0},{"damage":27.0,"enemies":"Shell Parasite","floor":18.0,"turns":4.0},{"damage":23.0,"enemies":"3 Byrds","floor":19.0,"turns":4.0},{"damage":40.0,"enemies":"Centurion and Healer","floor":21.0,"turns":6.0},{"damage":55.0,"enemies":"Slavers","floor":24.0,"turns":5.0},{"damage":8.0,"enemies":"Cultist and Chosen","floor":25.0,"turns":5.0},{"damage":16.0,"enemies":"3 Cultists","floor":28.0,"turns":5.0},{"damage":25.0,"enemies":"Centurion and Healer","floor":30.0,"turns":10.0},{"damage":37,"enemies":"Snecko","floor":31,"turns":4}],"seed_played":"-7035256438892468304","potions_obtained":[{"floor":3.0,"key":"BloodPotion"},{"floor":16.0,"key":"PowerPotion"},{"floor":21.0,"key":"SneckoOil"},{"floor":24.0,"key":"Block Potion"},{"floor":28.0,"key":"LiquidBronze"}],"is_trial":false,"path_per_floor":["M","?","M","?","M","R","E","R","T","R","?","R","M","?","R","B",null,"M","M","$","M","?","R","E","M","T","?","M","R","M","M"],"character_chosen":"IRONCLAD","items_purchased":["Frozen Egg 2","BloodPotion"],"campfire_rested":3,"item_purchase_floors":[20,20],"current_hp_per_floor":[68,68,75,64,66,66,44,66,66,66,48,48,34,52,52,48,68,49,34,34,20,20,42,13,15,15,15,7,29,14,0],"gold":174,"neow_bonus":"RANDOM_COMMON_RELIC","is_prod":false,"is_daily":false,"chose_seed":false,"campfire_upgraded":4,"win_rate":0,"timestamp":1566688227,"path_taken":["M","?","M","?","M","R","E","R","T","R","?","R","M","?","R","BOSS","M","M","$","M","?","R","E","M","T","?","M","R","M","M"],"build_version":"2019-07-17","purchased_purges":0,"victory":false,"max_hp_per_floor":[75,75,75,75,75,75,75,75,75,75,75,75,75,75,75,75,75,75,75,75,75,75,75,75,75,75,75,75,75,75,75],"card_choices":[{"not_picked":["True Grit","Anger"],"picked":"Cleave","floor":1.0},{"not_picked":["Heavy Blade","Havoc"],"picked":"Battle Trance","floor":3.0},{"not_picked":["Warcry","Iron Wave"],"picked":"Double Tap","floor":5.0},{"not_picked":["Wild Strike","Twin Strike"],"picked":"Headbutt","floor":7.0},{"not_picked":["Twin Strike","Body Slam"],"picked":"Anger","floor":13.0},{"not_picked":["Juggernaut","Immolate"],"picked":"Demon Form","floor":16.0},{"not_picked":["Thunderclap","Searing Blow"],"picked":"True Grit","floor":18.0},{"not_picked":["Bloodletting","Warcry"],"picked":"Sentinel","floor":19.0},{"not_picked":["Dual Wield","Clothesline"],"picked":"Shockwave","floor":21.0},{"not_picked":["Searing Blow","Sword Boomerang"],"picked":"Shockwave+1","floor":24.0},{"not_picked":["Clothesline","Clash+1"],"picked":"Seeing Red","floor":25.0},{"not_picked":["Twin Strike","Sentinel"],"picked":"Iron Wave","floor":28.0},{"not_picked":["Second Wind","Clash"],"picked":"Headbutt","floor":30.0}],"player_experience":1212580,"relics_obtained":[{"floor":7.0,"key":"Happy Flower"},{"floor":9.0,"key":"Kunai"},{"floor":24.0,"key":"Bird Faced Urn"},{"floor":26.0,"key":"Pantograph"}],"event_choices":[{"damage_healed":0.0,"max_hp_gain":0.0,"max_hp_loss":0.0,"gold_gain":0.0,"event_name":"Living Wall","player_choice":"Grow","floor":2.0,"gold_loss":0.0,"damage_taken":0.0,"cards_upgraded":["Cleave"]},{"damage_healed":0.0,"max_hp_gain":0.0,"max_hp_loss":0.0,"gold_gain":75.0,"event_name":"World of Goop","player_choice":"Gather Gold","floor":4.0,"gold_loss":0.0,"damage_taken":11.0},{"damage_healed":0.0,"max_hp_gain":0.0,"max_hp_loss":0.0,"gold_gain":0.0,"event_name":"Scrap Ooze","player_choice":"Success","floor":11.0,"gold_loss":0.0,"damage_taken":18.0,"relics_obtained":["The Courier"]},{"damage_healed":18.0,"max_hp_gain":0.0,"max_hp_loss":0.0,"gold_gain":0.0,"event_name":"The Cleric","player_choice":"Healed","floor":14.0,"gold_loss":35.0,"damage_taken":0.0},{"damage_healed":0.0,"max_hp_gain":0.0,"max_hp_loss":0.0,"gold_gain":50.0,"event_name":"Nest","player_choice":"Stole From Cult","floor":22.0,"gold_loss":0.0,"damage_taken":0.0},{"damage_healed":0.0,"max_hp_gain":0.0,"max_hp_loss":0.0,"gold_gain":0.0,"event_name":"Forgotten Altar","player_choice":"Smashed Altar","floor":27.0,"gold_loss":0.0,"damage_taken":0.0,"cards_obtained":["Decay"]}],"is_beta":false,"boss_relics":[{"not_picked":["Sozu","Tiny House"],"picked":"Runic Cube"}],"items_purged_floors":[],"is_endless":false,"potions_floor_spawned":[3,16,18,21,24,28],"killed_by":"Snecko","ascension_level":18}