{"gold_per_floor":[118,132,132,82,82,114,129,129,129,28,28,41,41,82,82,82],"floor_reached":16,"playtime":831,"items_purged":[],"score":133,"play_id":"6073f98e-8621-49c2-b7d4-2424b3f356d4","local_time":"20190803134357","is_ascension_mode":false,"campfire_choices":[{"floor":11,"key":"REST"},{"floor":15,"key":"REST"}],"neow_cost":"NONE","seed_source_timestamp":329183086988606,"circlet_count":0,"master_deck":["Strike_R","Strike_R","Strike_R","Strike_R","Defend_R","Defend_R","Defend_R","Defend_R","Pommel Strike","Body Slam","Pommel Strike","Pommel Strike","Pommel Strike","Injury","Twin Strike","Armaments"],"relics":["Burning Blood","Sundial","Pen Nib","Golden Idol","Mummified Hand","Orichalcum"],"potions_floor_usage":[],"damage_taken":[{"damage":8,"enemies":"Small Slimes","floor":1,"turns":3},{"damage":3,"enemies":"Jaw Worm","floor":2,"turns":5},{"damage":37,"enemies":"Gremlin Nob","floor":6,"turns":5},{"damage":0,"enemies":"Cultist","floor":7,"turns":4},{"damage":4,"enemies":"2 Fungi Beasts","floor":12,"turns":3},{"damage":31,"enemies":"Lagavulin","floor":14,"turns":6},{"damage":92,"enemies":"The Guardian","floor":16,"turns":12}],"seed_played":"-7997881131133833478","potions_obtained":[{"floor":1,"key":"Ancient Potion"},{"floor":7,"key":"AttackPotion"},{"floor":14,"key":"FearPotion"}],"is_trial":false,"path_per_floor":["M","M","?","?","T","E","M","?","T","$","R","M","?","E","R","B"],"character_chosen":"IRONCLAD","items_purchased":["Twin Strike","Armaments"],"campfire_rested":2,"item_purchase_floors":[10,10],"current_hp_per_floor":[78,80,73,73,73,42,48,48,48,48,72,74,74,49,73,0],"gold":82,"neow_bonus":"THREE_CARDS","is_prod":false,"is_daily":false,"chose_seed":false,"campfire_upgraded":0,"win_rate":0.0,"timestamp":1564857837,"path_taken":["M","M","?","?","?","E","?","?","T","$","R","M","?","E","R","BOSS"],"build_version":"2019-07-17","purchased_purges":0,"victory":false,"max_hp_per_floor":[80,80,80,80,80,80,80,80,80,80,80,80,80,80,80,80],"card_choices":[{"not_picked":["Warcry","Flex"],"picked":"Pommel Strike","floor":0},{"not_picked":["Anger","Dropkick"],"picked":"Body Slam","floor":1},{"not_picked":["Twin Strike","Body Slam"],"picked":"Pommel Strike","floor":2},{"not_picked":["Ghostly Armor","Disarm"],"picked":"Pommel Strike","floor":6},{"not_picked":["Clothesline","Offering"],"picked":"Pommel Strike","floor":7},{"not_picked":["Bloodletting","Flex","Cleave"],"picked":"SKIP","floor":12},{"not_picked":["Bludgeon","Warcry","Sever Soul"],"picked":"SKIP","floor":14}],"player_experience":52227,"relics_obtained":[{"floor":5,"key":"Sundial"},{"floor":6,"key":"Pen Nib"},{"floor":9,"key":"Mummified Hand"},{"floor":14,"key":"Orichalcum"}],"event_choices":[{"cards_removed":["Bash"],"damage_healed":0,"gold_gain":0,"player_choice":"Card Removal","damage_taken":7,"max_hp_gain":0,"max_hp_loss":0,"event_name":"Golden Wing","floor":3,"gold_loss":0},{"cards_removed":["Strike_R"],"damage_healed":0,"gold_gain":0,"player_choice":"Card Removal","damage_taken":0,"max_hp_gain":0,"max_hp_loss":0,"event_name":"The Cleric","floor":4,"gold_loss":50},{"damage_healed":0,"gold_gain":0,"player_choice":"Take Wound","damage_taken":0,"relics_obtained":["Golden Idol"],"max_hp_gain":0,"max_hp_loss":0,"event_name":"Golden Idol","floor":8,"gold_loss":0,"cards_obtained":["Injury"]},{"damage_healed":0,"gold_gain":0,"player_choice":"Ignored","damage_taken":0,"max_hp_gain":0,"max_hp_loss":0,"event_name":"Liars Game","floor":13,"gold_loss":0}],"is_beta":false,"boss_relics":[],"items_purged_floors":[],"is_endless":false,"potions_floor_spawned":[1,7,14],"killed_by":"The Guardian","ascension_level":0}