{"path_per_floor":["M","M","M","M","?","R","?","E","T","M","R","M","$","M","R","B",null,"M","M","M","M","M","R","M","R","T","M"],"character_chosen":"IRONCLAD","items_purchased":["Reaper","Bag of Marbles"],"gold_per_floor":[115,135,146,159,109,109,184,215,242,258,258,277,42,54,54,158,158,176,190,203,217,227,227,246,246,246,261,261],"floor_reached":28,"campfire_rested":2,"playtime":1789,"current_hp_per_floor":[72,65,65,57,57,57,46,33,40,40,40,38,38,27,53,9,87,78,73,44,41,50,76,65,65,65,44,0],"items_purged":[],"gold":261,"score":251,"play_id":"9fc4544f-55f1-46c2-bb99-a4ab497d5997","local_time":"20180328122831","is_prod":false,"is_daily":false,"is_ascension_mode":true,"campfire_upgraded":3,"timestamp":1522254511,"path_taken":["M","M","M","M","?","R","?","E","T","M","R","M","$","M","R","BOSS","M","M","M","M","M","R","M","R","T","M","E"],"build_version":"2018-03-22v2","purchased_purges":0,"victory":false,"master_deck":["Strike_R","Strike_R","Strike_R","Strike_R","Defend_R","Defend_R","Defend_R","Defend_R","Bash","Searing Blow+3","Anger","Warcry","Burning Pact","Headbutt","Feel No Pain","Sever Soul","Reaper","Flame Barrier","Exhume","Havoc+1","Clothesline","Shrug It Off","Perfected Strike","Pommel Strike","Uppercut+1"],"max_hp_per_floor":[80,80,80,80,80,80,80,80,87,87,87,87,87,87,87,87,87,87,87,87,87,87,87,87,87,87,87,87],"relics":["White Beast Statue","Dodecahedron","Strawberry","Bag of Marbles","Velvet Choker","Unceasing Top"],"card_choices":[{"not_picked":["Combust","Corruption"],"picked":"Searing Blow","floor":1},{"not_picked":["Rupture","Sword Boomerang"],"picked":"Anger","floor":2},{"not_picked":["Armaments","Iron Wave"],"picked":"Warcry","floor":3},{"not_picked":["Body Slam","Pommel Strike"],"picked":"Burning Pact","floor":4},{"not_picked":["Flex","Anger"],"picked":"Headbutt","floor":8},{"not_picked":["Headbutt","Sword Boomerang"],"picked":"Feel No Pain","floor":10},{"not_picked":["Cleave","Clothesline"],"picked":"Sever Soul","floor":12},{"not_picked":["Burning Pact","Fiend Fire"],"picked":"Flame Barrier","floor":14},{"not_picked":["Double Tap","Brutality"],"picked":"Exhume","floor":16},{"not_picked":["Thunderclap","Wild Strike"],"picked":"Havoc","floor":18},{"not_picked":["Bloodletting","Heavy Blade"],"picked":"Clothesline","floor":19},{"not_picked":["Whirlwind","Wild Strike"],"picked":"Shrug It Off","floor":20},{"not_picked":["Pommel Strike","Havoc"],"picked":"Perfected Strike","floor":21},{"not_picked":["Dropkick","Shrug It Off"],"picked":"Pommel Strike","floor":24},{"not_picked":["Perfected Strike","Whirlwind"],"picked":"Uppercut","floor":27}],"player_experience":146928,"potions_floor_usage":[4,8,8,12,16,16,16,19,20,21,22,22,27,28,28],"damage_taken":[{"damage":8,"enemies":"Jaw Worm","floor":1,"turns":6},{"damage":7,"enemies":"Small Slimes","floor":2,"turns":3},{"damage":0,"enemies":"2 Louse","floor":3,"turns":2},{"damage":8,"enemies":"Looter","floor":4,"turns":3},{"damage":13,"enemies":"Gremlin Nob","floor":8,"turns":4},{"damage":0,"enemies":"Large Slime","floor":10,"turns":4},{"damage":14,"enemies":"Exordium Wildlife","floor":12,"turns":5},{"damage":15,"enemies":"2 Fungi Beasts","floor":14,"turns":3},{"damage":52,"enemies":"Slime Boss","floor":16,"turns":13},{"damage":17,"enemies":"3 Byrds","floor":18,"turns":4},{"damage":9,"enemies":"Chosen","floor":19,"turns":5},{"damage":29,"enemies":"Snake Plant","floor":20,"turns":6},{"damage":15,"enemies":"Centurion and Healer","floor":21,"turns":7},{"damage":18,"enemies":"3 Cultists","floor":22,"turns":6},{"damage":15,"enemies":"Cultist and Chosen","floor":24,"turns":8},{"damage":30,"enemies":"Snake Plant","floor":27,"turns":4},{"damage":66,"enemies":"Slavers","floor":28,"turns":5}],"event_choices":[{"event_name":"The Cleric","player_choice":"Card Removal","floor":5,"damage_taken":0},{"event_name":"World of Goop","player_choice":"Gather Gold","floor":7,"damage_taken":0}],"boss_relics":[{"not_picked":["Philosopher\u0027s Stone","Question Card"],"picked":"Velvet Choker"}],"potions_floor_spawned":[1,2,3,4,8,10,12,14,16,18,19,20,21,22,24,27],"seed_played":"-8102620960571044045","killed_by":"Slavers","ascension_level":2,"is_trial":false}