{"gold_per_floor":[109,119,4,23,43,43,78,78,146,162,192,223,223,238,238,315,315,325,325,337,2,2,2,29,29],"floor_reached":25,"playtime":849,"items_purged":[],"score":401,"play_id":"67ce9a9f-2e17-49af-a635-0a979f3dc656","local_time":"20190704013551","is_ascension_mode":true,"campfire_choices":[{"data":"Perfected Strike","floor":6.0,"key":"SMITH"},{"data":"Perfected Strike","floor":8.0,"key":"SMITH"},{"data":"Seeing Red","floor":13.0,"key":"SMITH"},{"data":"Exhume","floor":15,"key":"SMITH"},{"data":"True Grit","floor":23,"key":"SMITH"}],"neow_cost":"NONE","seed_source_timestamp":1063223970771141,"circlet_count":0,"master_deck":["AscendersBane","Strike_R","Strike_R","Strike_R","Strike_R","Strike_R","Defend_R","Defend_R","Defend_R","Defend_R","Bash","Exhume+1","Perfected Strike+1","Perfected Strike+1","Thunderclap","Shockwave","Twin Strike","Pommel Strike","Rage","Headbutt","Seeing Red+1","Power Through","Immolate","Ghostly Armor","True Grit+1"],"special_seed":0,"relics":["Burning Blood","StoneCalendar","Meat on the Bone","Tiny Chest","Matryoshka","Runic Dome","Bag of Marbles","Lantern","Red Mask"],"potions_floor_usage":[16,25,25],"damage_taken":[{"damage":6.0,"enemies":"2 Louse","floor":1.0,"turns":4.0},{"damage":20.0,"enemies":"Small Slimes","floor":2.0,"turns":4.0},{"damage":4.0,"enemies":"Cultist","floor":4.0,"turns":3.0},{"damage":9.0,"enemies":"2 Fungi Beasts","floor":5.0,"turns":3.0},{"damage":6.0,"enemies":"Gremlin Nob","floor":7.0,"turns":3.0},{"damage":7.0,"enemies":"Exordium Thugs","floor":10.0,"turns":3.0},{"damage":10.0,"enemies":"3 Sentries","floor":12.0,"turns":4.0},{"damage":9,"enemies":"3 Louse","floor":14,"turns":2},{"damage":10,"enemies":"Slime Boss","floor":16,"turns":7},{"damage":0,"enemies":"Spheric Guardian","floor":18,"turns":1},{"damage":2,"enemies":"2 Thieves","floor":20,"turns":3},{"damage":34,"enemies":"Masked Bandits","floor":24,"turns":4},{"damage":65,"enemies":"Book of Stabbing","floor":25,"turns":5}],"seed_played":"4419787133659549823","potions_obtained":[{"floor":2.0,"key":"Block Potion"},{"floor":10.0,"key":"Energy Potion"},{"floor":12.0,"key":"Weak Potion"},{"floor":20,"key":"Regen Potion"},{"floor":24,"key":"Dexterity Potion"}],"is_trial":false,"path_per_floor":["M","M","$","M","M","R","E","R","T","M","?","E","R","M","R","B",null,"M","?","M","$","?","R","?","E"],"character_chosen":"IRONCLAD","items_purchased":["Thunderclap","Shockwave","Bag of Marbles","Lantern"],"campfire_rested":0,"item_purchase_floors":[3,3,21,21],"current_hp_per_floor":[68,54,54,56,53,53,53,53,53,52,41,49,49,46,46,54,70,75,75,75,75,75,75,47,0],"gold":29,"neow_bonus":"ONE_RANDOM_RARE_CARD","is_prod":false,"is_daily":false,"chose_seed":false,"campfire_upgraded":5,"win_rate":0,"timestamp":1562218551,"path_taken":["M","M","$","M","M","R","E","R","T","M","?","E","R","M","R","BOSS","M","?","M","$","?","R","?","E"],"build_version":"2019-07-01","purchased_purges":0,"victory":false,"max_hp_per_floor":[75,75,75,75,75,75,75,75,75,75,75,75,75,75,75,75,75,75,75,75,75,75,75,75,75],"card_choices":[{"not_picked":["Power Through","True Grit"],"picked":"Perfected Strike","floor":1.0},{"not_picked":["Heavy Blade","Headbutt"],"picked":"Perfected Strike","floor":2.0},{"not_picked":["Sword Boomerang","Wild Strike"],"picked":"Twin Strike","floor":4.0},{"not_picked":["Wild Strike","Headbutt"],"picked":"Pommel Strike","floor":5.0},{"not_picked":["Blood for Blood","Demon Form"],"picked":"Rage","floor":7.0},{"not_picked":["Havoc","Sword Boomerang"],"picked":"Headbutt","floor":10.0},{"not_picked":["Anger","Sword Boomerang"],"picked":"Seeing Red","floor":12.0},{"not_picked":["Feel No Pain","Hemokinesis"],"picked":"Power Through","floor":14},{"not_picked":["Exhume","Fiend Fire"],"picked":"Immolate","floor":16},{"not_picked":["Rage","Dual Wield"],"picked":"Ghostly Armor","floor":18},{"not_picked":["Anger","Searing Blow+1"],"picked":"True Grit","floor":20}],"player_experience":1594357,"relics_obtained":[{"floor":7.0,"key":"StoneCalendar"},{"floor":9.0,"key":"Meat on the Bone"},{"floor":12.0,"key":"Matryoshka"},{"floor":24,"key":"Red Mask"}],"event_choices":[{"damage_healed":0.0,"max_hp_gain":0.0,"max_hp_loss":0.0,"gold_gain":0.0,"event_name":"Scrap Ooze","player_choice":"Success","floor":11.0,"gold_loss":0.0,"damage_taken":11.0,"relics_obtained":["Tiny Chest"]},{"damage_healed":0,"gold_gain":0,"player_choice":"Ignored","damage_taken":0,"max_hp_gain":0,"max_hp_loss":0,"event_name":"Beggar","floor":19,"gold_loss":0},{"damage_healed":0,"gold_gain":0,"player_choice":"Ignored","damage_taken":0,"max_hp_gain":0,"max_hp_loss":0,"event_name":"Vampires","floor":22,"gold_loss":0},{"damage_healed":0,"gold_gain":0,"player_choice":"Fought Bandits","damage_taken":0,"max_hp_gain":0,"max_hp_loss":0,"event_name":"Masked Bandits","floor":24,"gold_loss":0}],"is_beta":false,"boss_relics":[{"not_picked":["Runic Cube","Calling Bell"],"picked":"Runic Dome"}],"items_purged_floors":[],"is_endless":false,"potions_floor_spawned":[2,10,12,14,20,24],"killed_by":"Book of Stabbing","ascension_level":18}