{"gold_per_floor":[369,369,381,395,5,5,0,28,79,144,176,176,196,215,215,311,311,311,236,236,236,236,236,236,236,236,236,12,12,12,12,12,12,12,12,0,0,0,0,0,0,0,0,0,0,0,0,0,0,0],"floor_reached":50,"playtime":3940,"items_purged":[],"score":722,"play_id":"3ead76e1-7aac-48a4-b47c-f9c6dc3cd54c","local_time":"20190523152840","is_ascension_mode":true,"campfire_choices":[{"floor":6.0,"key":"REST"},{"floor":12.0,"key":"REST"},{"floor":15.0,"key":"REST"},{"data":"Buffer","floor":23.0,"key":"SMITH"},{"data":"Zap","floor":25.0,"key":"SMITH"},{"data":"White Noise","floor":27.0,"key":"SMITH"},{"data":"Defragment","floor":32.0,"key":"SMITH"},{"data":"Recycle","floor":40.0,"key":"SMITH"},{"data":"Defragment","floor":45.0,"key":"SMITH"},{"floor":49,"key":"REST"}],"neow_cost":"PERCENT_DAMAGE","seed_source_timestamp":0,"circlet_count":0,"master_deck":["Strike_B","Strike_B","Defend_B","Defend_B","Defend_B","Defend_B","Zap+1","Dualcast","Cold Snap","Stack","Sweeping Beam","Self Repair","Sunder","Streamline","Glacier","Conserve Battery","White Noise+1","Buffer+1","Storm","Tempest","Thunder Strike","Redo","Coolheaded","Defragment+1","Core Surge","Self Repair","Conserve Battery+1","Recycle+1","Deep Breath","Defragment+1","Leap+1","Go for the Eyes+1"],"special_seed":0,"relics":["Cracked Core","Ice Cream","Happy Flower","Vajra","Darkstone Periapt","Blood Vial","Ectoplasm","Question Card","Strange Spoon","Potion Belt","Busted Crown","Red Mask","Du-Vu Doll","Blue Candle","Art of War"],"potions_floor_usage":[46],"damage_taken":[{"damage":1.0,"enemies":"Cultist","floor":1.0,"turns":3.0},{"damage":7.0,"enemies":"Jaw Worm","floor":3.0,"turns":4.0},{"damage":7.0,"enemies":"2 Louse","floor":4.0,"turns":2.0},{"damage":16.0,"enemies":"3 Sentries","floor":8.0,"turns":6.0},{"damage":36.0,"enemies":"Gremlin Nob","floor":10.0,"turns":4.0},{"damage":10.0,"enemies":"Gremlin Nob","floor":11.0,"turns":3.0},{"damage":5.0,"enemies":"Large Slime","floor":13.0,"turns":5.0},{"damage":0.0,"enemies":"2 Fungi Beasts","floor":14.0,"turns":3.0},{"damage":30.0,"enemies":"The Guardian","floor":16.0,"turns":11.0},{"damage":3.0,"enemies":"Shell Parasite","floor":18.0,"turns":6.0},{"damage":3.0,"enemies":"Chosen","floor":21.0,"turns":4.0},{"damage":27.0,"enemies":"Snake Plant","floor":22.0,"turns":6.0},{"damage":0.0,"enemies":"Sentry and Sphere","floor":29.0,"turns":5.0},{"damage":7.0,"enemies":"Cultist and Chosen","floor":30.0,"turns":4.0},{"damage":0.0,"enemies":"Gremlin Leader","floor":31.0,"turns":5.0},{"damage":33.0,"enemies":"Champ","floor":33.0,"turns":9.0},{"damage":3.0,"enemies":"3 Darklings","floor":35.0,"turns":5.0},{"damage":9.0,"enemies":"Orb Walker","floor":37.0,"turns":4.0},{"damage":20.0,"enemies":"Maw","floor":38.0,"turns":8.0},{"damage":33.0,"enemies":"Nemesis","floor":42.0,"turns":9.0},{"damage":14,"enemies":"Giant Head","floor":46,"turns":9},{"damage":44,"enemies":"Writhing Mass","floor":47,"turns":6},{"damage":11,"enemies":"Spire Growth","floor":48,"turns":5},{"damage":56,"enemies":"Awakened One","floor":50,"turns":3}],"seed_played":"1139638219441113156","potions_obtained":[{"floor":3.0,"key":"FocusPotion"},{"floor":11.0,"key":"Block Potion"},{"floor":13.0,"key":"SpeedPotion"},{"floor":16.0,"key":"PowerPotion"},{"floor":18.0,"key":"FocusPotion"},{"floor":21.0,"key":"Explosive Potion"},{"floor":31.0,"key":"Regen Potion"},{"floor":37.0,"key":"Swift Potion"},{"floor":38.0,"key":"FearPotion"}],"is_trial":false,"path_per_floor":["M","?","M","M","$","R","?","E","T","?","E","R","M","M","R","B",null,"M","?","?","M","M","R","?","R","T","R","$","M","M","E","R","B",null,"M","?","M","M","$","R","?","E","T","?","R","E","M","M","R","B"],"character_chosen":"DEFECT","items_purchased":["Ice Cream","Self Repair","Strange Spoon","Redo"],"campfire_rested":4,"item_purchase_floors":[5,5,28,28],"current_hp_per_floor":[49,49,42,35,35,57,57,48,48,19,9,31,35,44,66,45,68,74,74,74,75,55,55,55,55,55,55,55,64,66,75,75,49,69,75,75,73,69,69,69,69,52,52,52,52,54,26,31,53,0],"gold":0,"neow_bonus":"TWO_FIFTY_GOLD","is_prod":false,"is_daily":false,"chose_seed":false,"campfire_upgraded":6,"win_rate":0,"timestamp":1558589320,"path_taken":["M","?","M","M","$","R","?","E","T","?","E","R","M","M","R","BOSS","M","?","?","M","M","R","?","R","T","R","$","M","M","E","R","BOSS","M","?","M","M","$","R","?","E","T","?","R","E","M","M","R","BOSS"],"build_version":"2019-01-23","purchased_purges":0,"victory":false,"max_hp_per_floor":[75,75,75,75,75,75,75,75,75,75,75,75,75,75,75,75,75,75,75,75,75,75,75,75,75,75,75,75,75,75,75,75,75,75,75,75,75,75,75,75,75,75,75,75,75,75,75,75,75,75],"card_choices":[{"not_picked":["Turbo","Redo"],"picked":"Cold Snap","floor":1.0},{"not_picked":["Rip and Tear","Barrage"],"picked":"Stack","floor":3.0},{"not_picked":["Leap","Gash"],"picked":"Sweeping Beam","floor":4.0},{"not_picked":["Darkness","Echo Form"],"picked":"Sunder","floor":8.0},{"not_picked":["Steam Power","Leap"],"picked":"Streamline","floor":10.0},{"not_picked":["Streamline","Self Repair"],"picked":"Glacier","floor":11.0},{"not_picked":["Genetic Algorithm","Stack"],"picked":"Conserve Battery","floor":13.0},{"not_picked":["Leap","Creative AI"],"picked":"White Noise","floor":14.0},{"not_picked":["Thunder Strike","Biased Cognition"],"picked":"Buffer","floor":16.0},{"not_picked":["Sweeping Beam","Steam Power"],"picked":"Storm","floor":18.0},{"not_picked":["Redo","Doom and Gloom"],"picked":"Tempest","floor":21.0},{"not_picked":["Barrage","Darkness+1"],"picked":"Thunder Strike","floor":22.0},{"not_picked":["Reprogram+1","Redo","Stack","Coolheaded"],"picked":"SKIP","floor":29.0},{"not_picked":["Leap","Barrage","Sweeping Beam"],"picked":"Coolheaded","floor":30.0},{"not_picked":["Leap","Sunder","Thunder Strike"],"picked":"Defragment","floor":31.0},{"not_picked":["Fission","Biased Cognition","Seek"],"picked":"Core Surge","floor":33.0},{"not_picked":["Glacier+1"],"picked":"Self Repair","floor":35.0},{"not_picked":["Compile Driver"],"picked":"Conserve Battery+1","floor":37.0},{"not_picked":["Streamline"],"picked":"Recycle","floor":38.0},{"not_picked":["Mayhem"],"picked":"Deep Breath","floor":41.0},{"not_picked":["Rebound"],"picked":"Defragment","floor":42.0},{"not_picked":["Turbo"],"picked":"Leap+1","floor":46},{"not_picked":["Sunder+1"],"picked":"Go for the Eyes+1","floor":47},{"not_picked":["Sweeping Beam","Compile Driver+1"],"picked":"SKIP","floor":48}],"player_experience":709178,"relics_obtained":[{"floor":8.0,"key":"Happy Flower"},{"floor":9.0,"key":"Vajra"},{"floor":10.0,"key":"Darkstone Periapt"},{"floor":11.0,"key":"Blood Vial"},{"floor":26.0,"key":"Question Card"},{"floor":31.0,"key":"Potion Belt"},{"floor":42.0,"key":"Du-Vu Doll"},{"floor":43.0,"key":"Blue Candle"},{"floor":46,"key":"Art of War"}],"event_choices":[{"damage_healed":0.0,"max_hp_gain":0.0,"max_hp_loss":0.0,"gold_gain":0.0,"event_name":"Golden Wing","player_choice":"Ignored","floor":2.0,"gold_loss":0.0,"damage_taken":0.0},{"damage_healed":0.0,"max_hp_gain":0.0,"max_hp_loss":0.0,"gold_gain":0.0,"event_name":"World of Goop","player_choice":"Left Gold","floor":7.0,"gold_loss":5.0,"damage_taken":0.0},{"damage_healed":0.0,"max_hp_gain":0.0,"max_hp_loss":0.0,"gold_gain":30.0,"event_name":"Dead Adventurer","player_choice":"Searched \u00272\u0027 times","floor":10.0,"gold_loss":0.0,"damage_taken":0.0},{"cards_removed":["Strike_B"],"damage_healed":0.0,"max_hp_gain":0.0,"max_hp_loss":0.0,"gold_gain":0.0,"event_name":"Beggar","player_choice":"Gave Gold","floor":19.0,"gold_loss":75.0,"damage_taken":0.0},{"damage_healed":0.0,"max_hp_gain":0.0,"max_hp_loss":0.0,"gold_gain":0.0,"event_name":"Ghosts","player_choice":"Ignored","floor":20.0,"gold_loss":0.0,"damage_taken":0.0},{"damage_healed":0.0,"max_hp_gain":0.0,"max_hp_loss":0.0,"gold_gain":99.0,"event_name":"Nest","player_choice":"Stole From Cult","floor":24.0,"gold_loss":0.0,"damage_taken":0.0},{"damage_healed":0.0,"max_hp_gain":0.0,"max_hp_loss":0.0,"gold_gain":0.0,"event_name":"Tomb of Lord Red Mask","player_choice":"Paid","floor":36.0,"gold_loss":12.0,"damage_taken":0.0,"relics_obtained":["Red Mask"]},{"damage_healed":0.0,"max_hp_gain":0.0,"max_hp_loss":0.0,"gold_gain":0.0,"event_name":"SensoryStone","player_choice":"Memory 1","floor":41.0,"gold_loss":0.0,"damage_taken":0.0},{"cards_removed":["Strike_B"],"damage_healed":0.0,"max_hp_gain":0.0,"max_hp_loss":0.0,"gold_gain":0.0,"event_name":"Purifier","player_choice":"Purged","floor":44.0,"gold_loss":0.0,"damage_taken":0.0}],"is_beta":false,"boss_relics":[{"not_picked":["Orrery","Runic Dome"],"picked":"Ectoplasm"},{"not_picked":["Runic Pyramid","Lizard Tail"],"picked":"Busted Crown"}],"items_purged_floors":[],"is_endless":false,"potions_floor_spawned":[3,11,13,16,18,21,29,31,37,38],"killed_by":"Awakened One","ascension_level":6}