{"gold_per_floor":[118,118,43,58,58,58,84,84,84,114,128,144,144,158,158,229,229,241,254,272,44,63,63,98,98,121,121,121,121,121,137,137,215,215,231,244,87,97,114,114,114,55,104,121,121,66,84,117,117,117,117,117,60,92,92],"floor_reached":55,"playtime":3397,"items_purged":["Strike_G","Strike_G"],"score":1476,"play_id":"1512c32c-7278-4aa8-9e14-d393aff75a88","local_time":"20181229051918","is_ascension_mode":true,"campfire_choices":[{"data":"Terror","floor":6.0,"key":"SMITH"},{"data":"Finisher","floor":8.0,"key":"SMITH"},{"floor":13.0,"key":"REST"},{"data":"Quick Slash","floor":15.0,"key":"SMITH"},{"data":"Noxious Fumes","floor":23.0,"key":"SMITH"},{"data":"Die Die Die","floor":27.0,"key":"SMITH"},{"floor":29.0,"key":"REST"},{"floor":32.0,"key":"RECALL"},{"data":"Footwork","floor":40.0,"key":"SMITH"},{"data":"Defend_G","floor":45.0,"key":"SMITH"},{"data":"Defend_G","floor":49.0,"key":"SMITH"},{"data":"Defend_G","floor":52.0,"key":"SMITH"}],"neow_cost":"NONE","seed_source_timestamp":702569134414707,"circlet_count":0,"master_deck":["AscendersBane","Defend_G","Defend_G+1","Defend_G+1","Defend_G","Defend_G+1","Strike_G+1","Strike_G+1","Survivor+1","Neutralize+1","Quick Slash+1","Terror+1","Finisher+1","Acrobatics+1","Deflect+1","Die Die Die+1","Backstab+1","Deflect+1","Blur+1","Noxious Fumes+1","Crippling Poison+1","Escape Plan+1","Doppelganger+1","Phantasmal Killer+1","Footwork+1","Backflip+1","PiercingWail+1","Dodge and Roll+1"],"special_seed":0,"relics":["Ring of the Snake","Whetstone","Paper Crane","Toxic Egg 2","Boot","Runic Pyramid","Pen Nib","Coffee Dripper","Oddly Smooth Stone","Strawberry","Centennial Puzzle","Blood Vial"],"potions_floor_usage":[],"damage_taken":[{"damage":0.0,"enemies":"Jaw Worm","floor":1.0,"turns":4.0},{"damage":0.0,"enemies":"2 Louse","floor":4.0,"turns":2.0},{"damage":17.0,"enemies":"Lagavulin","floor":7.0,"turns":5.0},{"damage":25.0,"enemies":"3 Sentries","floor":10.0,"turns":12.0},{"damage":0.0,"enemies":"Small Slimes","floor":11.0,"turns":2.0},{"damage":0.0,"enemies":"Looter","floor":12.0,"turns":2.0},{"damage":8.0,"enemies":"Lots of Slimes","floor":14.0,"turns":4.0},{"damage":7.0,"enemies":"The Guardian","floor":16.0,"turns":11.0},{"damage":10.0,"enemies":"3 Byrds","floor":18.0,"turns":5.0},{"damage":3.0,"enemies":"Shell Parasite","floor":19.0,"turns":3.0},{"damage":5.0,"enemies":"Snake Plant","floor":20.0,"turns":2.0},{"damage":2.0,"enemies":"Cultist and Chosen","floor":22.0,"turns":6.0},{"damage":23.0,"enemies":"Book of Stabbing","floor":24.0,"turns":5.0},{"damage":0.0,"enemies":"Colosseum Slavers","floor":28.0,"turns":3.0},{"damage":0.0,"enemies":"Centurion and Healer","floor":31.0,"turns":4.0},{"damage":12.0,"enemies":"Collector","floor":33.0,"turns":8.0},{"damage":24.0,"enemies":"3 Shapes","floor":35.0,"turns":5.0},{"damage":0.0,"enemies":"Orb Walker","floor":36.0,"turns":1.0},{"damage":0.0,"enemies":"Sphere and 2 Shapes","floor":38.0,"turns":5.0},{"damage":3.0,"enemies":"3 Darklings","floor":39.0,"turns":4.0},{"damage":0.0,"enemies":"4 Shapes","floor":44.0,"turns":4.0},{"damage":0.0,"enemies":"Maw","floor":47.0,"turns":8.0},{"damage":0.0,"enemies":"Giant Head","floor":48.0,"turns":7.0},{"damage":21.0,"enemies":"Donu and Deca","floor":50.0,"turns":8.0},{"damage":25.0,"enemies":"Shield and Spear","floor":54.0,"turns":9.0},{"damage":48,"enemies":"The Heart","floor":55,"turns":3}],"seed_played":"7554460481672130863","potions_obtained":[{"floor":4.0,"key":"Weak Potion"},{"floor":11.0,"key":"SteroidPotion"},{"floor":16.0,"key":"Ancient Potion"},{"floor":19.0,"key":"Explosive Potion"},{"floor":22.0,"key":"Regen Potion"},{"floor":33.0,"key":"FearPotion"},{"floor":35.0,"key":"Strength Potion"},{"floor":38.0,"key":"Regen Potion"},{"floor":48.0,"key":"Ancient Potion"}],"is_trial":false,"path_per_floor":["M","?","$","M","?","R","E","R","T","E","M","M","R","M","R","B",null,"M","M","M","$","M","R","E","?","T","R","?","R","?","M","R","B",null,"M","M","$","M","M","R","?","$","T","M","R","$","M","E","R","B",null,"R","$","E","B"],"character_chosen":"THE_SILENT","items_purchased":["Blur+1","Noxious Fumes","Oddly Smooth Stone","PiercingWail+1","Block Potion","PowerPotion"],"campfire_rested":2,"item_purchase_floors":[21,21,37,42,46,53],"current_hp_per_floor":[59,59,59,59,59,59,42,42,42,17,17,17,36,28,28,21,55,45,42,37,37,35,35,26,26,26,26,26,45,45,45,45,33,58,34,34,34,34,43,43,43,43,50,50,50,50,50,50,50,29,62,62,62,37,0],"gold":92,"neow_bonus":"RANDOM_COMMON_RELIC","is_prod":false,"is_daily":false,"chose_seed":false,"campfire_upgraded":9,"win_rate":0,"timestamp":1546078758,"path_taken":["M","?","$","M","?","R","E","R","T","E","M","M","R","M","R","BOSS","M","M","M","$","M","R","E","?","T","R","?","R","?","M","R","BOSS","M","M","?","?","M","R","?","?","T","M","R","$","M","E","R","BOSS","R","$","E","BOSS"],"build_version":"2018-12-20","purchased_purges":2,"victory":false,"max_hp_per_floor":[66,66,66,66,66,66,66,66,66,66,66,66,66,66,66,66,66,66,66,66,66,66,66,66,66,66,66,66,66,66,66,66,66,66,66,66,66,66,66,66,66,66,73,73,73,73,73,73,73,73,73,73,73,73,73],"card_choices":[{"not_picked":["Outmaneuver","Underhanded Strike"],"picked":"Quick Slash","floor":1.0},{"not_picked":["Heel Hook","Poisoned Stab"],"picked":"Terror","floor":4.0},{"not_picked":["Eviscerate","A Thousand Cuts"],"picked":"Finisher","floor":7.0},{"not_picked":["Poisoned Stab","Bane"],"picked":"Acrobatics+1","floor":10.0},{"not_picked":["Sucker Punch","Dagger Spray","Blade Dance+1"],"picked":"SKIP","floor":11.0},{"not_picked":["Underhanded Strike","Bane"],"picked":"Deflect+1","floor":12.0},{"not_picked":["Sucker Punch","Catalyst+1","Escape Plan+1"],"picked":"SKIP","floor":14.0},{"not_picked":["Night Terror+1","Tools of the Trade"],"picked":"Die Die Die","floor":16.0},{"not_picked":["Cloak And Dagger+1","Bouncing Flask+1"],"picked":"Backstab+1","floor":18.0},{"not_picked":["Setup+1","Flying Knee"],"picked":"Deflect+1","floor":19.0},{"not_picked":["Finisher","Poisoned Stab","Masterful Stab"],"picked":"SKIP","floor":20.0},{"not_picked":["Sucker Punch","Dash"],"picked":"Crippling Poison+1","floor":22.0},{"not_picked":["Choke","Predator"],"picked":"Escape Plan+1","floor":24.0},{"not_picked":["Dagger Throw","Blade Dance+1"],"picked":"Doppelganger+1","floor":31.0},{"not_picked":["Envenom","Bullet Time+1"],"picked":"Phantasmal Killer+1","floor":33.0},{"not_picked":["Setup+1","Prepared+1"],"picked":"Footwork","floor":35.0},{"not_picked":["Deflect+1","Acrobatics+1"],"picked":"Backflip+1","floor":36.0},{"not_picked":["Predator+1","Tactician+1","Caltrops"],"picked":"SKIP","floor":38.0},{"not_picked":["Deflect+1","Deadly Poison+1","Wraith Form v2"],"picked":"SKIP","floor":39.0},{"not_picked":["Poisoned Stab","Sucker Punch"],"picked":"Dodge and Roll+1","floor":44.0},{"not_picked":["Prepared+1","Outmaneuver+1","Slice+1"],"picked":"SKIP","floor":47.0},{"not_picked":["Night Terror+1","Dagger Throw+1","Slice"],"picked":"SKIP","floor":48.0},{"not_picked":["Concentrate+1","Dash","Setup+1"],"picked":"SKIP","floor":54.0}],"player_experience":1088723,"relics_obtained":[{"floor":7.0,"key":"Paper Crane"},{"floor":9.0,"key":"Toxic Egg 2"},{"floor":10.0,"key":"Boot"},{"floor":24.0,"key":"Pen Nib"},{"floor":43.0,"key":"Strawberry"},{"floor":48.0,"key":"Centennial Puzzle"},{"floor":54.0,"key":"Blood Vial"}],"event_choices":[{"damage_healed":0.0,"max_hp_gain":0.0,"max_hp_loss":0.0,"gold_gain":0.0,"event_name":"Living Wall","player_choice":"Grow","floor":2.0,"gold_loss":0.0,"damage_taken":0.0,"cards_upgraded":["Neutralize"]},{"damage_healed":0.0,"max_hp_gain":0.0,"max_hp_loss":0.0,"gold_gain":0.0,"event_name":"The Cleric","player_choice":"Leave","floor":5.0,"gold_loss":0.0,"damage_taken":0.0},{"damage_healed":0.0,"max_hp_gain":0.0,"max_hp_loss":0.0,"gold_gain":0.0,"event_name":"Cursed Tome","player_choice":"Ignored","floor":25.0,"gold_loss":0.0,"damage_taken":0.0},{"damage_healed":0.0,"max_hp_gain":0.0,"max_hp_loss":0.0,"gold_gain":0.0,"event_name":"Colosseum","player_choice":"Fight","floor":28.0,"gold_loss":0.0,"damage_taken":0.0},{"damage_healed":0.0,"max_hp_gain":0.0,"max_hp_loss":0.0,"gold_gain":0.0,"event_name":"Colosseum","player_choice":"Fled From Nobs","floor":28.0,"gold_loss":0.0,"damage_taken":0.0},{"cards_removed":["Strike_G"],"damage_healed":0.0,"max_hp_gain":0.0,"max_hp_loss":0.0,"gold_gain":0.0,"event_name":"Purifier","player_choice":"Purged","floor":30.0,"gold_loss":0.0,"damage_taken":0.0},{"damage_healed":0.0,"max_hp_gain":0.0,"max_hp_loss":0.0,"gold_gain":0.0,"event_name":"Accursed Blacksmith","player_choice":"Forge","floor":41.0,"gold_loss":0.0,"damage_taken":0.0,"cards_upgraded":["Survivor"]}],"is_beta":false,"boss_relics":[{"not_picked":["Velvet Choker","Lizard Tail"],"picked":"Runic Pyramid"},{"not_picked":["Orrery","Black Star"],"picked":"Coffee Dripper"}],"items_purged_floors":[3,21],"is_endless":false,"potions_floor_spawned":[4,11,12,14,16,19,22,28,33,35,38,47,48],"killed_by":"The Heart","ascension_level":19}