{"gold_per_floor":[119,132,132,147,147,147,159,159,159,159,181,181,181,197,197,296,296,312,312,312,4,17,17,37,37,37,37,37,37,37,49,49,144,144,156,156,211,111,126,126,146,146],"floor_reached":42,"playtime":2649,"items_purged":["Double Energy+1","Strike_B"],"score":409,"play_id":"83af4ba1-0e51-405d-9083-24aae10c8b75","local_time":"20190801230004","is_ascension_mode":false,"campfire_choices":[{"data":"Cold Snap","floor":6,"key":"SMITH"},{"data":"Thunder Strike","floor":8,"key":"SMITH"},{"data":"Zap","floor":10,"key":"SMITH"},{"data":"Darkness","floor":12,"key":"SMITH"},{"data":"Compile Driver","floor":15,"key":"SMITH"},{"data":"Defragment","floor":23,"key":"SMITH"},{"floor":25,"key":"REST"},{"data":"Chaos","floor":28,"key":"SMITH"},{"floor":30,"key":"REST"},{"data":"Defragment","floor":32,"key":"SMITH"},{"floor":40,"key":"REST"}],"neow_cost":"NONE","seed_source_timestamp":187925963186424,"circlet_count":0,"master_deck":["Defend_B","Defend_B","Defend_B","Defend_B","Zap+1","Dualcast","BootSequence","Barrage+1","Cold Snap+1","Thunder Strike+1","Darkness+1","Compile Driver+1","Electrodynamics","Biased Cognition+1","Reboot+1","Static Discharge","Thunder Strike","Defragment+1","Coolheaded","Chaos+1","Defragment+1","Rainbow","Tempest+1","Doom and Gloom+1","Barrage+1","Compile Driver"],"relics":["FrozenCore","Happy Flower","Gremlin Horn","Odd Mushroom","Astrolabe","Bottled Flame","Mango"],"potions_floor_usage":[],"damage_taken":[{"damage":1,"enemies":"Cultist","floor":1,"turns":3},{"damage":0,"enemies":"2 Louse","floor":2,"turns":2},{"damage":0,"enemies":"Small Slimes","floor":4,"turns":3},{"damage":0,"enemies":"Blue Slaver","floor":7,"turns":3},{"damage":8,"enemies":"The Mushroom Lair","floor":11,"turns":4},{"damage":3,"enemies":"Large Slime","floor":14,"turns":4},{"damage":24,"enemies":"Hexaghost","floor":16,"turns":7},{"damage":3,"enemies":"Shell Parasite","floor":18,"turns":4},{"damage":7,"enemies":"Chosen","floor":22,"turns":4},{"damage":28,"enemies":"Snake Plant","floor":24,"turns":4},{"damage":5,"enemies":"Chosen and Byrds","floor":31,"turns":4},{"damage":30,"enemies":"Collector","floor":33,"turns":6},{"damage":17,"enemies":"3 Shapes","floor":35,"turns":3},{"damage":28,"enemies":"2 Orb Walkers","floor":37,"turns":5},{"damage":18,"enemies":"3 Darklings","floor":39,"turns":4},{"damage":37,"enemies":"Jaw Worm Horde","floor":41,"turns":4},{"damage":35,"enemies":"Giant Head","floor":42,"turns":6}],"seed_played":"-1944687865977714591","potions_obtained":[{"floor":1,"key":"EssenceOfSteel"},{"floor":16,"key":"Explosive Potion"},{"floor":20,"key":"FearPotion"},{"floor":20,"key":"Strength Potion"},{"floor":24,"key":"Block Potion"},{"floor":31,"key":"AttackPotion"}],"is_trial":false,"path_per_floor":["M","M","?","M","?","R","M","R","T","R","?","R","?","M","R","B",null,"M","?","?","$","M","R","M","R","T","?","R","$","R","M","R","B",null,"M","?","?","$","M","R","M","E"],"character_chosen":"DEFECT","items_purchased":["Thunder Strike","Defragment"],"campfire_rested":3,"item_purchase_floors":[21,21],"current_hp_per_floor":[74,74,74,74,74,74,74,74,74,74,66,66,66,63,63,39,75,72,58,58,58,51,51,23,47,47,47,47,47,71,66,66,36,80,63,63,49,49,31,58,21,0],"gold":146,"neow_bonus":"RANDOM_COMMON_RELIC","is_prod":false,"is_daily":false,"chose_seed":false,"campfire_upgraded":8,"win_rate":0.0,"timestamp":1564718404,"path_taken":["M","?","?","M","?","R","M","R","T","R","?","R","?","M","R","BOSS","M","?","?","$","?","R","M","R","T","?","R","?","R","M","R","BOSS","M","?","?","?","M","R","?","E"],"build_version":"2019-07-17","purchased_purges":2,"victory":false,"max_hp_per_floor":[75,75,75,75,75,75,75,75,75,75,75,75,75,75,75,75,75,75,80,80,80,80,80,80,80,80,80,80,80,80,80,80,80,80,80,76,90,90,90,90,90,90],"card_choices":[{"not_picked":["Steam Power","Stack"],"picked":"BootSequence","floor":1},{"not_picked":["Gash","Consume"],"picked":"Barrage","floor":2},{"not_picked":["Gash","Streamline"],"picked":"Cold Snap","floor":4},{"not_picked":["Beam Cell","Steam"],"picked":"Thunder Strike","floor":7},{"not_picked":["Sweeping Beam","Redo"],"picked":"Darkness","floor":11},{"not_picked":["Steam Power","Hologram"],"picked":"Compile Driver","floor":14},{"not_picked":["Thunder Strike","Amplify"],"picked":"Electrodynamics","floor":16},{"not_picked":["Leap","Defragment"],"picked":"Static Discharge","floor":18},{"not_picked":["Leap","Streamline"],"picked":"Coolheaded","floor":22},{"not_picked":["Streamline","Buffer"],"picked":"Chaos","floor":24},{"not_picked":["Leap","Streamline"],"picked":"Defragment","floor":31},{"not_picked":["Reboot","Thunder Strike"],"picked":"Rainbow","floor":33},{"not_picked":["Hello World+1","Hologram+1"],"picked":"Tempest+1","floor":35},{"not_picked":["Leap+1","Conserve Battery"],"picked":"Doom and Gloom+1","floor":37},{"not_picked":["BootSequence+1","Tempest+1"],"picked":"Barrage+1","floor":39},{"not_picked":["Streamline","Steam+1"],"picked":"Compile Driver","floor":41}],"player_experience":7803,"relics_obtained":[{"floor":9,"key":"Gremlin Horn"},{"floor":11,"key":"Odd Mushroom"},{"floor":26,"key":"Bottled Flame"},{"floor":37,"key":"Mango"}],"event_choices":[{"damage_healed":0,"gold_gain":0,"player_choice":"Ignored","damage_taken":0,"max_hp_gain":0,"max_hp_loss":0,"event_name":"Shining Light","floor":3,"gold_loss":0},{"damage_healed":0,"gold_gain":0,"player_choice":"Grow","damage_taken":0,"max_hp_gain":0,"max_hp_loss":0,"event_name":"Living Wall","floor":5,"gold_loss":0,"cards_upgraded":["Barrage"]},{"damage_healed":0,"gold_gain":0,"player_choice":"Fought Mushrooms","damage_taken":0,"max_hp_gain":0,"max_hp_loss":0,"event_name":"Mushrooms","floor":11,"gold_loss":0},{"damage_healed":0,"gold_gain":0,"player_choice":"Ignored","damage_taken":0,"max_hp_gain":0,"max_hp_loss":0,"event_name":"Liars Game","floor":13,"gold_loss":0},{"damage_healed":0,"gold_gain":0,"player_choice":"Shed Blood","damage_taken":19,"max_hp_gain":5,"max_hp_loss":0,"event_name":"Forgotten Altar","floor":19,"gold_loss":0},{"damage_healed":0,"gold_gain":0,"player_choice":"Got Potions","damage_taken":0,"max_hp_gain":0,"max_hp_loss":0,"event_name":"Lab","floor":20,"gold_loss":0},{"damage_healed":0,"gold_gain":0,"player_choice":"Ignored","damage_taken":0,"max_hp_gain":0,"max_hp_loss":0,"event_name":"Cursed Tome","floor":27,"gold_loss":0},{"damage_healed":0,"gold_gain":0,"player_choice":"Max HP","damage_taken":0,"max_hp_gain":0,"max_hp_loss":4,"event_name":"Winding Halls","floor":36,"gold_loss":0},{"damage_healed":0,"gold_gain":0,"player_choice":"Fight","damage_taken":0,"max_hp_gain":0,"max_hp_loss":0,"event_name":"Mysterious Sphere","floor":37,"gold_loss":0}],"is_beta":false,"boss_relics":[{"not_picked":["Fusion Hammer","Busted Crown"],"picked":"Astrolabe"},{"not_picked":["Black Star","Empty Cage"],"picked":"FrozenCore"}],"items_purged_floors":[21,38],"is_endless":false,"potions_floor_spawned":[1,7,16,24,31,39],"killed_by":"Giant Head","ascension_level":0}