{"gold_per_floor":[119,119,194,194,209,240,240,273,273,273,287,287,310,345,345,441,441,425,425,438,306,306],"floor_reached":22,"playtime":849,"items_purged":[],"score":554,"play_id":"39913458-200e-42a4-81e6-874d11af6c05","local_time":"20190829122743","is_ascension_mode":true,"campfire_choices":[{"data":"Zap","floor":7.0,"key":"SMITH"},{"floor":10.0,"key":"REST"},{"floor":15,"key":"REST"}],"neow_cost":"NONE","seed_source_timestamp":26004115727423,"circlet_count":0,"master_deck":["AscendersBane","Zap+1","Dualcast","Barrage","Melter","Coolheaded","Chaos","BootSequence","Meteor Strike","Cold Snap","Barrage","Genetic Algorithm","Recycle","Cold Snap","Rebound","Echo Form","Redo+1","Gash"],"special_seed":0,"relics":["Cracked Core","NeowsBlessing","StoneCalendar","Ancient Tea Set","Unceasing Top","Golden Idol","Sundial","Pandora\u0027s Box","Bag of Preparation"],"potions_floor_usage":[14,16],"damage_taken":[{"damage":0.0,"enemies":"Small Slimes","floor":1.0,"turns":1.0},{"damage":0.0,"enemies":"2 Louse","floor":5.0,"turns":1.0},{"damage":0.0,"enemies":"Lagavulin","floor":6.0,"turns":1.0},{"damage":32.0,"enemies":"3 Sentries","floor":8.0,"turns":7.0},{"damage":7.0,"enemies":"Jaw Worm","floor":11.0,"turns":2.0},{"damage":1.0,"enemies":"3 Louse","floor":13.0,"turns":3.0},{"damage":11,"enemies":"Gremlin Nob","floor":14,"turns":3},{"damage":0,"enemies":"The Guardian","floor":16,"turns":8},{"damage":29,"enemies":"2 Thieves","floor":18,"turns":4},{"damage":11,"enemies":"Shell Parasite","floor":20,"turns":5},{"damage":19,"enemies":"Snake Plant","floor":22,"turns":4}],"seed_played":"2028060129297628002","potions_obtained":[{"floor":8.0,"key":"GamblersBrew"},{"floor":11.0,"key":"Fire Potion"},{"floor":13,"key":"PowerPotion"}],"is_trial":false,"path_per_floor":["M","?","?","?","M","E","R","E","T","R","M","?","M","E","R","B",null,"M","?","M","?","M"],"character_chosen":"DEFECT","items_purchased":[],"campfire_rested":2,"item_purchase_floors":[],"current_hp_per_floor":[64,64,53,53,53,53,53,21,21,42,35,35,34,23,42,42,59,30,30,19,19,0],"gold":306,"neow_bonus":"THREE_ENEMY_KILL","is_prod":false,"is_daily":false,"chose_seed":false,"campfire_upgraded":1,"win_rate":0,"timestamp":1567096063,"path_taken":["M","?","?","?","M","E","R","E","T","R","M","?","M","E","R","BOSS","M","?","M","?","?"],"build_version":"2019-07-17","purchased_purges":0,"victory":false,"max_hp_per_floor":[71,71,71,71,71,71,71,71,71,71,71,64,64,64,64,64,64,64,64,64,64,64],"card_choices":[{"not_picked":["Go for the Eyes","Turbo"],"picked":"Barrage","floor":1.0},{"not_picked":["Skim","Hello World"],"picked":"Melter","floor":5.0},{"not_picked":["Compile Driver","Melter"],"picked":"Coolheaded","floor":6.0},{"not_picked":["Beam Cell","Thunder Strike"],"picked":"Chaos","floor":8.0},{"not_picked":["White Noise","Streamline","Self Repair"],"picked":"SKIP","floor":11.0},{"not_picked":["Melter","Streamline","Compile Driver"],"picked":"SKIP","floor":13},{"not_picked":["Steam","Cold Snap"],"picked":"BootSequence","floor":14},{"not_picked":["Hyperbeam","Multi-Cast"],"picked":"Meteor Strike","floor":16},{"not_picked":["Steam","Melter"],"picked":"Redo+1","floor":18},{"not_picked":["Capacitor","Cold Snap"],"picked":"Gash","floor":20}],"player_experience":1897165,"relics_obtained":[{"floor":6.0,"key":"Ancient Tea Set"},{"floor":9.0,"key":"Unceasing Top"},{"floor":14,"key":"Sundial"}],"event_choices":[{"damage_healed":0.0,"max_hp_gain":0.0,"max_hp_loss":0.0,"gold_gain":0.0,"event_name":"Big Fish","player_choice":"Box","floor":2.0,"gold_loss":0.0,"damage_taken":0.0,"relics_obtained":["StoneCalendar"],"cards_obtained":["Regret"]},{"damage_healed":0.0,"max_hp_gain":0.0,"max_hp_loss":0.0,"gold_gain":75.0,"event_name":"World of Goop","player_choice":"Gather Gold","floor":3.0,"gold_loss":0.0,"damage_taken":11.0},{"cards_removed":["Regret"],"damage_healed":0.0,"max_hp_gain":0.0,"max_hp_loss":0.0,"gold_gain":0.0,"event_name":"Living Wall","player_choice":"Forget","floor":4.0,"gold_loss":0.0,"damage_taken":0.0},{"damage_healed":0.0,"max_hp_gain":0.0,"max_hp_loss":7.0,"gold_gain":0.0,"event_name":"Golden Idol","player_choice":"Lose Max HP","floor":12.0,"gold_loss":0.0,"damage_taken":0.0,"relics_obtained":["Golden Idol"]},{"cards_removed":["Blizzard"],"damage_healed":0,"gold_gain":0,"player_choice":"Elegance","damage_taken":0,"max_hp_gain":0,"max_hp_loss":0,"event_name":"Back to Basics","floor":19,"gold_loss":0},{"damage_healed":0,"gold_gain":0,"player_choice":"Paid Gold","damage_taken":0,"relics_obtained":["Bag of Preparation"],"max_hp_gain":0,"max_hp_loss":0,"event_name":"WeMeetAgain","floor":21,"gold_loss":132}],"is_beta":false,"boss_relics":[{"not_picked":["Lizard Tail","FrozenCore"],"picked":"Pandora\u0027s Box"}],"items_purged_floors":[],"is_endless":false,"potions_floor_spawned":[8,11,13],"killed_by":"Snake Plant","ascension_level":20}