{"gold_per_floor":[116,41,61,73,89,89,114,114,114,176,186,186,215,226,226,304,304,294,294,311,211,211,211,211],"floor_reached":24,"playtime":1654,"items_purged":["Strike_G","Strike_G"],"score":350,"play_id":"a5c498b3-2cde-49c3-8642-03e5bb9f4120","local_time":"20181221131256","is_ascension_mode":true,"campfire_choices":[{"data":"Neutralize","floor":6.0,"key":"SMITH"},{"floor":8.0,"key":"REST"},{"floor":12.0,"key":"REST"},{"floor":15.0,"key":"REST"},{"data":"Malaise","floor":23.0,"key":"SMITH"}],"neow_cost":"PERCENT_DAMAGE","seed_source_timestamp":41557021276331,"circlet_count":0,"master_deck":["AscendersBane","Defend_G","Defend_G","Defend_G","Defend_G","Strike_G","Strike_G","Survivor","Neutralize+1","Underhanded Strike","Quick Slash","Heel Hook","Calculated Gamble","Caltrops","Malaise+1","Dagger Throw","Burst","Necronomicurse","All Out Attack+1"],"special_seed":0,"relics":["Ring of the Snake","Ginger","WingedGreaves","Gremlin Horn","Sozu","Necronomicon","MutagenicStrength"],"potions_floor_usage":[],"damage_taken":[{"damage":0.0,"enemies":"Small Slimes","floor":1.0,"turns":4.0},{"damage":2.0,"enemies":"Jaw Worm","floor":3.0,"turns":3.0},{"damage":0.0,"enemies":"Cultist","floor":4.0,"turns":4.0},{"damage":2.0,"enemies":"Red Slaver","floor":5.0,"turns":4.0},{"damage":17.0,"enemies":"Lagavulin","floor":7.0,"turns":5.0},{"damage":25.0,"enemies":"3 Sentries","floor":10.0,"turns":11.0},{"damage":2.0,"enemies":"2 Fungi Beasts","floor":11.0,"turns":4.0},{"damage":25.0,"enemies":"3 Sentries","floor":13.0,"turns":7.0},{"damage":6.0,"enemies":"Looter","floor":14.0,"turns":3.0},{"damage":8.0,"enemies":"The Guardian","floor":16.0,"turns":17.0},{"damage":10.0,"enemies":"2 Thieves","floor":18.0,"turns":4.0},{"damage":2.0,"enemies":"3 Byrds","floor":20.0,"turns":3.0},{"damage":26,"enemies":"Shelled Parasite and Fungi","floor":24,"turns":3}],"seed_played":"6582146065374391685","potions_obtained":[{"floor":4.0,"key":"FearPotion"},{"floor":5.0,"key":"PowerPotion"},{"floor":7.0,"key":"FearPotion"},{"floor":10.0,"key":"PowerPotion"},{"floor":13.0,"key":"SkillPotion"},{"floor":14.0,"key":"GamblersBrew"}],"is_trial":false,"path_per_floor":["M","$","M","M","M","R","E","R","T","?","M","R","E","M","R","B",null,"M","?","M","$","?","R","M"],"character_chosen":"THE_SILENT","items_purchased":[],"campfire_rested":3,"item_purchase_floors":[],"current_hp_per_floor":[44,44,42,42,40,40,23,42,42,17,15,34,9,3,22,14,53,43,27,25,25,25,25,0],"gold":211,"neow_bonus":"REMOVE_TWO","is_prod":false,"is_daily":false,"chose_seed":false,"campfire_upgraded":2,"win_rate":0,"timestamp":1545415976,"path_taken":["M","$","M","M","M","R","E","R","T","?","M","R","E","M","R","BOSS","M","?","M","$","?","R","M"],"build_version":"2018-12-20","purchased_purges":2,"victory":false,"max_hp_per_floor":[66,66,66,66,66,66,66,66,66,66,66,66,66,66,66,66,66,66,66,66,66,66,66,66],"card_choices":[{"not_picked":["Quick Slash","Dodge and Roll"],"picked":"Underhanded Strike","floor":1.0},{"not_picked":["Prepared","Backflip"],"picked":"Quick Slash","floor":3.0},{"not_picked":["Slice","Tactician","Poisoned Stab"],"picked":"SKIP","floor":4.0},{"not_picked":["Die Die Die","Cloak And Dagger"],"picked":"Heel Hook","floor":5.0},{"not_picked":["Blade Dance","Deflect"],"picked":"Calculated Gamble","floor":7.0},{"not_picked":["Poisoned Stab","Dagger Spray"],"picked":"Caltrops","floor":10.0},{"not_picked":["Dagger Spray","Bane","Setup"],"picked":"SKIP","floor":11.0},{"not_picked":["Prepared","Catalyst"],"picked":"Malaise","floor":13.0},{"not_picked":["Acrobatics","Dodge and Roll"],"picked":"Dagger Throw","floor":14.0},{"not_picked":["Malaise","Glass Knife"],"picked":"Burst","floor":16.0},{"not_picked":["Sucker Punch","Cloak And Dagger","Noxious Fumes+1"],"picked":"SKIP","floor":18.0},{"not_picked":["Calculated Gamble","Quick Slash"],"picked":"All Out Attack+1","floor":20.0}],"player_experience":938523,"relics_obtained":[{"floor":7.0,"key":"Ginger"},{"floor":13.0,"key":"Gremlin Horn"},{"floor":19.0,"key":"Necronomicon"}],"event_choices":[{"damage_healed":0.0,"max_hp_gain":0.0,"max_hp_loss":0.0,"gold_gain":0.0,"event_name":"Dead Adventurer","player_choice":"Searched \u00272\u0027 times","floor":10.0,"gold_loss":0.0,"damage_taken":0.0,"relics_obtained":["WingedGreaves"]},{"damage_healed":0.0,"max_hp_gain":0.0,"max_hp_loss":0.0,"gold_gain":0.0,"event_name":"Cursed Tome","player_choice":"Obtained Book","floor":19.0,"gold_loss":0.0,"damage_taken":16.0},{"damage_healed":0.0,"max_hp_gain":0.0,"max_hp_loss":0.0,"gold_gain":0.0,"event_name":"Drug Dealer","player_choice":"Inject Mutagens","floor":22.0,"gold_loss":0.0,"damage_taken":0.0,"relics_obtained":["MutagenicStrength"]}],"is_beta":false,"boss_relics":[{"not_picked":["Empty Cage","Calling Bell"],"picked":"Sozu"}],"items_purged_floors":[2,21],"is_endless":false,"potions_floor_spawned":[4,5,7,10,13,14,18],"killed_by":"Shelled Parasite and Fungi","ascension_level":14}