{"gold_per_floor":[361,326,326,326,345,345,345,372,372,384,384,397,143,156,156,256,256,271,291,50,16,31,31],"floor_reached":23,"playtime":1068,"items_purged":[],"score":287,"play_id":"6e7a2dfa-39ed-4120-97cb-eb48a920a267","local_time":"20190607060351","is_ascension_mode":true,"campfire_choices":[{"data":"Seeing Red","floor":6,"key":"SMITH"},{"floor":11,"key":"REST"},{"floor":15,"key":"REST"}],"neow_cost":"PERCENT_DAMAGE","seed_source_timestamp":39321734529214,"circlet_count":0,"master_deck":["AscendersBane","Strike_R+1","Strike_R","Defend_R","Defend_R","Defend_R","Defend_R+1","Bash","Headbutt","Seeing Red+1","Havoc","True Grit","Shrug It Off","True Grit","Bandage Up","Metallicize","Carnage","Reaper","Inflame+1","Barricade+1","Feel No Pain+1","Battle Trance+1","Burning Pact","Hemokinesis","Whirlwind"],"relics":["Burning Blood","Centennial Puzzle","Pear","Darkstone Periapt","Astrolabe","Anchor"],"potions_floor_usage":[10,16,16,23],"damage_taken":[{"damage":3,"enemies":"Small Slimes","floor":1,"turns":5},{"damage":12,"enemies":"Jaw Worm","floor":5,"turns":3},{"damage":47,"enemies":"Lagavulin","floor":8,"turns":8},{"damage":3,"enemies":"2 Louse","floor":10,"turns":2},{"damage":14,"enemies":"Red Slaver","floor":12,"turns":3},{"damage":29,"enemies":"Lots of Slimes","floor":14,"turns":7},{"damage":50,"enemies":"Hexaghost","floor":16,"turns":12},{"damage":11,"enemies":"Chosen","floor":18,"turns":6},{"damage":19,"enemies":"Spheric Guardian","floor":19,"turns":7},{"damage":48,"enemies":"Shelled Parasite and Fungi","floor":22,"turns":17},{"damage":24,"enemies":"Slavers","floor":23,"turns":2}],"seed_played":"421429244715854545","potions_obtained":[{"floor":5,"key":"Fire Potion"},{"floor":10,"key":"SteroidPotion"},{"floor":12,"key":"LiquidBronze"},{"floor":18,"key":"AttackPotion"},{"floor":19,"key":"Weak Potion"}],"is_trial":false,"path_per_floor":["M","?","?","?","M","R","?","E","T","M","R","M","$","M","R","B",null,"M","M","$","$","M","E"],"character_chosen":"IRONCLAD","items_purchased":["True Grit","PowerPotion","Bandage Up","Metallicize","Burning Pact","Anchor","SpeedPotion","Hemokinesis"],"campfire_rested":2,"item_purchase_floors":[13,13,13,13,20,20,20,21],"current_hp_per_floor":[54,74,58,58,52,52,52,21,21,24,51,43,43,24,51,11,70,69,60,60,60,22,0],"gold":31,"neow_bonus":"TWO_FIFTY_GOLD","is_prod":false,"is_daily":false,"chose_seed":false,"campfire_upgraded":1,"win_rate":0,"timestamp":1559851431,"path_taken":["M","?","?","?","M","R","?","E","T","?","R","M","$","M","R","BOSS","M","M","?","$","M","E"],"build_version":"2019-01-23","purchased_purges":0,"victory":false,"max_hp_per_floor":[80,80,80,80,80,80,80,90,90,90,90,90,90,90,90,90,90,90,90,90,90,90,90],"card_choices":[{"not_picked":["Havoc","Shrug It Off"],"picked":"Headbutt","floor":1},{"not_picked":["Reckless Charge","Evolve"],"picked":"Seeing Red","floor":5},{"not_picked":["Searing Blow","Barricade"],"picked":"Havoc","floor":8},{"not_picked":["Pommel Strike","Entrench"],"picked":"True Grit","floor":10},{"not_picked":["Twin Strike","Wild Strike"],"picked":"Shrug It Off","floor":12},{"not_picked":["Seeing Red","Bloodletting"],"picked":"Carnage","floor":14},{"not_picked":["Brutality","Limit Break"],"picked":"Reaper","floor":16},{"not_picked":["Armaments+1","Sword Boomerang","Iron Wave"],"picked":"SKIP","floor":18},{"not_picked":["Clash","Wild Strike"],"picked":"Battle Trance+1","floor":19},{"not_picked":["Havoc","Perfected Strike"],"picked":"Whirlwind","floor":22}],"player_experience":822922,"relics_obtained":[{"floor":8,"key":"Pear"},{"floor":9,"key":"Darkstone Periapt"}],"event_choices":[{"damage_healed":20,"gold_gain":0,"player_choice":"Healed","damage_taken":0,"max_hp_gain":0,"max_hp_loss":0,"event_name":"The Cleric","floor":2,"gold_loss":35},{"damage_healed":0,"gold_gain":0,"player_choice":"Entered Light","damage_taken":16,"max_hp_gain":0,"max_hp_loss":0,"event_name":"Shining Light","floor":3,"gold_loss":0,"cards_upgraded":["Strike_R","Defend_R"]},{"damage_healed":0,"gold_gain":0,"player_choice":"Box","damage_taken":0,"relics_obtained":["Centennial Puzzle"],"max_hp_gain":0,"max_hp_loss":0,"event_name":"Big Fish","floor":4,"gold_loss":0,"cards_obtained":["Regret"]},{"cards_removed":["Regret"],"damage_healed":0,"gold_gain":0,"player_choice":"Purged","damage_taken":0,"max_hp_gain":0,"max_hp_loss":0,"event_name":"Purifier","floor":7,"gold_loss":0}],"is_beta":false,"boss_relics":[{"not_picked":["Orrery","Calling Bell"],"picked":"Astrolabe"}],"items_purged_floors":[],"is_endless":false,"potions_floor_spawned":[5,10,12,18,19],"killed_by":"Slavers","ascension_level":10}