{"gold_per_floor":[99,99,99,99,99,99,99,54,54,54,54],"floor_reached":11,"playtime":564,"items_purged":[],"score":116,"play_id":"1d553ee7-0464-4873-aad4-6a4401b82bdd","local_time":"20181106005844","is_ascension_mode":true,"campfire_choices":[{"floor":7,"key":"REST"},{"data":"Sweeping Beam","floor":10,"key":"SMITH"}],"neow_cost":"NONE","seed_source_timestamp":796970983237679,"circlet_count":0,"master_deck":["AscendersBane","Strike_B","Strike_B","Strike_B","Strike_B","Defend_B","Defend_B","Defend_B","Defend_B","Zap","Dualcast","Reinforced Body","Cold Snap","Storm","Fusion","Force Field","BootSequence","Sweeping Beam+1"],"relics":["Ectoplasm","Du-Vu Doll","Boot"],"potions_floor_usage":[6],"damage_taken":[{"damage":6,"enemies":"Small Slimes","floor":1,"turns":4},{"damage":0,"enemies":"Cultist","floor":2,"turns":4},{"damage":4,"enemies":"2 Louse","floor":3,"turns":3},{"damage":3,"enemies":"Blue Slaver","floor":4,"turns":5},{"damage":12,"enemies":"3 Louse","floor":5,"turns":5},{"damage":41,"enemies":"Gremlin Nob","floor":6,"turns":6},{"damage":7,"enemies":"Looter","floor":8,"turns":5},{"damage":21,"enemies":"Exordium Thugs","floor":11,"turns":3}],"seed_played":"-8912583248622215027","potions_obtained":[{"floor":3,"key":"Ancient Potion"},{"floor":5,"key":"Strength Potion"}],"is_trial":false,"path_per_floor":["M","M","M","M","M","E","R","M","T","R","M"],"character_chosen":"DEFECT","items_purchased":[],"campfire_rested":1,"item_purchase_floors":[],"current_hp_per_floor":[62,62,58,55,43,2,24,17,17,17,0],"gold":54,"neow_bonus":"BOSS_RELIC","is_prod":false,"is_daily":false,"chose_seed":false,"campfire_upgraded":1,"win_rate":0,"timestamp":1541483924,"path_taken":["M","M","M","M","M","E","R","M","T","R","M"],"build_version":"2018-11-01","purchased_purges":0,"victory":false,"max_hp_per_floor":[75,75,75,75,75,75,75,75,75,75,75],"card_choices":[{"not_picked":["Leap","Streamline"],"picked":"Reinforced Body","floor":1},{"not_picked":["Stack","Turbo"],"picked":"Cold Snap","floor":2},{"not_picked":["Beam Cell","Static Discharge"],"picked":"Storm","floor":3},{"not_picked":["Sweeping Beam","Beam Cell"],"picked":"Fusion","floor":4},{"not_picked":["Steam","Redo"],"picked":"Force Field","floor":5},{"not_picked":["Sweeping Beam","Steam"],"picked":"BootSequence","floor":6},{"not_picked":["Leap","Cold Snap"],"picked":"Sweeping Beam","floor":8}],"player_experience":628826,"relics_obtained":[{"floor":6,"key":"Du-Vu Doll"},{"floor":9,"key":"Boot"}],"event_choices":[],"is_beta":false,"boss_relics":[],"items_purged_floors":[],"is_endless":false,"potions_floor_spawned":[3,5],"killed_by":"Exordium Thugs","ascension_level":10}