{"gold_per_floor":[119,194,194,212,228,228,238,271,317,335,350,350,362,372,372,477,477,495,100,113,113,18,18,18],"floor_reached":24,"playtime":3436,"items_purged":["Pain"],"score":200,"play_id":"13b09ae1-3c00-4416-a94d-a5c81e9be8b2","local_time":"20190322230708","is_ascension_mode":false,"campfire_choices":[{"data":"Zap","floor":6,"key":"SMITH"},{"floor":15,"key":"REST"},{"data":"Redo","floor":23,"key":"SMITH"}],"neow_cost":"NONE","seed_source_timestamp":1150547069281,"circlet_count":0,"master_deck":["Strike_B","Strike_B","Strike_B","Strike_B","Defend_B","Defend_B","Defend_B","Defend_B","Zap+1","Dualcast","Capacitor","Redo+1","BootSequence","Darkness","Machine Learning","Reprogram","Beam Cell","Coolheaded","Self Repair","All For One","Turbo+1","Static Discharge","Conserve Battery+1","Decay","Trip+1"],"relics":["FrozenCore","NeowsBlessing","WarpedTongs","Meat on the Bone","Pen Nib","FaceOfCleric","Toxic Egg 2"],"potions_floor_usage":[7,10,24,24],"damage_taken":[{"damage":0,"enemies":"2 Louse","floor":1,"turns":1},{"damage":1,"enemies":"Jaw Worm","floor":4,"turns":1},{"damage":0,"enemies":"Cultist","floor":5,"turns":1},{"damage":0,"enemies":"Lots of Slimes","floor":7,"turns":1},{"damage":44,"enemies":"Gremlin Nob","floor":8,"turns":5},{"damage":13,"enemies":"3 Louse","floor":10,"turns":4},{"damage":10,"enemies":"Exordium Thugs","floor":11,"turns":4},{"damage":14,"enemies":"2 Fungi Beasts","floor":13,"turns":4},{"damage":9,"enemies":"Red Slaver","floor":14,"turns":3},{"damage":34,"enemies":"The Guardian","floor":16,"turns":10},{"damage":21,"enemies":"Shell Parasite","floor":18,"turns":6},{"damage":12,"enemies":"Chosen","floor":20,"turns":7},{"damage":68,"enemies":"Gremlin Leader","floor":24,"turns":5}],"seed_played":"2692277672393097750","potions_obtained":[{"floor":5,"key":"Explosive Potion"},{"floor":8,"key":"GamblersBrew"},{"floor":16,"key":"EssenceOfSteel"},{"floor":18,"key":"Swift Potion"}],"is_trial":false,"path_per_floor":["M","?","?","M","M","R","M","E","T","M","M","?","M","M","R","B",null,"M","$","M","?","$","R","E"],"character_chosen":"DEFECT","items_purchased":["Toxic Egg 2","Static Discharge","Trip+1"],"campfire_rested":1,"item_purchase_floors":[19,19,22],"current_hp_per_floor":[75,64,64,63,63,63,63,19,19,18,20,20,19,23,46,35,78,65,65,61,61,61,61,0],"gold":18,"neow_bonus":"THREE_ENEMY_KILL","is_prod":false,"is_daily":false,"chose_seed":false,"campfire_upgraded":2,"win_rate":0.0,"timestamp":1553260028,"path_taken":["M","?","?","?","M","R","M","E","T","M","?","?","?","M","R","BOSS","M","$","M","?","$","R","E"],"build_version":"2019-01-23","purchased_purges":1,"victory":false,"max_hp_per_floor":[75,75,75,75,75,75,75,75,75,75,75,75,76,77,77,78,78,79,79,80,80,80,80,80],"card_choices":[{"not_picked":["Beam Cell","Sweeping Beam"],"picked":"Capacitor","floor":1},{"not_picked":["Steam","Skim"],"picked":"Redo","floor":4},{"not_picked":["Hologram","Redo"],"picked":"BootSequence","floor":5},{"not_picked":["Cold Snap","Steam"],"picked":"Darkness","floor":7},{"not_picked":["Consume","Streamline"],"picked":"Machine Learning","floor":8},{"not_picked":["Rebound","Coolheaded"],"picked":"Reprogram","floor":10},{"not_picked":["Compile Driver","Heatsinks"],"picked":"Beam Cell","floor":11},{"not_picked":["Blizzard","Rip and Tear"],"picked":"Coolheaded","floor":13},{"not_picked":["Gash","Melter"],"picked":"Self Repair","floor":14},{"not_picked":["Hyperbeam","Core Surge"],"picked":"All For One","floor":16},{"not_picked":["Aggregate","Reinforced Body+1"],"picked":"Turbo+1","floor":18},{"not_picked":["Coolheaded+1","Gash"],"picked":"Conserve Battery+1","floor":20}],"player_experience":38027,"relics_obtained":[{"floor":8,"key":"Meat on the Bone"},{"floor":9,"key":"Pen Nib"}],"event_choices":[{"damage_healed":0,"gold_gain":75,"player_choice":"Gather Gold","damage_taken":11,"max_hp_gain":0,"max_hp_loss":0,"event_name":"World of Goop","floor":2,"gold_loss":0},{"damage_healed":0,"gold_gain":0,"player_choice":"Rummage","damage_taken":0,"relics_obtained":["WarpedTongs"],"max_hp_gain":0,"max_hp_loss":0,"event_name":"Accursed Blacksmith","floor":3,"gold_loss":0,"cards_obtained":["Pain"]},{"damage_healed":0,"gold_gain":0,"player_choice":"Trade","damage_taken":0,"relics_obtained":["FaceOfCleric"],"max_hp_gain":0,"max_hp_loss":0,"event_name":"FaceTrader","floor":12,"gold_loss":0},{"damage_healed":0,"gold_gain":0,"player_choice":"Cursed","damage_taken":0,"max_hp_gain":0,"max_hp_loss":0,"event_name":"Wheel of Change","floor":21,"gold_loss":0,"cards_obtained":["Decay"]}],"is_beta":false,"boss_relics":[{"not_picked":["Velvet Choker","Calling Bell"],"picked":"FrozenCore"}],"items_purged_floors":[19],"is_endless":false,"potions_floor_spawned":[5,8,16,18],"killed_by":"Gremlin Leader","ascension_level":0}