{"gold_per_floor":[111,111,111,127,146,146,161,196,196,166],"floor_reached":10,"playtime":237,"items_purged":[],"score":105,"play_id":"69776e0a-b8cc-4307-9736-7c4b32dca129","local_time":"20190629064814","is_ascension_mode":true,"campfire_choices":[{"data":"Consume","floor":6,"key":"SMITH"}],"neow_cost":"NONE","seed_source_timestamp":49445630061211,"circlet_count":0,"master_deck":["AscendersBane","Strike_B","Strike_B","Strike_B","Strike_B","Defend_B","Defend_B","Defend_B","Defend_B","Zap","Dualcast","BootSequence","Consume+1","Ball Lightning","Recycle","Stack"],"relics":["Cracked Core","NeowsBlessing","Vajra","Shuriken","Mummified Hand"],"potions_floor_usage":[7],"damage_taken":[{"damage":0,"enemies":"Small Slimes","floor":1,"turns":1},{"damage":0,"enemies":"Jaw Worm","floor":4,"turns":1},{"damage":0,"enemies":"Cultist","floor":5,"turns":1},{"damage":18,"enemies":"3 Louse","floor":7,"turns":4},{"damage":42,"enemies":"Lagavulin","floor":8,"turns":6},{"damage":11,"enemies":"Looter","floor":10,"turns":2}],"seed_played":"1557870715099583672","potions_obtained":[{"floor":1,"key":"Regen Potion"},{"floor":7,"key":"LiquidBronze"},{"floor":8,"key":"LiquidBronze"}],"is_trial":false,"path_per_floor":["M","?","?","M","M","R","M","E","T","M"],"character_chosen":"DEFECT","items_purchased":[],"campfire_rested":0,"item_purchase_floors":[],"current_hp_per_floor":[68,68,61,61,61,61,52,10,10,0],"gold":166,"neow_bonus":"THREE_ENEMY_KILL","is_prod":false,"is_daily":false,"chose_seed":false,"campfire_upgraded":1,"win_rate":0,"timestamp":1561754894,"path_taken":["M","?","?","M","?","R","?","E","T","M"],"build_version":"2019-01-23","purchased_purges":0,"victory":false,"max_hp_per_floor":[75,75,75,75,75,75,75,75,75,75],"card_choices":[{"not_picked":["Rip and Tear","Streamline"],"picked":"BootSequence","floor":1},{"not_picked":["Go for the Eyes","Rebound"],"picked":"Consume","floor":4},{"not_picked":["Chill","Compile Driver"],"picked":"Ball Lightning","floor":5},{"not_picked":["Steam","Rebound"],"picked":"Recycle","floor":7},{"not_picked":["Melter","Ball Lightning"],"picked":"Stack","floor":8}],"player_experience":874386,"relics_obtained":[{"floor":8,"key":"Shuriken"},{"floor":9,"key":"Mummified Hand"}],"event_choices":[{"damage_healed":0,"gold_gain":0,"player_choice":"Box","damage_taken":0,"relics_obtained":["Vajra"],"max_hp_gain":0,"max_hp_loss":0,"event_name":"Big Fish","floor":2,"gold_loss":0,"cards_obtained":["Regret"]},{"cards_removed":["Regret"],"damage_healed":0,"gold_gain":0,"player_choice":"Card Removal","damage_taken":7,"max_hp_gain":0,"max_hp_loss":0,"event_name":"Golden Wing","floor":3,"gold_loss":0}],"is_beta":false,"boss_relics":[],"items_purged_floors":[],"is_endless":false,"potions_floor_spawned":[1,7,8],"killed_by":"Looter","ascension_level":11}