{"gold_per_floor":[111,130,141,154,168,201,201,220,220,220],"floor_reached":10,"playtime":429,"items_purged":[],"score":122,"play_id":"a69ae26f-dbb2-4eb2-83fd-e1b59443825f","local_time":"20181223214537","is_ascension_mode":true,"campfire_choices":[{"floor":7,"key":"REST"}],"neow_cost":"NONE","seed_source_timestamp":246609337090606,"circlet_count":0,"master_deck":["AscendersBane","Defend_G","Defend_G","Defend_G","Defend_G","Defend_G","Strike_G","Strike_G","Strike_G","Strike_G","Strike_G","Survivor","Neutralize","Flying Knee","Quick Slash","Skewer","Leg Sweep"],"relics":["Ring of the Snake","NeowsBlessing","Letter Opener","Bronze Scales"],"potions_floor_usage":[6,8,10],"damage_taken":[{"damage":0,"enemies":"Cultist","floor":1,"turns":1},{"damage":0,"enemies":"2 Louse","floor":2,"turns":1},{"damage":0,"enemies":"Jaw Worm","floor":3,"turns":1},{"damage":4,"enemies":"2 Fungi Beasts","floor":4,"turns":4},{"damage":3,"enemies":"Blue Slaver","floor":5,"turns":5},{"damage":20,"enemies":"Lagavulin","floor":6,"turns":5},{"damage":12,"enemies":"Large Slime","floor":8,"turns":6},{"damage":52,"enemies":"Gremlin Nob","floor":10,"turns":7}],"seed_played":"3686610541086297667","potions_obtained":[{"floor":3,"key":"Strength Potion"},{"floor":5,"key":"Swift Potion"},{"floor":8,"key":"SpeedPotion"}],"is_trial":false,"path_per_floor":["M","M","M","M","M","E","R","M","T","E"],"character_chosen":"THE_SILENT","items_purchased":[],"campfire_rested":1,"item_purchase_floors":[],"current_hp_per_floor":[59,59,59,55,52,32,51,39,39,0],"gold":220,"neow_bonus":"THREE_ENEMY_KILL","is_prod":false,"is_daily":false,"chose_seed":false,"campfire_upgraded":0,"win_rate":0,"timestamp":1545619537,"path_taken":["M","M","?","M","M","E","R","M","T","E"],"build_version":"2018-12-20","purchased_purges":0,"victory":false,"max_hp_per_floor":[66,66,66,66,66,66,66,66,66,66],"card_choices":[{"not_picked":["Dagger Throw","Underhanded Strike"],"picked":"Flying Knee","floor":1},{"not_picked":["Cloak And Dagger","PiercingWail"],"picked":"Quick Slash","floor":2},{"not_picked":["Poisoned Stab","Bane","Blade Dance"],"picked":"SKIP","floor":3},{"not_picked":["Slice","PiercingWail","Outmaneuver"],"picked":"SKIP","floor":4},{"not_picked":["Deadly Poison","Dagger Spray"],"picked":"Skewer","floor":5},{"not_picked":["Flechettes","Riddle With Holes"],"picked":"Leg Sweep","floor":6},{"not_picked":["Bouncing Flask","Sucker Punch","Acrobatics"],"picked":"SKIP","floor":8}],"player_experience":951952,"relics_obtained":[{"floor":6,"key":"Letter Opener"},{"floor":9,"key":"Bronze Scales"}],"event_choices":[],"is_beta":false,"boss_relics":[],"items_purged_floors":[],"is_endless":false,"potions_floor_spawned":[3,5,8],"killed_by":"Gremlin Nob","ascension_level":14}