{"gold_per_floor":[13,30,47,62,74,74,107,120,120,120,134,162,180,180,180,252,252,269,269,269,369,6,6,40,58,82,82,82,96,129,146,146,146],"floor_reached":33,"playtime":2429,"items_purged":["Pain"],"score":648,"play_id":"394aec80-b432-47af-aaf2-79b48757eade","local_time":"20190504044801","is_ascension_mode":true,"campfire_choices":[{"data":"Neutralize","floor":6.0,"key":"SMITH"},{"data":"Dagger Spray","floor":10.0,"key":"SMITH"},{"data":"All Out Attack","floor":15.0,"key":"SMITH"},{"floor":23.0,"key":"REST"},{"floor":27,"key":"REST"},{"data":"Cloak And Dagger","floor":32,"key":"SMITH"}],"neow_cost":"NO_GOLD","seed_source_timestamp":842034253304475,"circlet_count":0,"master_deck":["AscendersBane","Defend_G","Defend_G","Defend_G","Defend_G","Strike_G","Strike_G","Strike_G","Strike_G","Survivor","Neutralize+1","Underhanded Strike","Dagger Spray+1","Cloak And Dagger+1","All Out Attack+1","Dagger Throw","Quick Slash","Leg Sweep","Well Laid Plans","Heel Hook","Crippling Poison","Unload","RitualDagger","Ghostly","Ghostly","Ghostly","Calculated Gamble","Endless Agony","Blade Dance"],"special_seed":0,"relics":["Ring of the Snake","Boot","Art of War","Darkstone Periapt","WarpedTongs","Philosopher\u0027s Stone","Du-Vu Doll","Singing Bowl","Shuriken","Regal Pillow","Orichalcum","Letter Opener","Bottled Tornado"],"potions_floor_usage":[33],"damage_taken":[{"damage":0.0,"enemies":"Cultist","floor":1.0,"turns":4.0},{"damage":14.0,"enemies":"Jaw Worm","floor":2.0,"turns":6.0},{"damage":0.0,"enemies":"2 Louse","floor":3.0,"turns":2.0},{"damage":0.0,"enemies":"2 Fungi Beasts","floor":4.0,"turns":4.0},{"damage":3.0,"enemies":"Looter","floor":5.0,"turns":3.0},{"damage":7.0,"enemies":"Lagavulin","floor":7.0,"turns":5.0},{"damage":2.0,"enemies":"Blue Slaver","floor":8.0,"turns":3.0},{"damage":2.0,"enemies":"Large Slime","floor":11.0,"turns":4.0},{"damage":7.0,"enemies":"3 Sentries","floor":12.0,"turns":6.0},{"damage":0.0,"enemies":"Red Slaver","floor":13.0,"turns":3.0},{"damage":10.0,"enemies":"Slime Boss","floor":16.0,"turns":7.0},{"damage":24.0,"enemies":"3 Byrds","floor":18.0,"turns":5.0},{"damage":6.0,"enemies":"Colosseum Slavers","floor":21.0,"turns":5.0},{"damage":27.0,"enemies":"Colosseum Nobs","floor":21.0,"turns":5.0},{"damage":5.0,"enemies":"Gremlin Leader","floor":24.0,"turns":6.0},{"damage":0,"enemies":"Chosen","floor":25,"turns":3},{"damage":0,"enemies":"Snake Plant","floor":29,"turns":4},{"damage":0,"enemies":"Book of Stabbing","floor":30,"turns":5},{"damage":0,"enemies":"Centurion and Healer","floor":31,"turns":4},{"damage":63,"enemies":"Champ","floor":33,"turns":8}],"seed_played":"6948156173627876116","potions_obtained":[{"floor":3.0,"key":"Regen Potion"},{"floor":4.0,"key":"SteroidPotion"},{"floor":8.0,"key":"Energy Potion"},{"floor":11.0,"key":"Strength Potion"},{"floor":13.0,"key":"Regen Potion"},{"floor":21.0,"key":"GamblersBrew"},{"floor":29,"key":"SpeedPotion"},{"floor":31,"key":"FearPotion"}],"is_trial":false,"path_per_floor":["M","M","M","M","M","R","E","M","T","R","M","E","M","?","R","B",null,"M","?","?","?","$","R","E","M","T","R","T","M","E","M","R","B"],"character_chosen":"THE_SILENT","items_purchased":["Shuriken"],"campfire_rested":2,"item_purchase_floors":[22],"current_hp_per_floor":[59,45,45,45,42,42,49,47,47,47,45,38,38,44,44,49,66,42,36,36,5,5,16,11,13,13,40,40,42,42,42,42,0],"gold":146,"neow_bonus":"REMOVE_TWO","is_prod":false,"is_daily":false,"chose_seed":false,"campfire_upgraded":4,"win_rate":0,"timestamp":1556959681,"path_taken":["M","M","?","M","M","R","E","M","T","R","M","E","M","?","R","BOSS","M","?","?","?","$","R","E","M","T","R","?","M","E","M","R","BOSS"],"build_version":"2019-01-23","purchased_purges":1,"victory":false,"max_hp_per_floor":[66,66,66,66,66,66,66,66,66,66,66,66,66,72,72,72,72,72,72,36,38,38,38,38,40,40,40,40,42,42,42,42,42],"card_choices":[{"not_picked":["Dodge and Roll","Infinite Blades"],"picked":"Underhanded Strike","floor":1.0},{"not_picked":["Tactician","Prepared"],"picked":"Dagger Spray","floor":2.0},{"not_picked":["Dodge and Roll","Deflect"],"picked":"Cloak And Dagger","floor":3.0},{"not_picked":["Dodge and Roll","Terror"],"picked":"All Out Attack","floor":4.0},{"not_picked":["Setup","Prepared"],"picked":"Dagger Throw","floor":5.0},{"not_picked":["Slice","Accuracy"],"picked":"Quick Slash","floor":7.0},{"not_picked":["Deflect","Bane"],"picked":"Leg Sweep","floor":8.0},{"not_picked":["Tactician","Choke"],"picked":"Well Laid Plans","floor":11.0},{"not_picked":["Setup","Caltrops"],"picked":"Heel Hook","floor":12.0},{"not_picked":["Well Laid Plans","Deflect"],"picked":"Crippling Poison","floor":13.0},{"not_picked":["A Thousand Cuts","Grand Finale"],"picked":"Unload","floor":16.0},{"not_picked":["Expertise+1","Deadly Poison","Endless Agony"],"picked":"SKIP","floor":18.0},{"not_picked":["Catalyst","Backflip","Dagger Throw"],"picked":"Singing Bowl","floor":21.0},{"not_picked":["Predator","After Image"],"picked":"Calculated Gamble","floor":24.0},{"not_picked":["PiercingWail","Blur","Well Laid Plans"],"picked":"Singing Bowl","floor":25},{"not_picked":["Underhanded Strike","Predator","Finisher"],"picked":"Singing Bowl","floor":29},{"not_picked":["Eviscerate","Flechettes"],"picked":"Endless Agony","floor":30},{"not_picked":["Prepared","Masterful Stab+1"],"picked":"Blade Dance","floor":31}],"player_experience":1391192,"relics_obtained":[{"floor":7.0,"key":"Boot"},{"floor":9.0,"key":"Art of War"},{"floor":12.0,"key":"Darkstone Periapt"},{"floor":21.0,"key":"Du-Vu Doll"},{"floor":21.0,"key":"Singing Bowl"},{"floor":24.0,"key":"Regal Pillow"},{"floor":26,"key":"Orichalcum"},{"floor":28,"key":"Letter Opener"},{"floor":30,"key":"Bottled Tornado"}],"event_choices":[{"damage_healed":0.0,"max_hp_gain":0.0,"max_hp_loss":0.0,"gold_gain":0.0,"event_name":"Accursed Blacksmith","player_choice":"Rummage","floor":14.0,"gold_loss":0.0,"damage_taken":0.0,"relics_obtained":["WarpedTongs"],"cards_obtained":["Pain"]},{"damage_healed":0.0,"max_hp_gain":0.0,"max_hp_loss":0.0,"gold_gain":0.0,"event_name":"Nest","player_choice":"Joined the Cult","floor":19.0,"gold_loss":0.0,"damage_taken":6.0,"cards_obtained":["RitualDagger"]},{"damage_healed":0.0,"max_hp_gain":0.0,"max_hp_loss":36.0,"gold_gain":0.0,"event_name":"Ghosts","player_choice":"Became a Ghost","floor":20.0,"gold_loss":0.0,"damage_taken":0.0,"cards_obtained":["Ghostly","Ghostly","Ghostly"]},{"damage_healed":0.0,"max_hp_gain":0.0,"max_hp_loss":0.0,"gold_gain":0.0,"event_name":"Colosseum","player_choice":"Fight","floor":21.0,"gold_loss":0.0,"damage_taken":0.0},{"damage_healed":0.0,"max_hp_gain":0.0,"max_hp_loss":0.0,"gold_gain":0.0,"event_name":"Colosseum","player_choice":"Fought Nobs","floor":21.0,"gold_loss":0.0,"damage_taken":0.0}],"is_beta":false,"boss_relics":[{"not_picked":["Runic Dome","Coffee Dripper"],"picked":"Philosopher\u0027s Stone"}],"items_purged_floors":[22],"is_endless":false,"potions_floor_spawned":[3,4,5,8,11,13,21,21,29,31],"killed_by":"Champ","ascension_level":20}