{"gold_per_floor":[109,109,126,136,136,167,180,198,273,29,43,43,43,62,62,163,163,191,214,426,438],"floor_reached":21,"playtime":753,"items_purged":[],"score":183,"play_id":"a6e87214-bb0d-43ad-8162-a2898666e7df","local_time":"20190329023736","is_ascension_mode":false,"campfire_choices":[{"floor":12,"key":"REST"},{"floor":15,"key":"RECALL"}],"neow_cost":"NONE","seed_source_timestamp":45366180842229,"circlet_count":0,"master_deck":["Strike_R","Strike_R","Strike_R","Strike_R","Strike_R","Defend_R","Defend_R","Defend_R","Defend_R","Bash","Perfected Strike","Second Wind","Shrug It Off","Heavy Blade","Wild Strike","Twin Strike","Perfected Strike","Rampage","Spot Weakness","Reaper","Injury","Writhe","Injury","Sentinel","True Grit"],"relics":["Burning Blood","NeowsBlessing","Regal Pillow","Bottled Flame","Tiny Chest","HandDrill","Calling Bell","MawBank","The Courier","Ginger"],"potions_floor_usage":[16,16,16,18,21],"damage_taken":[{"damage":0,"enemies":"2 Louse","floor":1,"turns":1},{"damage":0,"enemies":"Cultist","floor":3,"turns":1},{"damage":0,"enemies":"Small Slimes","floor":4,"turns":1},{"damage":38,"enemies":"Gremlin Nob","floor":6,"turns":5},{"damage":10,"enemies":"Blue Slaver","floor":7,"turns":4},{"damage":2,"enemies":"3 Louse","floor":8,"turns":3},{"damage":8,"enemies":"Red Slaver","floor":11,"turns":2},{"damage":16,"enemies":"Large Slime","floor":14,"turns":5},{"damage":67,"enemies":"The Guardian","floor":16,"turns":12},{"damage":35,"enemies":"3 Byrds","floor":18,"turns":7},{"damage":43,"enemies":"Spheric Guardian","floor":19,"turns":6},{"damage":18,"enemies":"Chosen and Byrds","floor":21,"turns":5}],"seed_played":"-3281314013042906836","potions_obtained":[{"floor":3,"key":"SteroidPotion"},{"floor":6,"key":"Strength Potion"},{"floor":7,"key":"Dexterity Potion"},{"floor":16,"key":"AttackPotion"},{"floor":19,"key":"Fire Potion"}],"is_trial":false,"path_per_floor":["M","?","M","M","?","E","M","M","T","$","M","R","T","M","R","B",null,"M","M","?","M"],"character_chosen":"IRONCLAD","items_purchased":["HandDrill","Perfected Strike"],"campfire_rested":1,"item_purchase_floors":[10,10],"current_hp_per_floor":[80,80,80,80,73,41,37,41,41,41,39,78,78,68,68,7,80,51,14,14,0],"gold":438,"neow_bonus":"THREE_ENEMY_KILL","is_prod":false,"is_daily":false,"chose_seed":false,"campfire_upgraded":0,"win_rate":0,"timestamp":1553791056,"path_taken":["M","?","?","M","?","E","M","M","T","$","M","R","?","M","R","BOSS","M","M","?","?"],"build_version":"2019-01-23","purchased_purges":0,"victory":false,"max_hp_per_floor":[80,80,80,80,80,80,80,80,80,80,80,80,80,80,80,80,80,80,80,80,80],"card_choices":[{"not_picked":["Havoc","Body Slam"],"picked":"Perfected Strike","floor":1},{"not_picked":["Rupture","Clothesline"],"picked":"Second Wind","floor":3},{"not_picked":["Corruption","Twin Strike"],"picked":"Shrug It Off","floor":4},{"not_picked":["Whirlwind","Warcry","Heavy Blade"],"picked":"SKIP","floor":6},{"not_picked":["Whirlwind","Warcry"],"picked":"Heavy Blade","floor":6},{"not_picked":["Cleave","Thunderclap"],"picked":"Wild Strike","floor":7},{"not_picked":["Anger","Clash"],"picked":"Twin Strike","floor":8},{"not_picked":["Fiend Fire","Cleave"],"picked":"Rampage","floor":11},{"not_picked":["Pummel","Seeing Red"],"picked":"Spot Weakness","floor":14},{"not_picked":["Fiend Fire","Exhume"],"picked":"Reaper","floor":16},{"not_picked":["Clash+1","Ghostly Armor"],"picked":"Sentinel","floor":18},{"not_picked":["Clash","Cleave"],"picked":"True Grit","floor":19}],"player_experience":269646,"relics_obtained":[{"floor":6,"key":"Bottled Flame"},{"floor":9,"key":"Tiny Chest"},{"floor":17,"key":"MawBank"},{"floor":17,"key":"The Courier"},{"floor":17,"key":"Ginger"}],"event_choices":[{"damage_healed":0,"gold_gain":0,"player_choice":"Bought 0 Potions","damage_taken":0,"max_hp_gain":0,"max_hp_loss":0,"event_name":"The Woman in Blue","floor":2,"gold_loss":0},{"damage_healed":0,"gold_gain":0,"player_choice":"Success","damage_taken":7,"relics_obtained":["Regal Pillow"],"max_hp_gain":0,"max_hp_loss":0,"event_name":"Scrap Ooze","floor":5,"gold_loss":0},{"damage_healed":0,"gold_gain":200,"player_choice":"Gold","damage_taken":0,"max_hp_gain":0,"max_hp_loss":0,"event_name":"Wheel of Change","floor":20,"gold_loss":0}],"is_beta":false,"boss_relics":[{"not_picked":["Black Star","Sozu"],"picked":"Calling Bell"}],"items_purged_floors":[],"is_endless":false,"potions_floor_spawned":[3,6,7,16,19],"killed_by":"Chosen and Byrds","ascension_level":0}