{"gold_per_floor":[115,115,125,44,56,84,84,110,110,110],"floor_reached":10,"playtime":412,"items_purged":[],"score":125,"play_id":"ea2b20ad-fda8-4cea-a824-b2c6de8bf236","local_time":"20181215185738","is_ascension_mode":true,"campfire_choices":[{"floor":7,"key":"REST"}],"neow_cost":"NONE","seed_source_timestamp":171129876999153,"circlet_count":0,"master_deck":["AscendersBane","Defend_G","Defend_G","Defend_G","Defend_G","Defend_G","Strike_G","Strike_G","Strike_G+1","Strike_G+1","Strike_G","Survivor+1","Neutralize","Backflip+1","Deadly Poison","Poisoned Stab","Underhanded Strike","PiercingWail","Dash"],"relics":["Ring of the Snake","Dream Catcher","Whetstone","Incense Burner"],"potions_floor_usage":[6],"damage_taken":[{"damage":3,"enemies":"Small Slimes","floor":1,"turns":4},{"damage":0,"enemies":"Cultist","floor":3,"turns":4},{"damage":3,"enemies":"2 Louse","floor":5,"turns":3},{"damage":15,"enemies":"3 Sentries","floor":6,"turns":10},{"damage":29,"enemies":"Lagavulin","floor":8,"turns":7},{"damage":20,"enemies":"3 Sentries","floor":10,"turns":4}],"seed_played":"-3212100651274926595","potions_obtained":[{"floor":3,"key":"SteroidPotion"}],"is_trial":false,"path_per_floor":["M","?","M","$","M","E","R","E","T","E"],"character_chosen":"THE_SILENT","items_purchased":["Poisoned Stab","Underhanded Strike"],"campfire_rested":1,"item_purchase_floors":[4,4],"current_hp_per_floor":[60,46,46,46,43,28,49,20,20,0],"gold":110,"neow_bonus":"RANDOM_COMMON_RELIC","is_prod":false,"is_daily":false,"chose_seed":false,"campfire_upgraded":0,"win_rate":0,"timestamp":1544918258,"path_taken":["M","?","M","$","M","E","R","E","T","E"],"build_version":"2018-12-13","purchased_purges":0,"victory":false,"max_hp_per_floor":[70,70,70,70,70,70,70,70,70,70],"card_choices":[{"not_picked":["Bane","Outmaneuver"],"picked":"Backflip","floor":1},{"not_picked":["Accuracy","Bane"],"picked":"Deadly Poison","floor":3},{"not_picked":["Well Laid Plans","Accuracy"],"picked":"PiercingWail","floor":5},{"not_picked":["Setup","Storm of Steel","Tools of the Trade"],"picked":"SKIP","floor":6},{"not_picked":["Setup","Blur"],"picked":"Dash","floor":7},{"not_picked":["Outmaneuver","Dodge and Roll","Grand Finale"],"picked":"SKIP","floor":8}],"player_experience":876678,"relics_obtained":[{"floor":6,"key":"Whetstone"},{"floor":8,"key":"Incense Burner"}],"event_choices":[{"damage_healed":0,"gold_gain":0,"player_choice":"Entered Light","damage_taken":14,"max_hp_gain":0,"max_hp_loss":0,"event_name":"Shining Light","floor":2,"gold_loss":0,"cards_upgraded":["Backflip","Survivor"]}],"is_beta":false,"boss_relics":[],"items_purged_floors":[],"is_endless":false,"potions_floor_spawned":[3],"killed_by":"3 Sentries","ascension_level":13}