{"gold_per_floor":[115,32,47,47,47,81,106,118,210,33,67,85,85,85,85,187,187,198,208,208,208,224,254,269,19,72,72,103,103,118,136,136,236,236,250,261,261,1,15,15,45,45,45,60,80,113,213,224,224,224],"floor_reached":50,"playtime":3355,"items_purged":[],"score":717,"play_id":"2dd403b8-c4af-4f8d-8352-78c6875cfe76","local_time":"20190425091045","is_ascension_mode":true,"campfire_choices":[{"data":"Redo","floor":8,"key":"SMITH"},{"floor":13,"key":"REST"},{"data":"Double Energy","floor":15,"key":"SMITH"},{"floor":27,"key":"REST"},{"data":"Defragment","floor":29,"key":"SMITH"},{"floor":32,"key":"REST"},{"floor":40,"key":"REST"},{"floor":42,"key":"REST"},{"floor":49,"key":"REST"}],"neow_cost":"NONE","seed_source_timestamp":22176354270521,"circlet_count":0,"master_deck":["Defend_B","Defend_B+1","Defend_B","Zap+1","Dualcast","Redo+1","Hello World","Go for the Eyes","Rebound+1","Meteor Strike","Consume","Ball Lightning","Turbo","Genetic Algorithm","Double Energy+1","Machine Learning","Self Repair+1","White Noise+1","Reboot+1","Cold Snap","Steam Power+1","Heatsinks","Compile Driver","Recycle","BootSequence","Defragment+1","Go for the Eyes","Hologram","Seek","Undo+1","FTL+1","Double Energy","Darkness","Auto Shields+1","Coolheaded"],"relics":["Cracked Core","NeowsBlessing","MawBank","Kunai","DataDisk","Blood Vial","Astrolabe","Oddly Smooth Stone","War Paint","Cables","Potion Belt","Pear","Nuclear Battery","Strange Spoon","Turnip","Meat on the Bone","Letter Opener","Ginger"],"potions_floor_usage":[12,23,33,33,39,44,46,46,46,50],"damage_taken":[{"damage":0,"enemies":"Cultist","floor":1,"turns":1},{"damage":0,"enemies":"Jaw Worm","floor":3,"turns":1},{"damage":0,"enemies":"3 Sentries","floor":6,"turns":1},{"damage":0,"enemies":"2 Louse","floor":7,"turns":1},{"damage":24,"enemies":"Lagavulin","floor":11,"turns":5},{"damage":25,"enemies":"Exordium Thugs","floor":12,"turns":4},{"damage":16,"enemies":"Slime Boss","floor":16,"turns":8},{"damage":0,"enemies":"Spheric Guardian","floor":18,"turns":3},{"damage":28,"enemies":"Shell Parasite","floor":19,"turns":5},{"damage":8,"enemies":"Snake Plant","floor":22,"turns":3},{"damage":44,"enemies":"Slavers","floor":23,"turns":5},{"damage":18,"enemies":"Snecko","floor":24,"turns":4},{"damage":24,"enemies":"Book of Stabbing","floor":28,"turns":5},{"damage":8,"enemies":"Cultist and Chosen","floor":30,"turns":6},{"damage":31,"enemies":"Snake Plant","floor":31,"turns":4},{"damage":37,"enemies":"Collector","floor":33,"turns":9},{"damage":35,"enemies":"3 Darklings","floor":35,"turns":6},{"damage":1,"enemies":"Orb Walker","floor":36,"turns":4},{"damage":43,"enemies":"Transient","floor":39,"turns":5},{"damage":61,"enemies":"Nemesis","floor":41,"turns":8},{"damage":0,"enemies":"3 Darklings","floor":44,"turns":4},{"damage":34,"enemies":"Sphere and 2 Shapes","floor":45,"turns":6},{"damage":40,"enemies":"Reptomancer","floor":46,"turns":10},{"damage":0,"enemies":"Mind Bloom Boss Battle","floor":47,"turns":7},{"damage":28,"enemies":"Jaw Worm Horde","floor":48,"turns":4},{"damage":86,"enemies":"Awakened One","floor":50,"turns":16}],"seed_played":"8148719148124148970","potions_obtained":[{"floor":6,"key":"Ancient Potion"},{"floor":11,"key":"Strength Potion"},{"floor":12,"key":"FearPotion"},{"floor":16,"key":"GamblersBrew"},{"floor":18,"key":"Fire Potion"},{"floor":30,"key":"Poison Potion"},{"floor":31,"key":"SmokeBomb"},{"floor":39,"key":"Dexterity Potion"},{"floor":41,"key":"Ancient Potion"},{"floor":45,"key":"Ancient Potion"},{"floor":48,"key":"Strength Potion"}],"is_trial":false,"path_per_floor":["M","$","M","?","?","E","M","R","T","$","E","M","R","?","R","B",null,"M","M","?","?","M","E","M","$","T","R","E","R","M","M","R","B",null,"M","M","?","$","M","R","E","R","T","M","M","E","?","M","R","B"],"character_chosen":"DEFECT","items_purchased":["Hello World","Go for the Eyes","DataDisk","Turbo","Cables","Strange Spoon","Fire Potion"],"campfire_rested":6,"item_purchase_floors":[2,2,10,10,25,38,38],"current_hp_per_floor":[75,75,75,60,60,60,60,60,60,60,36,13,35,60,60,46,75,75,57,57,57,61,29,23,23,23,45,43,43,47,28,53,28,85,60,71,71,71,40,65,16,41,41,53,43,27,51,47,72,0],"gold":224,"neow_bonus":"THREE_ENEMY_KILL","is_prod":false,"is_daily":false,"chose_seed":false,"campfire_upgraded":3,"win_rate":0,"timestamp":1556147445,"path_taken":["M","$","?","?","?","E","?","R","T","$","E","M","R","?","R","BOSS","M","M","?","?","M","E","?","$","T","R","E","R","M","M","R","BOSS","M","M","?","$","M","R","E","R","T","M","M","E","?","M","R","BOSS"],"build_version":"2019-01-23","purchased_purges":0,"victory":false,"max_hp_per_floor":[75,75,75,75,75,75,75,75,75,75,75,75,75,75,75,75,75,75,75,75,75,75,75,75,75,75,75,85,85,85,85,85,85,85,85,85,85,85,85,85,85,85,85,85,85,85,85,85,85,85],"card_choices":[{"not_picked":["Barrage","Steam"],"picked":"Redo","floor":1},{"not_picked":["Turbo","Redo"],"picked":"Rebound","floor":3},{"not_picked":["Beam Cell","Buffer"],"picked":"Consume","floor":6},{"not_picked":["Scrape","Compile Driver"],"picked":"Ball Lightning","floor":7},{"not_picked":["Hologram","Reinforced Body"],"picked":"Genetic Algorithm","floor":11},{"not_picked":["Rebound","Reprogram"],"picked":"Double Energy","floor":12},{"not_picked":["Seek","Buffer"],"picked":"Machine Learning","floor":16},{"not_picked":["Consume","Coolheaded+1"],"picked":"Cold Snap","floor":18},{"not_picked":["Cold Snap","Beam Cell"],"picked":"Steam Power+1","floor":19},{"not_picked":["Streamline","Reinforced Body+1"],"picked":"Compile Driver","floor":22},{"not_picked":["Rebound+1","Auto Shields"],"picked":"Recycle","floor":23},{"not_picked":["Stack+1","Barrage+1"],"picked":"BootSequence","floor":24},{"not_picked":["Consume","Conserve Battery"],"picked":"Defragment","floor":28},{"not_picked":["Beam Cell+1","Turbo"],"picked":"Go for the Eyes","floor":30},{"not_picked":["Redo","Barrage"],"picked":"Hologram","floor":31},{"not_picked":["Rainbow","Fission"],"picked":"Seek","floor":33},{"not_picked":["Turbo","Sunder"],"picked":"Undo+1","floor":35},{"not_picked":["Compile Driver","Blizzard","Redo"],"picked":"SKIP","floor":36},{"not_picked":["Hello World+1","Streamline"],"picked":"FTL+1","floor":39},{"not_picked":["Beam Cell+1","Streamline+1"],"picked":"Double Energy","floor":41},{"not_picked":["Redo","Steam","Streamline+1"],"picked":"SKIP","floor":44},{"not_picked":["Redo+1","Hologram+1"],"picked":"Darkness","floor":45},{"not_picked":["Ball Lightning","Amplify"],"picked":"Auto Shields+1","floor":46},{"not_picked":["Sunder+1","Sweeping Beam+1"],"picked":"Coolheaded","floor":47},{"not_picked":["Go for the Eyes","Rebound","Conserve Battery"],"picked":"SKIP","floor":48}],"player_experience":472046,"relics_obtained":[{"floor":6,"key":"MawBank"},{"floor":9,"key":"Kunai"},{"floor":11,"key":"Blood Vial"},{"floor":23,"key":"War Paint"},{"floor":26,"key":"Potion Belt"},{"floor":28,"key":"Pear"},{"floor":41,"key":"Turnip"},{"floor":43,"key":"Meat on the Bone"},{"floor":46,"key":"Letter Opener"},{"floor":47,"key":"Ginger"}],"event_choices":[{"damage_healed":0,"gold_gain":0,"player_choice":"Entered Light","damage_taken":15,"max_hp_gain":0,"max_hp_loss":0,"event_name":"Shining Light","floor":4,"gold_loss":0,"cards_upgraded":["Strike_B","Rebound"]},{"damage_healed":0,"gold_gain":0,"cards_transformed":["Strike_B"],"player_choice":"Transformed","damage_taken":0,"max_hp_gain":0,"max_hp_loss":0,"event_name":"Transmorgrifier","floor":5,"gold_loss":0,"cards_obtained":["Meteor Strike"]},{"damage_healed":25,"gold_gain":0,"player_choice":"Banana","damage_taken":0,"max_hp_gain":0,"max_hp_loss":0,"event_name":"Big Fish","floor":14,"gold_loss":0},{"damage_healed":0,"gold_gain":0,"player_choice":"Opened","damage_taken":0,"relics_obtained":["Oddly Smooth Stone"],"max_hp_gain":0,"max_hp_loss":0,"event_name":"The Mausoleum","floor":20,"gold_loss":0},{"damage_healed":0,"gold_gain":0,"cards_transformed":["Defend_B"],"player_choice":"Transformed","damage_taken":0,"max_hp_gain":0,"max_hp_loss":0,"event_name":"Transmorgrifier","floor":21,"gold_loss":0,"cards_obtained":["Heatsinks"]},{"damage_healed":0,"gold_gain":0,"player_choice":"Ignored","damage_taken":0,"max_hp_gain":0,"max_hp_loss":0,"event_name":"Tomb of Lord Red Mask","floor":37,"gold_loss":0},{"damage_healed":0,"gold_gain":0,"player_choice":"Fight","damage_taken":0,"max_hp_gain":0,"max_hp_loss":0,"event_name":"MindBloom","floor":47,"gold_loss":0}],"is_beta":false,"boss_relics":[{"not_picked":["Empty Cage","Black Star"],"picked":"Astrolabe"},{"not_picked":["Tiny House","Inserter"],"picked":"Nuclear Battery"}],"items_purged_floors":[],"is_endless":false,"potions_floor_spawned":[6,11,12,16,18,19,30,31,39,41,45,48],"killed_by":"Awakened One","ascension_level":3}