{"gold_per_floor":[111,124,139,155,53,53,84,159,159,159,159,191,203,214,214,214],"floor_reached":16,"playtime":1098,"items_purged":[],"score":190,"play_id":"b23e8ee6-dfb4-4e1e-8c43-48599c457a92","local_time":"20181221124051","is_ascension_mode":true,"campfire_choices":[{"data":"All Out Attack","floor":6.0,"key":"SMITH"},{"floor":11.0,"key":"REST"},{"data":"Footwork","floor":15,"key":"SMITH"}],"neow_cost":"NONE","seed_source_timestamp":40420825960694,"circlet_count":0,"master_deck":["AscendersBane","Defend_G","Defend_G","Defend_G","Defend_G","Defend_G","Strike_G","Strike_G","Strike_G","Strike_G","Strike_G","Survivor","Neutralize","Dodge and Roll","All Out Attack+1","Leg Sweep","Riddle With Holes","Quick Slash","Underhanded Strike","Flying Knee","Footwork+1","PiercingWail"],"special_seed":0,"relics":["Black Star","Question Card","Mango","Thread and Needle","The Specimen","Nunchaku"],"potions_floor_usage":[12],"damage_taken":[{"damage":0.0,"enemies":"2 Louse","floor":1.0,"turns":4.0},{"damage":1.0,"enemies":"Jaw Worm","floor":2.0,"turns":7.0},{"damage":0.0,"enemies":"Small Slimes","floor":3.0,"turns":3.0},{"damage":0.0,"enemies":"3 Louse","floor":4.0,"turns":4.0},{"damage":34.0,"enemies":"Gremlin Nob","floor":7.0,"turns":6.0},{"damage":4,"enemies":"3 Sentries","floor":12,"turns":7},{"damage":0,"enemies":"Blue Slaver","floor":13,"turns":4},{"damage":6,"enemies":"Exordium Thugs","floor":14,"turns":4},{"damage":42,"enemies":"Slime Boss","floor":16,"turns":10}],"seed_played":"-5182287428512972530","potions_obtained":[{"floor":1.0,"key":"Swift Potion"},{"floor":2.0,"key":"SpeedPotion"},{"floor":7.0,"key":"Fire Potion"}],"is_trial":false,"path_per_floor":["M","M","M","M","$","R","E","?","T","?","R","E","M","M","R","B"],"character_chosen":"THE_SILENT","items_purchased":["PowerPotion","Quick Slash"],"campfire_rested":1,"item_purchase_floors":[5,5],"current_hp_per_floor":[59,58,58,58,58,58,38,27,27,27,51,47,47,41,41,0],"gold":214,"neow_bonus":"BOSS_RELIC","is_prod":false,"is_daily":false,"chose_seed":false,"campfire_upgraded":2,"win_rate":0,"timestamp":1545414051,"path_taken":["M","M","M","M","$","R","E","?","T","?","R","E","M","M","R","BOSS"],"build_version":"2018-12-20","purchased_purges":0,"victory":false,"max_hp_per_floor":[66,66,66,66,66,66,80,80,80,80,80,80,80,80,80,80],"card_choices":[{"not_picked":["Concentrate","Slice"],"picked":"Dodge and Roll","floor":1.0},{"not_picked":["Blade Dance","Deadly Poison"],"picked":"All Out Attack","floor":2.0},{"not_picked":["Deflect","Escape Plan"],"picked":"Leg Sweep","floor":3.0},{"not_picked":["Outmaneuver","Setup"],"picked":"Riddle With Holes","floor":4.0},{"not_picked":["Riddle With Holes","Slice"],"picked":"Underhanded Strike","floor":7.0},{"not_picked":["Phantasmal Killer","All Out Attack","Well Laid Plans"],"picked":"Flying Knee","floor":12},{"not_picked":["Dagger Spray","Predator","Slice"],"picked":"Footwork","floor":13},{"not_picked":["Quick Slash","Accuracy","Riddle With Holes"],"picked":"PiercingWail","floor":14}],"player_experience":937425,"relics_obtained":[{"floor":7.0,"key":"Question Card"},{"floor":7.0,"key":"Mango"},{"floor":9.0,"key":"Thread and Needle"},{"floor":12,"key":"The Specimen"},{"floor":12,"key":"Nunchaku"}],"event_choices":[{"damage_healed":0.0,"max_hp_gain":0.0,"max_hp_loss":0.0,"gold_gain":75.0,"event_name":"World of Goop","player_choice":"Gather Gold","floor":8.0,"gold_loss":0.0,"damage_taken":11.0},{"damage_healed":0.0,"max_hp_gain":0.0,"max_hp_loss":0.0,"gold_gain":0.0,"event_name":"Shining Light","player_choice":"Ignored","floor":10.0,"gold_loss":0.0,"damage_taken":0.0}],"is_beta":false,"boss_relics":[],"items_purged_floors":[],"is_endless":false,"potions_floor_spawned":[1,2,7],"killed_by":"Slime Boss","ascension_level":14}