{"gold_per_floor":[212,228,240,43,61,94,94,105,131,151,186,198,211,246,246,246],"floor_reached":16,"playtime":919,"items_purged":[],"score":252,"play_id":"34e8b949-4f38-4923-82f5-97118c340461","local_time":"20190806012037","is_ascension_mode":true,"campfire_choices":[{"floor":7,"key":"REST"},{"data":"Redo","floor":15,"key":"SMITH"}],"neow_cost":"NONE","seed_source_timestamp":812934358445596,"circlet_count":0,"master_deck":["AscendersBane","Strike_B","Strike_B","Strike_B","Strike_B","Defend_B","Defend_B","Defend_B","Defend_B","Zap","Dualcast","Tempest","Redo+1","Cold Snap","Doom and Gloom","Beam Cell","Ball Lightning","Loop","Sweeping Beam","Chill","Barrage","Stack"],"relics":["Cracked Core","Pen Nib","Vajra","Ancient Tea Set","Strawberry","Regal Pillow"],"potions_floor_usage":[6,11,12,14,16],"damage_taken":[{"damage":2,"enemies":"Jaw Worm","floor":1,"turns":4},{"damage":1,"enemies":"Cultist","floor":2,"turns":4},{"damage":0,"enemies":"Small Slimes","floor":3,"turns":2},{"damage":11,"enemies":"Exordium Wildlife","floor":5,"turns":4},{"damage":18,"enemies":"3 Sentries","floor":6,"turns":8},{"damage":9,"enemies":"Red Slaver","floor":8,"turns":2},{"damage":6,"enemies":"Blue Slaver","floor":10,"turns":3},{"damage":20,"enemies":"Lagavulin","floor":11,"turns":6},{"damage":0,"enemies":"Gremlin Gang","floor":12,"turns":3},{"damage":0,"enemies":"Large Slime","floor":13,"turns":3},{"damage":6,"enemies":"Gremlin Nob","floor":14,"turns":3},{"damage":19,"enemies":"Hexaghost","floor":16,"turns":7}],"seed_played":"-7413156365542586743","potions_obtained":[{"floor":1,"key":"Dexterity Potion"},{"floor":5,"key":"SteroidPotion"},{"floor":6,"key":"Poison Potion"},{"floor":10,"key":"PowerPotion"},{"floor":11,"key":"Fire Potion"},{"floor":14,"key":"FearPotion"}],"is_trial":false,"path_per_floor":["M","M","M","$","M","E","R","M","T","M","E","M","M","E","R","B"],"character_chosen":"DEFECT","items_purchased":["Doom and Gloom","Pen Nib"],"campfire_rested":1,"item_purchase_floors":[4,4],"current_hp_per_floor":[62,61,61,61,50,32,53,44,44,38,25,25,25,19,19,0],"gold":246,"neow_bonus":"HUNDRED_GOLD","is_prod":false,"is_daily":false,"chose_seed":false,"campfire_upgraded":1,"win_rate":0,"timestamp":1565068837,"path_taken":["M","M","M","$","M","E","R","M","T","M","E","M","M","E","R","BOSS"],"build_version":"2019-07-17","purchased_purges":0,"victory":false,"max_hp_per_floor":[71,71,71,71,71,71,71,71,71,71,78,78,78,78,78,78],"card_choices":[{"not_picked":["Gash","Hologram"],"picked":"Tempest","floor":1},{"not_picked":["Turbo","Gash"],"picked":"Redo","floor":2},{"not_picked":["Blizzard","Biased Cognition"],"picked":"Cold Snap","floor":3},{"not_picked":["Darkness","Reinforced Body"],"picked":"Beam Cell","floor":5},{"not_picked":["Hologram","White Noise"],"picked":"Ball Lightning","floor":6},{"not_picked":["Coolheaded","Steam"],"picked":"Loop","floor":8},{"not_picked":["Redo","Static Discharge","Hologram"],"picked":"SKIP","floor":10},{"not_picked":["Capacitor","Ball Lightning"],"picked":"Sweeping Beam","floor":11},{"not_picked":["Steam","Go for the Eyes"],"picked":"Chill","floor":12},{"not_picked":["Cold Snap","Hologram"],"picked":"Barrage","floor":13},{"not_picked":["Biased Cognition","Lockon"],"picked":"Stack","floor":14}],"player_experience":1716696,"relics_obtained":[{"floor":6,"key":"Vajra"},{"floor":9,"key":"Ancient Tea Set"},{"floor":11,"key":"Strawberry"},{"floor":14,"key":"Regal Pillow"}],"event_choices":[],"is_beta":false,"boss_relics":[],"items_purged_floors":[],"is_endless":false,"potions_floor_spawned":[1,5,6,10,11,14],"killed_by":"Hexaghost","ascension_level":20}