{"gold_per_floor":[14,34,34,48,48,48,76,76,130,191,208,233,249,264,264,368,368,381,401,51,64,64],"floor_reached":22,"playtime":641,"items_purged":["Defend_R"],"score":188,"play_id":"834f2e6e-cffd-4d7b-9712-fe73a8bb9045","local_time":"20190328223905","is_ascension_mode":false,"campfire_choices":[{"data":"1","floor":6,"key":"LIFT"},{"data":"2","floor":8,"key":"LIFT"},{"floor":15,"key":"REST"}],"neow_cost":"NO_GOLD","seed_source_timestamp":31166387530911,"circlet_count":0,"master_deck":["Strike_R","Strike_R","Strike_R","Strike_R","Defend_R","Defend_R","Defend_R","Bash","Cleave","Infernal Blade","Armaments","Seeing Red","Cleave","Body Slam","Shrug It Off","Inflame","Wild Strike","Twin Strike","Double Tap","Shrug It Off","Body Slam+1","Perfected Strike","Entrench","Flame Barrier"],"relics":["Burning Blood","Girya","Boot","Pen Nib","Dream Catcher","Odd Mushroom","Black Star","Vajra"],"potions_floor_usage":[4,12,16,16,21],"damage_taken":[{"damage":8,"enemies":"Jaw Worm","floor":1,"turns":5},{"damage":0,"enemies":"Small Slimes","floor":2,"turns":3},{"damage":0,"enemies":"2 Louse","floor":4,"turns":1},{"damage":36,"enemies":"Gremlin Nob","floor":7,"turns":5},{"damage":16,"enemies":"Gremlin Nob","floor":10,"turns":3},{"damage":12,"enemies":"Exordium Thugs","floor":11,"turns":2},{"damage":2,"enemies":"The Mushroom Lair","floor":12,"turns":3},{"damage":4,"enemies":"Blue Slaver","floor":13,"turns":2},{"damage":0,"enemies":"2 Fungi Beasts","floor":14,"turns":2},{"damage":42,"enemies":"The Guardian","floor":16,"turns":7},{"damage":30,"enemies":"2 Thieves","floor":18,"turns":3},{"damage":15,"enemies":"Spheric Guardian","floor":19,"turns":5},{"damage":30,"enemies":"Snake Plant","floor":21,"turns":5},{"damage":26,"enemies":"Centurion and Healer","floor":22,"turns":3}],"seed_played":"-3860509969843076794","potions_obtained":[{"floor":1,"key":"LiquidBronze"},{"floor":2,"key":"AttackPotion"},{"floor":7,"key":"AttackPotion"},{"floor":10,"key":"Energy Potion"},{"floor":19,"key":"PowerPotion"}],"is_trial":false,"path_per_floor":["M","M","?","M","?","R","E","R","T","?","M","?","M","M","R","B",null,"M","M","$","M","M"],"character_chosen":"IRONCLAD","items_purchased":["Vajra","Perfected Strike","Entrench"],"campfire_rested":1,"item_purchase_floors":[20,20,20],"current_hp_per_floor":[78,80,73,79,79,79,49,49,49,39,33,37,39,45,69,33,80,56,47,47,23,0],"gold":64,"neow_bonus":"ONE_RARE_RELIC","is_prod":false,"is_daily":false,"chose_seed":false,"campfire_upgraded":0,"win_rate":0,"timestamp":1553776745,"path_taken":["M","M","?","M","?","R","E","R","T","?","M","?","M","M","R","BOSS","M","M","$","M","M"],"build_version":"2019-01-23","purchased_purges":1,"victory":false,"max_hp_per_floor":[80,80,80,80,80,80,80,80,80,80,80,80,80,80,80,80,80,80,80,80,80,80],"card_choices":[{"not_picked":["Searing Blow","Inflame"],"picked":"Cleave","floor":1},{"not_picked":["Combust","Fire Breathing"],"picked":"Infernal Blade","floor":2},{"not_picked":["True Grit","Pommel Strike"],"picked":"Armaments","floor":4},{"not_picked":["Headbutt","Fire Breathing"],"picked":"Seeing Red","floor":7},{"not_picked":["True Grit","Seeing Red"],"picked":"Cleave","floor":10},{"not_picked":["Seeing Red","Cleave"],"picked":"Body Slam","floor":11},{"not_picked":["Warcry","Fire Breathing"],"picked":"Shrug It Off","floor":12},{"not_picked":["Heavy Blade","Sever Soul"],"picked":"Inflame","floor":13},{"not_picked":["Searing Blow","Demon Form"],"picked":"Wild Strike","floor":14},{"not_picked":["Armaments","Dropkick"],"picked":"Twin Strike","floor":15},{"not_picked":["Demon Form","Offering"],"picked":"Double Tap","floor":16},{"not_picked":["Wild Strike","Armaments"],"picked":"Shrug It Off","floor":18},{"not_picked":["Headbutt","Inflame+1"],"picked":"Body Slam+1","floor":19},{"not_picked":["Bloodletting","Warcry"],"picked":"Flame Barrier","floor":21}],"player_experience":255591,"relics_obtained":[{"floor":7,"key":"Boot"},{"floor":9,"key":"Pen Nib"},{"floor":10,"key":"Dream Catcher"},{"floor":12,"key":"Odd Mushroom"}],"event_choices":[{"cards_removed":["Strike_R"],"damage_healed":0,"gold_gain":0,"player_choice":"Card Removal","damage_taken":7,"max_hp_gain":0,"max_hp_loss":0,"event_name":"Golden Wing","floor":3,"gold_loss":0},{"damage_healed":0,"gold_gain":0,"player_choice":"Leave","damage_taken":0,"max_hp_gain":0,"max_hp_loss":0,"event_name":"The Cleric","floor":5,"gold_loss":0},{"damage_healed":0,"gold_gain":0,"player_choice":"Searched \u00272\u0027 times","damage_taken":0,"max_hp_gain":0,"max_hp_loss":0,"event_name":"Dead Adventurer","floor":10,"gold_loss":0},{"damage_healed":0,"gold_gain":0,"player_choice":"Fought Mushrooms","damage_taken":0,"max_hp_gain":0,"max_hp_loss":0,"event_name":"Mushrooms","floor":12,"gold_loss":0}],"is_beta":false,"boss_relics":[{"not_picked":["Philosopher\u0027s Stone","Coffee Dripper"],"picked":"Black Star"}],"items_purged_floors":[20],"is_endless":false,"potions_floor_spawned":[1,2,7,10,19],"killed_by":"Centurion and Healer","ascension_level":0}