{"gold_per_floor":[117,192,2,17,17,47,47,76,145,145,157,182,202,202,202,307,307,317,317,129,54,54,84,84,84,84,117,117,127,227,127,127,227,227,240,240,258,258,54,54,64,93,93,93,103,117,117,117,117,117],"floor_reached":51,"playtime":2567,"items_purged":["Strike_B","Strike_B","Defend_B"],"score":1225,"play_id":"37619eb8-3cbf-4c21-aa82-ff325455f547","local_time":"20190723160750","is_ascension_mode":true,"campfire_choices":[{"data":"Zap","floor":7.0,"key":"SMITH"},{"data":"Dualcast","floor":10.0,"key":"SMITH"},{"data":"Barrage","floor":15.0,"key":"SMITH"},{"data":"Fission","floor":24.0,"key":"SMITH"},{"data":"Capacitor","floor":28.0,"key":"SMITH"},{"floor":32.0,"key":"REST"},{"data":"Loop","floor":40,"key":"SMITH"},{"data":"Machine Learning","floor":44,"key":"SMITH"},{"data":"Go for the Eyes","floor":47,"key":"SMITH"},{"data":"Defend_B","floor":49,"key":"SMITH"}],"neow_cost":"NONE","seed_source_timestamp":53972442612000,"circlet_count":0,"master_deck":["Defend_B+1","Defend_B+1","Defend_B+1","Zap+1","Dualcast+1","Go for the Eyes+1","Barrage+1","Fission+1","Glacier+1","Capacitor+1","Reboot+1","Defragment+1","Hologram+1","Machine Learning+1","Finesse+1","Loop+1"],"special_seed":0,"relics":["FrozenCore","NeowsBlessing","ClockworkSouvenir","War Paint","DataDisk","Pantograph","PreservedInsect","Velvet Choker","Toxic Egg 2","Letter Opener","Symbiotic Virus","Lantern","Gambling Chip","Question Card","Bottled Flame","Mercury Hourglass","Dream Catcher"],"potions_floor_usage":[50,50],"damage_taken":[{"damage":0.0,"enemies":"Jaw Worm","floor":1.0,"turns":1.0},{"damage":0.0,"enemies":"Small Slimes","floor":4.0,"turns":1.0},{"damage":0.0,"enemies":"Lagavulin","floor":6.0,"turns":1.0},{"damage":21.0,"enemies":"3 Sentries","floor":8.0,"turns":5.0},{"damage":0.0,"enemies":"Cultist","floor":11.0,"turns":3.0},{"damage":6.0,"enemies":"Gremlin Nob","floor":12.0,"turns":3.0},{"damage":0.0,"enemies":"Exordium Wildlife","floor":13.0,"turns":2.0},{"damage":26.0,"enemies":"Slime Boss","floor":16.0,"turns":10.0},{"damage":24.0,"enemies":"Spheric Guardian","floor":18.0,"turns":7.0},{"damage":21.0,"enemies":"Slavers","floor":23.0,"turns":11.0},{"damage":0.0,"enemies":"Gremlin Leader","floor":27.0,"turns":7.0},{"damage":5.0,"enemies":"2 Thieves","floor":29.0,"turns":3.0},{"damage":10.0,"enemies":"Colosseum Slavers","floor":30.0,"turns":2.0},{"damage":5.0,"enemies":"Colosseum Nobs","floor":30.0,"turns":5.0},{"damage":8.0,"enemies":"Collector","floor":33.0,"turns":7.0},{"damage":0,"enemies":"3 Shapes","floor":35,"turns":4},{"damage":0,"enemies":"3 Darklings","floor":37,"turns":6},{"damage":2,"enemies":"Spire Growth","floor":41,"turns":4},{"damage":0,"enemies":"Nemesis","floor":42,"turns":5},{"damage":3,"enemies":"Jaw Worm Horde","floor":45,"turns":4},{"damage":0,"enemies":"Sphere and 2 Shapes","floor":46,"turns":5},{"damage":0,"enemies":"Awakened One","floor":50,"turns":14}],"seed_played":"-5307689303090869787","potions_obtained":[{"floor":6.0,"key":"AttackPotion"},{"floor":13.0,"key":"Dexterity Potion"},{"floor":16.0,"key":"AttackPotion"},{"floor":18.0,"key":"Fire Potion"},{"floor":29.0,"key":"LiquidBronze"},{"floor":33.0,"key":"Block Potion"},{"floor":37,"key":"Dexterity Potion"},{"floor":46,"key":"Dexterity Potion"}],"is_trial":false,"path_per_floor":["M","?","$","M","$","E","R","E","T","R","M","E","M","?","R","B",null,"M","?","$","?","?","E","R","$","T","E","R","M","?","$","R","B",null,"M","?","M","?","$","R","M","E","T","R","M","M","R","T","R","B",null],"character_chosen":"DEFECT","items_purchased":["ClockworkSouvenir","Glacier+1","Capacitor","Loop"],"campfire_rested":1,"item_purchase_floors":[3,20,20,39],"current_hp_per_floor":[68,57,57,57,57,57,57,36,36,36,36,30,30,35,35,34,69,45,45,45,45,45,24,24,24,24,24,24,19,4,4,28,45,71,71,71,71,71,71,71,69,69,69,69,66,66,66,66,66,80],"gold":117,"neow_bonus":"THREE_ENEMY_KILL","is_prod":false,"is_daily":false,"chose_seed":false,"campfire_upgraded":9,"win_rate":0,"timestamp":1563890870,"path_taken":["M","?","$","M","$","E","R","E","T","R","M","E","M","?","R","BOSS","M","?","$","?","?","E","R","?","T","E","R","?","?","$","R","BOSS","M","?","M","?","$","R","M","E","T","R","M","M","R","?","R","BOSS"],"build_version":"2019-07-17","purchased_purges":3,"victory":true,"max_hp_per_floor":[75,75,75,75,75,75,75,75,75,75,75,75,75,80,80,80,80,80,80,80,80,80,80,80,80,80,80,80,80,80,80,80,80,80,80,80,80,80,80,80,80,80,80,80,80,80,80,80,80,80],"card_choices":[{"not_picked":["Redo","Streamline","Rebound"],"picked":"SKIP","floor":1.0},{"not_picked":["Gash","Steam"],"picked":"Go for the Eyes","floor":4.0},{"not_picked":["Double Energy","Scrape","Sunder"],"picked":"SKIP","floor":6.0},{"not_picked":["Streamline","Ball Lightning","Turbo"],"picked":"SKIP","floor":8.0},{"not_picked":["Skim","Streamline","Meteor Strike"],"picked":"SKIP","floor":11.0},{"not_picked":["Compile Driver","Scrape"],"picked":"Barrage","floor":12.0},{"not_picked":["Self Repair","White Noise","FTL"],"picked":"SKIP","floor":13.0},{"not_picked":["Creative AI","Hyperbeam"],"picked":"Fission","floor":16.0},{"not_picked":["Conserve Battery","Redo","Ball Lightning"],"picked":"SKIP","floor":18.0},{"not_picked":["Core Surge","Chill+1"],"picked":"Reboot+1","floor":23.0},{"not_picked":["Cold Snap","Lockon+1"],"picked":"Defragment+1","floor":27.0},{"not_picked":["Go for the Eyes+1","Doom and Gloom","Tempest+1"],"picked":"SKIP","floor":29.0},{"not_picked":["Storm+1","Stack+1"],"picked":"Hologram+1","floor":30.0},{"not_picked":["Rainbow+1","Seek+1","Core Surge"],"picked":"Machine Learning","floor":33.0},{"not_picked":["Self Repair+1","Leap+1","Conserve Battery+1","Hologram+1"],"picked":"SKIP","floor":35},{"not_picked":["Cold Snap","Ball Lightning","Lockon","Sunder+1"],"picked":"SKIP","floor":37},{"not_picked":["Deep Breath+1","Violence+1","Secret Technique+1"],"picked":"Finesse+1","floor":38},{"not_picked":["Glacier+1","Ball Lightning+1","Barrage+1","Rip and Tear+1"],"picked":"SKIP","floor":41},{"not_picked":["Rainbow+1","Chaos+1","Aggregate+1","Hologram+1"],"picked":"SKIP","floor":42},{"not_picked":["Reprogram+1","Genetic Algorithm+1","Stack+1","Ball Lightning+1"],"picked":"SKIP","floor":45},{"not_picked":["Streamline","Ball Lightning+1","Hologram+1","Beam Cell"],"picked":"SKIP","floor":46}],"player_experience":70705,"relics_obtained":[{"floor":6.0,"key":"War Paint"},{"floor":8.0,"key":"DataDisk"},{"floor":9.0,"key":"Pantograph"},{"floor":12.0,"key":"PreservedInsect"},{"floor":23.0,"key":"Letter Opener"},{"floor":26.0,"key":"Symbiotic Virus"},{"floor":27.0,"key":"Lantern"},{"floor":30.0,"key":"Gambling Chip"},{"floor":30.0,"key":"Question Card"},{"floor":42,"key":"Bottled Flame"},{"floor":43,"key":"Mercury Hourglass"},{"floor":48,"key":"Dream Catcher"}],"event_choices":[{"damage_healed":0.0,"max_hp_gain":0.0,"max_hp_loss":0.0,"gold_gain":75.0,"event_name":"World of Goop","player_choice":"Gather Gold","floor":2.0,"gold_loss":0.0,"damage_taken":11.0},{"damage_healed":0.0,"max_hp_gain":5.0,"max_hp_loss":0.0,"gold_gain":0.0,"event_name":"Big Fish","player_choice":"Donut","floor":14.0,"gold_loss":0.0,"damage_taken":0.0},{"damage_healed":0.0,"max_hp_gain":0.0,"max_hp_loss":0.0,"gold_gain":0.0,"event_name":"The Mausoleum","player_choice":"Opened","floor":19.0,"gold_loss":0.0,"damage_taken":0.0,"relics_obtained":["Toxic Egg 2"]},{"cards_removed":["Strike_B"],"damage_healed":0.0,"max_hp_gain":0.0,"max_hp_loss":0.0,"gold_gain":0.0,"event_name":"Beggar","player_choice":"Gave Gold","floor":21.0,"gold_loss":75.0,"damage_taken":0.0},{"cards_removed":["Strike_B"],"damage_healed":0.0,"max_hp_gain":0.0,"max_hp_loss":0.0,"gold_gain":0.0,"event_name":"Back to Basics","player_choice":"Elegance","floor":22.0,"gold_loss":0.0,"damage_taken":0.0},{"damage_healed":0.0,"max_hp_gain":0.0,"max_hp_loss":0.0,"gold_gain":0.0,"event_name":"Colosseum","player_choice":"Fight","floor":30.0,"gold_loss":0.0,"damage_taken":0.0},{"damage_healed":0.0,"max_hp_gain":0.0,"max_hp_loss":0.0,"gold_gain":0.0,"event_name":"Colosseum","player_choice":"Fought Nobs","floor":30.0,"gold_loss":0.0,"damage_taken":0.0},{"damage_healed":0,"gold_gain":0,"player_choice":"Ignored","damage_taken":0,"max_hp_gain":0,"max_hp_loss":0,"event_name":"Tomb of Lord Red Mask","floor":36,"gold_loss":0},{"damage_healed":0,"gold_gain":0,"player_choice":"Memory 1","damage_taken":0,"max_hp_gain":0,"max_hp_loss":0,"event_name":"SensoryStone","floor":38,"gold_loss":0}],"is_beta":false,"boss_relics":[{"not_picked":["Nuclear Battery","Busted Crown"],"picked":"Velvet Choker"},{"not_picked":["Empty Cage","Runic Dome"],"picked":"FrozenCore"}],"items_purged_floors":[20,31,39],"is_endless":false,"potions_floor_spawned":[6,13,16,18,29,30,33,37,46],"ascension_level":6}