{"gold_per_floor":[112,124,74,74,54,81,81,113,113,113,130,147,147,161,161,264,264,284,40,51,51,62,62,95,110,110,122,122,422,422,434,434,434],"floor_reached":33,"playtime":2041,"items_purged":[],"score":332,"play_id":"dd23a4ce-63be-48da-9311-f75a66f191e0","local_time":"20190219103811","is_ascension_mode":true,"campfire_choices":[{"data":"Streamline","floor":7,"key":"SMITH"},{"floor":10,"key":"REST"},{"data":"Beam Cell","floor":13,"key":"SMITH"},{"data":"Coolheaded","floor":15,"key":"SMITH"},{"data":"Creative AI","floor":23,"key":"SMITH"},{"data":"Go for the Eyes","floor":28,"key":"SMITH"},{"floor":32,"key":"REST"}],"neow_cost":"NONE","seed_source_timestamp":568169043131000,"circlet_count":0,"master_deck":["Strike_B","Strike_B","Strike_B","Defend_B","Defend_B","Defend_B","Defend_B","Zap","Dualcast+1","Streamline+1","Gash","Cold Snap","Reinforced Body","Beam Cell+1","Coolheaded+1","Stack","Creative AI+1","Scrape","Gash","Beam Cell+1","Go for the Eyes+1","Conserve Battery+1","Reprogram+1","Writhe","Hologram+1"],"relics":["FrozenCore","Juzu Bracelet","Bag of Preparation","Shuriken","Meat on the Bone","Singing Bowl","Vajra","FossilizedHelix","Old Coin"],"potions_floor_usage":[6,33,33],"damage_taken":[{"damage":7,"enemies":"Jaw Worm","floor":1,"turns":3},{"damage":0,"enemies":"Small Slimes","floor":2,"turns":2},{"damage":24,"enemies":"Gremlin Nob","floor":6,"turns":4},{"damage":25,"enemies":"Lagavulin","floor":8,"turns":6},{"damage":0,"enemies":"Cultist","floor":11,"turns":2},{"damage":6,"enemies":"Looter","floor":12,"turns":2},{"damage":0,"enemies":"2 Fungi Beasts","floor":14,"turns":3},{"damage":11,"enemies":"Slime Boss","floor":16,"turns":6},{"damage":10,"enemies":"Chosen","floor":18,"turns":8},{"damage":16,"enemies":"Shell Parasite","floor":20,"turns":5},{"damage":22,"enemies":"Shelled Parasite and Fungi","floor":22,"turns":8},{"damage":23,"enemies":"Slavers","floor":24,"turns":8},{"damage":6,"enemies":"Sentry and Sphere","floor":25,"turns":4},{"damage":16,"enemies":"Snake Plant","floor":27,"turns":5},{"damage":18,"enemies":"Colosseum Slavers","floor":30,"turns":4},{"damage":0,"enemies":"Shelled Parasite and Fungi","floor":31,"turns":6},{"damage":68,"enemies":"Collector","floor":33,"turns":8}],"seed_played":"-1022849323017527105","potions_obtained":[{"floor":2,"key":"Regen Potion"},{"floor":5,"key":"Ancient Potion"},{"floor":14,"key":"LiquidBronze"},{"floor":18,"key":"Ancient Potion"}],"is_trial":false,"path_per_floor":["M","M","?","?","?","E","R","E","T","R","M","M","R","M","R","B",null,"M","$","M","T","M","R","E","M","T","M","R","?","?","M","R","B"],"character_chosen":"DEFECT","items_purchased":["Meat on the Bone"],"campfire_rested":2,"item_purchase_floors":[19],"current_hp_per_floor":[68,68,68,68,68,54,54,29,29,51,51,45,45,45,45,34,75,65,65,49,49,39,39,28,34,34,30,30,30,24,36,58,0],"gold":434,"neow_bonus":"UPGRADE_CARD","is_prod":false,"is_daily":false,"chose_seed":false,"campfire_upgraded":5,"win_rate":0,"timestamp":1550601491,"path_taken":["M","M","?","?","?","E","R","E","T","R","M","M","R","M","R","BOSS","M","$","M","?","M","R","E","M","T","M","R","?","?","M","R","BOSS"],"build_version":"2019-01-23","purchased_purges":0,"victory":false,"max_hp_per_floor":[75,75,75,75,75,75,75,75,75,75,75,75,75,75,75,75,75,75,75,75,75,75,75,75,75,75,75,75,75,75,75,75,75],"card_choices":[{"not_picked":["Conserve Battery","Ball Lightning"],"picked":"Streamline","floor":1},{"not_picked":["BootSequence","Cold Snap"],"picked":"Gash","floor":2},{"not_picked":["Sweeping Beam","Steam"],"picked":"Cold Snap","floor":6},{"not_picked":["Ball Lightning","Fusion"],"picked":"Reinforced Body","floor":8},{"not_picked":["Steam","Rip and Tear"],"picked":"Beam Cell","floor":11},{"not_picked":["Hyperbeam","Recycle"],"picked":"Coolheaded","floor":12},{"not_picked":["Streamline","Coolheaded"],"picked":"Stack","floor":14},{"not_picked":["Multi-Cast","Thunder Strike"],"picked":"Creative AI","floor":16},{"not_picked":["Hello World","Ball Lightning+1"],"picked":"Scrape","floor":18},{"not_picked":["Chill","Tempest+1"],"picked":"Gash","floor":20},{"not_picked":["Hyperbeam","Force Field"],"picked":"Beam Cell+1","floor":22},{"not_picked":["Multi-Cast","Gash"],"picked":"Go for the Eyes","floor":24},{"not_picked":["Beam Cell","Turbo+1"],"picked":"Conserve Battery+1","floor":25},{"not_picked":["Consume","Gash"],"picked":"Reprogram+1","floor":27},{"not_picked":["Barrage","Heatsinks"],"picked":"Hologram+1","floor":31}],"player_experience":131167,"relics_obtained":[{"floor":6,"key":"Juzu Bracelet"},{"floor":8,"key":"Bag of Preparation"},{"floor":9,"key":"Shuriken"},{"floor":21,"key":"Singing Bowl"},{"floor":24,"key":"Vajra"},{"floor":26,"key":"FossilizedHelix"}],"event_choices":[{"cards_removed":["Strike_B"],"damage_healed":0,"gold_gain":0,"player_choice":"Card Removal","damage_taken":0,"max_hp_gain":0,"max_hp_loss":0,"event_name":"The Cleric","floor":3,"gold_loss":50},{"damage_healed":0,"gold_gain":0,"player_choice":"Ignored","damage_taken":0,"max_hp_gain":0,"max_hp_loss":0,"event_name":"Shining Light","floor":4,"gold_loss":0},{"damage_healed":0,"gold_gain":0,"player_choice":"Bought 1 Potion","damage_taken":0,"max_hp_gain":0,"max_hp_loss":0,"event_name":"The Woman in Blue","floor":5,"gold_loss":0},{"damage_healed":0,"gold_gain":0,"player_choice":"Opened","damage_taken":0,"relics_obtained":["Old Coin"],"max_hp_gain":0,"max_hp_loss":0,"event_name":"The Mausoleum","floor":29,"gold_loss":0,"cards_obtained":["Writhe"]},{"damage_healed":0,"gold_gain":0,"player_choice":"Fight","damage_taken":0,"max_hp_gain":0,"max_hp_loss":0,"event_name":"Colosseum","floor":30,"gold_loss":0},{"damage_healed":0,"gold_gain":0,"player_choice":"Fled From Nobs","damage_taken":0,"max_hp_gain":0,"max_hp_loss":0,"event_name":"Colosseum","floor":30,"gold_loss":0}],"is_beta":false,"boss_relics":[{"not_picked":["Runic Dome","Fusion Hammer"],"picked":"FrozenCore"}],"items_purged_floors":[],"is_endless":false,"potions_floor_spawned":[2,14,18,30],"killed_by":"Collector","ascension_level":4}