{"gold_per_floor":[110,0,11,0,20,54,54,54,81,100,120,120,120],"floor_reached":13,"playtime":371,"items_purged":[],"score":162,"play_id":"2c24e82b-3641-44be-8090-02d53452036d","local_time":"20190906062219","is_ascension_mode":true,"campfire_choices":[{"floor":7,"key":"REST"},{"floor":12,"key":"REST"}],"neow_cost":"PERCENT_DAMAGE","seed_source_timestamp":65770941849546,"circlet_count":0,"master_deck":["AscendersBane","Strike_B","Strike_B","Strike_B","Defend_B","Defend_B","Defend_B","Defend_B","Zap","Dualcast","Rainbow","Genetic Algorithm","Defragment","Go for the Eyes","Sweeping Beam","Cold Snap","Melter","Cold Snap","Consume"],"relics":["Cracked Core","Ancient Tea Set","Bag of Preparation"],"potions_floor_usage":[6,13],"damage_taken":[{"damage":6,"enemies":"Cultist","floor":1,"turns":3},{"damage":10,"enemies":"Jaw Worm","floor":3,"turns":5},{"damage":2,"enemies":"Small Slimes","floor":5,"turns":4},{"damage":21,"enemies":"Lagavulin","floor":6,"turns":6},{"damage":8,"enemies":"Looter","floor":10,"turns":3},{"damage":0,"enemies":"Large Slime","floor":11,"turns":4},{"damage":47,"enemies":"The Mushroom Lair","floor":13,"turns":3}],"seed_played":"-4994386682275330832","potions_obtained":[{"floor":1,"key":"SpeedPotion"},{"floor":3,"key":"Strength Potion"},{"floor":6,"key":"AttackPotion"},{"floor":11,"key":"Ancient Potion"}],"is_trial":false,"path_per_floor":["M","$","M","?","M","E","R","?","T","M","M","R","?"],"character_chosen":"DEFECT","items_purchased":["Defragment","Go for the Eyes"],"campfire_rested":2,"item_purchase_floors":[2,2],"current_hp_per_floor":[40,40,30,30,28,7,28,28,28,20,20,41,0],"gold":120,"neow_bonus":"THREE_RARE_CARDS","is_prod":false,"is_daily":false,"chose_seed":false,"campfire_upgraded":0,"win_rate":0,"timestamp":1567714939,"path_taken":["M","$","M","?","M","E","R","?","T","?","M","R","?"],"build_version":"2019-07-17","purchased_purges":0,"victory":false,"max_hp_per_floor":[71,71,71,71,71,71,71,71,71,71,71,71,71],"card_choices":[{"not_picked":["Amplify","Multi-Cast"],"picked":"Rainbow","floor":0},{"not_picked":["Steam Power","Reprogram"],"picked":"Genetic Algorithm","floor":1},{"not_picked":["Consume","Fusion"],"picked":"Sweeping Beam","floor":3},{"not_picked":["Gash","Turbo"],"picked":"Cold Snap","floor":5},{"not_picked":["Leap","Go for the Eyes"],"picked":"Melter","floor":6},{"not_picked":["Melter","Force Field"],"picked":"Cold Snap","floor":10},{"not_picked":["Steam","Cold Snap"],"picked":"Consume","floor":11}],"player_experience":1255409,"relics_obtained":[{"floor":6,"key":"Ancient Tea Set"},{"floor":9,"key":"Bag of Preparation"}],"event_choices":[{"damage_healed":0,"gold_gain":0,"player_choice":"Left Gold","damage_taken":0,"max_hp_gain":0,"max_hp_loss":0,"event_name":"World of Goop","floor":4,"gold_loss":11},{"cards_removed":["Strike_B"],"damage_healed":0,"gold_gain":0,"player_choice":"Purged","damage_taken":0,"max_hp_gain":0,"max_hp_loss":0,"event_name":"Purifier","floor":8,"gold_loss":0},{"damage_healed":0,"gold_gain":0,"player_choice":"Fought Mushrooms","damage_taken":0,"max_hp_gain":0,"max_hp_loss":0,"event_name":"Mushrooms","floor":13,"gold_loss":0}],"is_beta":false,"boss_relics":[],"items_purged_floors":[],"is_endless":false,"potions_floor_spawned":[1,3,6,11],"killed_by":"The Mushroom Lair","ascension_level":18}