{"gold_per_floor":[119,119,131,231,244,269,269,280,280,306,306,306,306,326,326,427,427,441,14,14,14,31,63,163,163,163,189,288,46,72,83,83,179,179,193,272,272,282,294,294],"floor_reached":40,"playtime":5088,"items_purged":[],"score":507,"play_id":"4bc4e7fe-9766-4315-98f9-80f7f1df2b74","local_time":"20190322042444","is_ascension_mode":false,"campfire_choices":[{"data":"Pommel Strike","floor":7,"key":"SMITH"},{"data":"Metallicize","floor":13,"key":"SMITH"},{"data":"Metallicize","floor":15,"key":"SMITH"},{"data":"Body Slam","floor":25,"key":"SMITH"},{"data":"Dual Wield","floor":32,"key":"SMITH"}],"neow_cost":"NONE","seed_source_timestamp":42043061893816,"circlet_count":0,"master_deck":["Strike_R","Strike_R","Strike_R","Strike_R","Strike_R","Defend_R","Defend_R","Defend_R","Defend_R","Bash","Impervious","Metallicize+1","Clash","Pommel Strike+1","Metallicize+1","Juggernaut","Headbutt","Thunderclap","Demon Form","Pommel Strike+1","Dual Wield+1","Body Slam+1","Anger","Headbutt+1","Flex","Shrug It Off","Bloodletting+1","Searing Blow","Twin Strike+1","Clumsy","Parasite","Writhe","Seeing Red+1","Iron Wave+1","Double Tap"],"relics":["Burning Blood","Bottled Lightning","Magic Flower","Pocketwatch","Meat on the Bone","Black Star","Torii","Charon\u0027s Ashes","Letter Opener","Lantern","Pear","Incense Burner","Bottled Flame","Boot","Pen Nib","Bag of Preparation","Potion Belt","Calling Bell","PreservedInsect","Darkstone Periapt","Peace Pipe","Mercury Hourglass"],"potions_floor_usage":[6,18,23,24,24,31,39],"damage_taken":[{"damage":10,"enemies":"Jaw Worm","floor":1,"turns":4},{"damage":6,"enemies":"Small Slimes","floor":3,"turns":6},{"damage":13,"enemies":"Cultist","floor":5,"turns":6},{"damage":21,"enemies":"Lagavulin","floor":6,"turns":8},{"damage":1,"enemies":"2 Fungi Beasts","floor":8,"turns":4},{"damage":26,"enemies":"3 Sentries","floor":10,"turns":7},{"damage":9,"enemies":"Exordium Wildlife","floor":14,"turns":6},{"damage":46,"enemies":"Hexaghost","floor":16,"turns":13},{"damage":19,"enemies":"3 Byrds","floor":18,"turns":5},{"damage":23,"enemies":"Spheric Guardian","floor":22,"turns":6},{"damage":41,"enemies":"Book of Stabbing","floor":23,"turns":8},{"damage":24,"enemies":"Colosseum Slavers","floor":24,"turns":5},{"damage":18,"enemies":"Colosseum Nobs","floor":24,"turns":6},{"damage":41,"enemies":"Gremlin Leader","floor":30,"turns":7},{"damage":18,"enemies":"Chosen and Byrds","floor":31,"turns":4},{"damage":24,"enemies":"Champ","floor":33,"turns":8},{"damage":41,"enemies":"3 Darklings","floor":35,"turns":6},{"damage":12,"enemies":"Orb Walker","floor":38,"turns":3},{"damage":43,"enemies":"Transient","floor":39,"turns":5},{"damage":46,"enemies":"Reptomancer","floor":40,"turns":4}],"seed_played":"1856353378246672095","potions_obtained":[{"floor":5,"key":"PowerPotion"},{"floor":8,"key":"Fire Potion"},{"floor":10,"key":"Weak Potion"},{"floor":14,"key":"Explosive Potion"},{"floor":22,"key":"Poison Potion"},{"floor":23,"key":"Swift Potion"},{"floor":38,"key":"Ancient Potion"},{"floor":39,"key":"SteroidPotion"}],"is_trial":false,"path_per_floor":["M","?","M","?","M","E","R","M","T","E","?","T","R","M","R","B",null,"M","$","?","?","M","E","?","R","T","T","?","$","E","M","R","B",null,"M","T","?","M","M","E"],"character_chosen":"IRONCLAD","items_purchased":["Torii","Dual Wield","Body Slam","Shrug It Off","Pen Nib","Bloodletting"],"campfire_rested":0,"item_purchase_floors":[19,19,19,29,29,29],"current_hp_per_floor":[76,81,81,81,74,59,59,64,64,47,47,47,47,65,65,46,85,75,75,75,75,61,47,69,69,69,69,69,69,55,64,64,67,95,63,63,63,60,44,0],"gold":294,"neow_bonus":"ONE_RANDOM_RARE_CARD","is_prod":false,"is_daily":false,"chose_seed":false,"campfire_upgraded":5,"win_rate":0.0,"timestamp":1553192684,"path_taken":["M","?","M","?","?","E","R","M","T","E","?","?","R","M","R","BOSS","M","$","?","?","?","E","?","R","T","?","?","?","E","M","R","BOSS","M","?","?","M","?","E"],"build_version":"2019-01-23","purchased_purges":0,"victory":false,"max_hp_per_floor":[80,85,85,85,85,85,85,85,85,85,85,85,85,85,85,85,85,85,85,85,85,85,85,95,95,95,95,95,95,95,95,95,95,95,95,95,95,95,95,95],"card_choices":[{"not_picked":["Cleave","Headbutt"],"picked":"Metallicize","floor":1},{"not_picked":["Dropkick","Blood for Blood"],"picked":"Clash","floor":3},{"not_picked":["Power Through","True Grit"],"picked":"Pommel Strike","floor":5},{"not_picked":["Clothesline","Perfected Strike"],"picked":"Metallicize","floor":6},{"not_picked":["Iron Wave","Body Slam"],"picked":"Juggernaut","floor":8},{"not_picked":["Armaments","Clothesline"],"picked":"Headbutt","floor":10},{"not_picked":["Entrench","Clothesline"],"picked":"Thunderclap","floor":14},{"not_picked":["Impervious","Reaper"],"picked":"Demon Form","floor":16},{"not_picked":["Feel No Pain","Metallicize"],"picked":"Pommel Strike+1","floor":18},{"not_picked":["Disarm","Seeing Red"],"picked":"Anger","floor":22},{"not_picked":["Pommel Strike","Seeing Red"],"picked":"Headbutt+1","floor":23},{"not_picked":["Searing Blow","Shockwave"],"picked":"Flex","floor":24},{"not_picked":["Clothesline","True Grit"],"picked":"Searing Blow","floor":30},{"not_picked":["Clothesline","Pommel Strike"],"picked":"Twin Strike+1","floor":31},{"not_picked":["True Grit","Iron Wave"],"picked":"Seeing Red+1","floor":35},{"not_picked":["Bloodletting","Second Wind"],"picked":"Iron Wave+1","floor":38},{"not_picked":["Dual Wield","Perfected Strike"],"picked":"Double Tap","floor":39}],"player_experience":1674,"relics_obtained":[{"floor":6,"key":"Bottled Lightning"},{"floor":9,"key":"Magic Flower"},{"floor":10,"key":"Pocketwatch"},{"floor":12,"key":"Meat on the Bone"},{"floor":23,"key":"Letter Opener"},{"floor":23,"key":"Lantern"},{"floor":24,"key":"Pear"},{"floor":24,"key":"Incense Burner"},{"floor":26,"key":"Bottled Flame"},{"floor":27,"key":"Boot"},{"floor":30,"key":"Bag of Preparation"},{"floor":30,"key":"Potion Belt"},{"floor":34,"key":"PreservedInsect"},{"floor":34,"key":"Darkstone Periapt"},{"floor":34,"key":"Peace Pipe"},{"floor":36,"key":"Mercury Hourglass"}],"event_choices":[{"damage_healed":0,"gold_gain":0,"player_choice":"Donut","damage_taken":0,"max_hp_gain":5,"max_hp_loss":0,"event_name":"Big Fish","floor":2,"gold_loss":0},{"damage_healed":0,"gold_gain":100,"player_choice":"Pray","damage_taken":0,"max_hp_gain":0,"max_hp_loss":0,"event_name":"Golden Shrine","floor":4,"gold_loss":0},{"damage_healed":0,"gold_gain":0,"player_choice":"Ignored","damage_taken":0,"max_hp_gain":0,"max_hp_loss":0,"event_name":"Shining Light","floor":11,"gold_loss":0},{"damage_healed":0,"gold_gain":0,"player_choice":"Stole Relic","damage_taken":0,"relics_obtained":["Charon\u0027s Ashes"],"max_hp_gain":0,"max_hp_loss":0,"event_name":"Addict","floor":20,"gold_loss":0,"cards_obtained":["Shame"]},{"cards_removed":["Shame"],"damage_healed":0,"gold_gain":0,"player_choice":"Removed Curses","damage_taken":0,"max_hp_gain":0,"max_hp_loss":0,"event_name":"Fountain of Cleansing","floor":21,"gold_loss":0},{"damage_healed":0,"gold_gain":0,"player_choice":"Fight","damage_taken":0,"max_hp_gain":0,"max_hp_loss":0,"event_name":"Colosseum","floor":24,"gold_loss":0},{"damage_healed":0,"gold_gain":0,"player_choice":"Fought Nobs","damage_taken":0,"max_hp_gain":0,"max_hp_loss":0,"event_name":"Colosseum","floor":24,"gold_loss":0},{"damage_healed":0,"gold_gain":99,"player_choice":"Stole From Cult","damage_taken":0,"max_hp_gain":0,"max_hp_loss":0,"event_name":"Nest","floor":28,"gold_loss":0},{"damage_healed":0,"gold_gain":0,"player_choice":"Upgraded","damage_taken":0,"max_hp_gain":0,"max_hp_loss":0,"event_name":"Upgrade Shrine","floor":37,"gold_loss":0,"cards_upgraded":["Bloodletting"]}],"is_beta":false,"boss_relics":[{"not_picked":["Tiny House","Snecko Eye"],"picked":"Black Star"},{"not_picked":["Cursed Key","Lizard Tail"],"picked":"Calling Bell"}],"items_purged_floors":[],"is_endless":false,"potions_floor_spawned":[5,8,10,14,22,23,38,39],"killed_by":"Reptomancer","ascension_level":0}