{"gold_per_floor":[10,24,34,34,44,44,54,64,87,87,162,177,206,218,218,319,319,336,261,88,100,119,119,151,167,194,194,212,226,251,99,99,204,204,214,214,232,84,98,129,143,143,143,143],"floor_reached":44,"playtime":3042,"items_purged":["Strike_G","Defend_G"],"score":792,"play_id":"869c43fb-1f6c-4065-9165-772642d3da26","local_time":"20181116123106","is_ascension_mode":true,"campfire_choices":[{"data":"Glass Knife","floor":6.0,"key":"SMITH"},{"data":"Glass Knife","floor":10.0,"key":"SMITH"},{"data":"Sucker Punch","floor":15.0,"key":"SMITH"},{"data":"Die Die Die","floor":23.0,"key":"SMITH"},{"data":"Reflex","floor":27.0,"key":"SMITH"},{"floor":32.0,"key":"REST"}],"neow_cost":"NO_GOLD","seed_source_timestamp":0,"circlet_count":0,"master_deck":["AscendersBane","Defend_G","Defend_G","Defend_G","Defend_G","Survivor","Neutralize","Crippling Poison","Glass Knife+1","Dash","PiercingWail","Terror","Quick Slash","Sucker Punch+1","Glass Knife+1","Backstab","Footwork","Die Die Die+1","Quick Slash","Jack Of All Trades","Quick Slash+1","Reflex+1","Predator+1","Heel Hook","Acrobatics","Adrenaline","Deadly Poison"],"special_seed":0,"relics":["Ring of the Serpent","Lantern","Paper Crane","HoveringKite","PreservedInsect","Orichalcum","Potion Belt","Centennial Puzzle","Bottled Flame"],"potions_floor_usage":[],"damage_taken":[{"damage":1.0,"enemies":"Jaw Worm","floor":1.0,"turns":5.0},{"damage":0.0,"enemies":"2 Louse","floor":2.0,"turns":2.0},{"damage":0.0,"enemies":"Cultist","floor":3.0,"turns":4.0},{"damage":2.0,"enemies":"2 Fungi Beasts","floor":5.0,"turns":4.0},{"damage":0.0,"enemies":"Exordium Thugs","floor":7.0,"turns":3.0},{"damage":4.0,"enemies":"Red Slaver","floor":8.0,"turns":3.0},{"damage":0.0,"enemies":"3 Louse","floor":12.0,"turns":3.0},{"damage":0.0,"enemies":"Gremlin Nob","floor":13.0,"turns":2.0},{"damage":0.0,"enemies":"Large Slime","floor":14.0,"turns":1.0},{"damage":6.0,"enemies":"Hexaghost","floor":16.0,"turns":7.0},{"damage":0.0,"enemies":"Chosen","floor":18.0,"turns":3.0},{"damage":0.0,"enemies":"Shell Parasite","floor":21.0,"turns":4.0},{"damage":0.0,"enemies":"Snake Plant","floor":22.0,"turns":3.0},{"damage":12.0,"enemies":"Book of Stabbing","floor":24.0,"turns":4.0},{"damage":7.0,"enemies":"Snecko","floor":25.0,"turns":4.0},{"damage":23.0,"enemies":"Sentry and Sphere","floor":28.0,"turns":4.0},{"damage":9.0,"enemies":"Centurion and Healer","floor":29.0,"turns":5.0},{"damage":13.0,"enemies":"Slavers","floor":30.0,"turns":3.0},{"damage":28.0,"enemies":"Collector","floor":33.0,"turns":8.0},{"damage":9.0,"enemies":"3 Shapes","floor":35.0,"turns":3.0},{"damage":1.0,"enemies":"3 Darklings","floor":37.0,"turns":5.0},{"damage":9.0,"enemies":"Transient","floor":39.0,"turns":5.0},{"damage":19.0,"enemies":"Nemesis","floor":40.0,"turns":5.0},{"damage":9.0,"enemies":"Writhing Mass","floor":41.0,"turns":6.0},{"damage":18,"enemies":"Spire Growth","floor":44,"turns":3}],"seed_played":"-7726531411063485921","potions_obtained":[{"floor":2.0,"key":"SteroidPotion"},{"floor":3.0,"key":"SteroidPotion"},{"floor":14.0,"key":"Dexterity Potion"},{"floor":16.0,"key":"Explosive Potion"},{"floor":21.0,"key":"EssenceOfSteel"},{"floor":22.0,"key":"Swift Potion"},{"floor":24.0,"key":"Regen Potion"},{"floor":30.0,"key":"Block Potion"},{"floor":35.0,"key":"GhostInAJar"},{"floor":36.0,"key":"Explosive Potion"},{"floor":36.0,"key":"FairyPotion"},{"floor":41.0,"key":"Ancient Potion"}],"is_trial":false,"path_per_floor":["M","M","M","?","M","R","M","M","T","R","?","M","E","M","R","B",null,"M","?","$","M","M","R","E","M","T","R","M","M","E","$","R","B",null,"M","?","M","$","M","E","M","?","T","M"],"character_chosen":"THE_SILENT","items_purchased":["Jack Of All Trades","Acrobatics","SkillPotion","SpeedPotion","Swift Potion"],"campfire_rested":1,"item_purchase_floors":[20,31,31,31,38],"current_hp_per_floor":[62,62,62,55,53,53,53,49,49,49,38,38,38,38,38,32,61,61,61,61,61,61,61,49,42,42,42,31,22,9,9,30,2,53,44,44,43,43,34,15,6,6,6,0],"gold":143,"neow_bonus":"TRANSFORM_TWO_CARDS","is_prod":false,"is_daily":false,"chose_seed":false,"campfire_upgraded":5,"win_rate":0,"timestamp":1542389466,"path_taken":["M","M","M","?","M","R","M","M","T","R","?","M","E","M","R","BOSS","M","?","$","M","M","R","E","M","T","R","M","M","E","$","R","BOSS","M","?","M","?","M","E","M","?","T","?"],"build_version":"2018-11-15","purchased_purges":2,"victory":false,"max_hp_per_floor":[70,70,70,70,70,70,70,70,70,70,70,70,70,70,70,70,70,70,70,70,70,70,70,70,70,70,70,70,70,70,70,70,70,70,70,70,70,70,70,70,70,70,70,70],"card_choices":[{"not_picked":["Prepared","Skewer"],"picked":"Dash","floor":1.0},{"not_picked":["Flechettes","Prepared"],"picked":"PiercingWail","floor":2.0},{"not_picked":["Deflect","PiercingWail"],"picked":"Terror","floor":3.0},{"not_picked":["Outmaneuver","Blade Dance"],"picked":"Quick Slash","floor":5.0},{"not_picked":["Blade Dance","Deflect"],"picked":"Sucker Punch","floor":7.0},{"not_picked":["Dagger Throw","Poisoned Stab"],"picked":"Glass Knife","floor":8.0},{"not_picked":["Underhanded Strike","Deadly Poison"],"picked":"Backstab","floor":12.0},{"not_picked":["Sucker Punch","Dagger Throw"],"picked":"Footwork","floor":13.0},{"not_picked":["Poisoned Stab","Riddle With Holes","Blade Dance"],"picked":"SKIP","floor":14.0},{"not_picked":["Wraith Form v2","Adrenaline"],"picked":"Die Die Die","floor":16.0},{"not_picked":["Heel Hook","Slice"],"picked":"Quick Slash","floor":18.0},{"not_picked":["PiercingWail","Predator"],"picked":"Quick Slash+1","floor":21.0},{"not_picked":["All Out Attack","Blade Dance"],"picked":"Reflex","floor":22.0},{"not_picked":["Bane+1","Sucker Punch+1"],"picked":"Predator+1","floor":24.0},{"not_picked":["Prepared","Bane"],"picked":"Heel Hook","floor":25.0},{"not_picked":["Accuracy","Blur","PiercingWail"],"picked":"SKIP","floor":28.0},{"not_picked":["A Thousand Cuts","Blade Dance","Dagger Spray"],"picked":"SKIP","floor":29.0},{"not_picked":["Outmaneuver","Corpse Explosion","Sucker Punch"],"picked":"SKIP","floor":30.0},{"not_picked":["Bullet Time","Corpse Explosion"],"picked":"Adrenaline","floor":33.0},{"not_picked":["Escape Plan+1","Leg Sweep","Bouncing Flask+1"],"picked":"SKIP","floor":35.0},{"not_picked":["Riddle With Holes+1","Blade Dance","Accuracy"],"picked":"SKIP","floor":37.0},{"not_picked":["Dagger Throw","Tactician+1","Bouncing Flask+1"],"picked":"SKIP","floor":39.0},{"not_picked":["Cloak And Dagger+1","Heel Hook","Quick Slash"],"picked":"SKIP","floor":40.0},{"not_picked":["Catalyst+1","All Out Attack","Quick Slash"],"picked":"SKIP","floor":41.0}],"player_experience":679498,"relics_obtained":[{"floor":9.0,"key":"Lantern"},{"floor":13.0,"key":"Paper Crane"},{"floor":24.0,"key":"PreservedInsect"},{"floor":26.0,"key":"Orichalcum"},{"floor":30.0,"key":"Potion Belt"},{"floor":40.0,"key":"Centennial Puzzle"},{"floor":43.0,"key":"Bottled Flame"}],"event_choices":[{"cards_removed":["Strike_G"],"damage_healed":0.0,"max_hp_gain":0.0,"max_hp_loss":0.0,"gold_gain":0.0,"event_name":"Golden Wing","player_choice":"Card Removal","floor":4.0,"gold_loss":0.0,"damage_taken":7.0},{"damage_healed":0.0,"max_hp_gain":0.0,"max_hp_loss":0.0,"gold_gain":75.0,"event_name":"World of Goop","player_choice":"Gather Gold","floor":11.0,"gold_loss":0.0,"damage_taken":11.0},{"cards_removed":["Strike_G"],"damage_healed":0.0,"max_hp_gain":0.0,"max_hp_loss":0.0,"gold_gain":0.0,"event_name":"Beggar","player_choice":"Gave Gold","floor":19.0,"gold_loss":75.0,"damage_taken":0.0},{"damage_healed":0.0,"max_hp_gain":0.0,"max_hp_loss":0.0,"gold_gain":0.0,"event_name":"Lab","player_choice":"Got Potions","floor":36.0,"gold_loss":0.0,"damage_taken":0.0},{"damage_healed":0.0,"max_hp_gain":0.0,"max_hp_loss":0.0,"gold_gain":0.0,"event_name":"Match and Keep!","player_choice":"1 cards matched","floor":42.0,"gold_loss":0.0,"damage_taken":0.0,"cards_obtained":["Deadly Poison"]}],"is_beta":false,"boss_relics":[{"not_picked":["Calling Bell","Orrery"],"picked":"HoveringKite"},{"not_picked":["White Beast Statue","Eternal Feather"],"picked":"Ring of the Serpent"}],"items_purged_floors":[20,38],"is_endless":false,"potions_floor_spawned":[2,3,5,14,16,21,22,24,30,35,39,41],"killed_by":"Spire Growth","ascension_level":11}