{"gold_per_floor":[115,134,134,146,26,57,57,68,68,68,80,96,96,50,50,153,153,167,178,196,70,86,86,86,86],"floor_reached":25,"playtime":941,"items_purged":["Strike_R","Defend_R"],"score":328,"play_id":"b85a7a67-d896-4415-aa0c-8ad30d494820","local_time":"20181202225423","is_ascension_mode":true,"campfire_choices":[{"data":"Flex","floor":7,"key":"SMITH"},{"data":"Thunderclap","floor":10,"key":"SMITH"},{"data":"Limit Break","floor":13,"key":"SMITH"},{"data":"Flex","floor":15,"key":"SMITH"},{"data":"Flex","floor":23,"key":"SMITH"}],"neow_cost":"NONE","seed_source_timestamp":13945103796844,"circlet_count":0,"master_deck":["AscendersBane","Defend_R","Defend_R","Bash","Heavy Blade","Dropkick","Sword Boomerang","Burning Pact","Flex+1","Thunderclap+1","Limit Break+1","Flex+1","Berserk+1","Rampage+1","Bloodletting+1","Warcry","True Grit","Flex+1","Flame Barrier","Seeing Red"],"relics":["Burning Blood","Incense Burner","Thread and Needle","Astrolabe"],"potions_floor_usage":[6,12,12,16,22,25],"damage_taken":[{"damage":1,"enemies":"Cultist","floor":1,"turns":3},{"damage":10,"enemies":"Small Slimes","floor":2,"turns":3},{"damage":7,"enemies":"Jaw Worm","floor":4,"turns":3},{"damage":24,"enemies":"Gremlin Nob","floor":6,"turns":4},{"damage":7,"enemies":"Looter","floor":8,"turns":3},{"damage":11,"enemies":"2 Fungi Beasts","floor":11,"turns":3},{"damage":10,"enemies":"Exordium Thugs","floor":12,"turns":4},{"damage":43,"enemies":"The Guardian","floor":16,"turns":11},{"damage":7,"enemies":"3 Byrds","floor":18,"turns":5},{"damage":3,"enemies":"Chosen","floor":19,"turns":4},{"damage":32,"enemies":"Centurion and Healer","floor":20,"turns":8},{"damage":29,"enemies":"Shelled Parasite and Fungi","floor":22,"turns":5},{"damage":31,"enemies":"3 Cultists","floor":25,"turns":4}],"seed_played":"-4923250065504018524","potions_obtained":[{"floor":2,"key":"Weak Potion"},{"floor":4,"key":"EssenceOfSteel"},{"floor":6,"key":"Swift Potion"},{"floor":12,"key":"Weak Potion"},{"floor":18,"key":"Explosive Potion"},{"floor":20,"key":"BloodPotion"}],"is_trial":false,"path_per_floor":["M","M","?","M","$","E","R","M","T","R","M","M","R","$","R","B",null,"M","M","M","$","M","R","?","M"],"character_chosen":"IRONCLAD","items_purchased":["Flex","Flex","Flex"],"campfire_rested":0,"item_purchase_floors":[5,14,21],"current_hp_per_floor":[77,73,73,72,72,54,54,53,53,53,48,44,44,44,44,7,62,61,64,38,38,23,23,23,0],"gold":86,"neow_bonus":"THREE_CARDS","is_prod":false,"is_daily":false,"chose_seed":false,"campfire_upgraded":5,"win_rate":0,"timestamp":1543809263,"path_taken":["M","M","?","M","$","E","R","M","T","R","M","M","R","?","R","BOSS","M","M","M","$","M","R","?","?"],"build_version":"2018-11-15","purchased_purges":2,"victory":false,"max_hp_per_floor":[80,80,80,80,80,80,80,80,80,80,80,80,80,80,80,80,80,80,80,80,80,80,80,80,80],"card_choices":[{"not_picked":["Clash","Iron Wave"],"picked":"Heavy Blade","floor":0},{"not_picked":["Sword Boomerang","Rampage"],"picked":"Dropkick","floor":1},{"not_picked":["Blood for Blood","Iron Wave"],"picked":"Sword Boomerang","floor":2},{"not_picked":["Rampage","Entrench"],"picked":"Burning Pact","floor":4},{"not_picked":["Perfected Strike","Shrug It Off"],"picked":"Thunderclap","floor":6},{"not_picked":["Iron Wave","Clash","Perfected Strike"],"picked":"SKIP","floor":8},{"not_picked":["Iron Wave","Body Slam"],"picked":"Limit Break","floor":11},{"not_picked":["Body Slam","True Grit","Armaments"],"picked":"SKIP","floor":12},{"not_picked":["Rupture","Anger"],"picked":"Warcry","floor":18},{"not_picked":["Pommel Strike","Perfected Strike"],"picked":"True Grit","floor":19},{"not_picked":["Shockwave","Blood for Blood","Shrug It Off"],"picked":"SKIP","floor":20},{"not_picked":["Shrug It Off","Headbutt"],"picked":"Flame Barrier","floor":22}],"player_experience":779016,"relics_obtained":[{"floor":6,"key":"Incense Burner"},{"floor":9,"key":"Thread and Needle"}],"event_choices":[{"cards_removed":["Strike_R"],"damage_healed":0,"gold_gain":0,"player_choice":"Purged","damage_taken":0,"max_hp_gain":0,"max_hp_loss":0,"event_name":"Purifier","floor":3,"gold_loss":0},{"damage_healed":0,"gold_gain":0,"cards_transformed":["Defend_R"],"player_choice":"Transformed","damage_taken":0,"max_hp_gain":0,"max_hp_loss":0,"event_name":"Transmorgrifier","floor":24,"gold_loss":0,"cards_obtained":["Seeing Red"]}],"is_beta":false,"boss_relics":[{"not_picked":["Velvet Choker","Coffee Dripper"],"picked":"Astrolabe"}],"items_purged_floors":[5,21],"is_endless":false,"potions_floor_spawned":[2,4,6,12,18,20],"killed_by":"3 Cultists","ascension_level":12}