{"gold_per_floor":[114,114,132,132,155,198,198,168,168,93,93],"floor_reached":11,"playtime":657,"items_purged":["Strike_G"],"score":121,"play_id":"64370649-ae66-4986-aaaa-e6200aea9438","local_time":"20181221023723","is_ascension_mode":true,"campfire_choices":[{"floor":7,"key":"REST"}],"neow_cost":"PERCENT_DAMAGE","seed_source_timestamp":4681692965057,"circlet_count":0,"master_deck":["AscendersBane","Defend_G","Defend_G","Defend_G","Defend_G","Defend_G","Strike_G","Strike_G","Survivor","Neutralize","Endless Agony","Heel Hook","Cloak And Dagger","Backstab"],"relics":["Ring of the Snake","Golden Idol","Dodecahedron"],"potions_floor_usage":[],"damage_taken":[{"damage":5,"enemies":"2 Louse","floor":1,"turns":5},{"damage":0,"enemies":"Small Slimes","floor":3,"turns":6},{"damage":2,"enemies":"Cultist","floor":5,"turns":5},{"damage":22,"enemies":"3 Sentries","floor":6,"turns":19},{"damage":6,"enemies":"Looter","floor":8,"turns":4},{"damage":34,"enemies":"Gremlin Nob","floor":11,"turns":4}],"seed_played":"7884180576073101637","potions_obtained":[{"floor":3,"key":"Energy Potion"}],"is_trial":false,"path_per_floor":["M","?","M","?","M","E","R","M","T","$","E"],"character_chosen":"THE_SILENT","items_purchased":[],"campfire_rested":1,"item_purchase_floors":[],"current_hp_per_floor":[39,39,39,36,34,12,30,24,24,24,0],"gold":93,"neow_bonus":"REMOVE_TWO","is_prod":false,"is_daily":false,"chose_seed":false,"campfire_upgraded":0,"win_rate":0,"timestamp":1545377843,"path_taken":["M","?","M","?","M","E","R","M","T","$","E"],"build_version":"2018-12-20","purchased_purges":1,"victory":false,"max_hp_per_floor":[66,61,61,61,61,61,61,61,61,61,61],"card_choices":[{"not_picked":["Sucker Punch","Infinite Blades"],"picked":"Endless Agony","floor":1},{"not_picked":["Backflip","PiercingWail","Blade Dance"],"picked":"SKIP","floor":3},{"not_picked":["Eviscerate","Predator"],"picked":"Heel Hook","floor":5},{"not_picked":["All Out Attack","Grand Finale"],"picked":"Cloak And Dagger","floor":6},{"not_picked":["Masterful Stab","Reflex"],"picked":"Backstab","floor":8}],"player_experience":935528,"relics_obtained":[{"floor":6,"key":"Dodecahedron"}],"event_choices":[{"damage_healed":0,"gold_gain":0,"player_choice":"Lose Max HP","damage_taken":0,"relics_obtained":["Golden Idol"],"max_hp_gain":0,"max_hp_loss":5,"event_name":"Golden Idol","floor":2,"gold_loss":0},{"damage_healed":0,"gold_gain":0,"player_choice":"Fled","damage_taken":3,"max_hp_gain":0,"max_hp_loss":0,"event_name":"Scrap Ooze","floor":4,"gold_loss":0}],"is_beta":false,"boss_relics":[],"items_purged_floors":[10],"is_endless":false,"potions_floor_spawned":[3],"killed_by":"Gremlin Nob","ascension_level":14}