{"gold_per_floor":[117,129,146,161,176,176,196,196,196,196,226,245,245,262,262,366,366,386,403,403],"floor_reached":20,"playtime":1647,"items_purged":[],"score":241,"play_id":"3faefb8b-335f-4e20-bced-2816a88880ac","local_time":"20190426190829","is_ascension_mode":true,"campfire_choices":[{"data":"Body Slam","floor":6,"key":"SMITH"},{"data":"Bash","floor":8,"key":"SMITH"},{"data":"Clothesline","floor":10,"key":"SMITH"},{"floor":15,"key":"REST"}],"neow_cost":"NONE","seed_source_timestamp":80453281125913,"circlet_count":0,"master_deck":["Strike_R","Strike_R","Strike_R","Defend_R","Defend_R","Defend_R","Defend_R","Bash+1","Perfected Strike","Clothesline+1","Body Slam+1","Fiend Fire","Sword Boomerang","Heavy Blade","Demon Form","Warcry","Headbutt","Reaper","Warcry+1","Body Slam+1","Clumsy","Power Through","Body Slam"],"relics":["Burning Blood","Bag of Marbles","Mango","Red Skull","WarpedTongs","Astrolabe"],"potions_floor_usage":[5,5,16,16,19],"damage_taken":[{"damage":1,"enemies":"Cultist","floor":1,"turns":3},{"damage":9,"enemies":"Jaw Worm","floor":2,"turns":3},{"damage":4,"enemies":"2 Louse","floor":3,"turns":3},{"damage":23,"enemies":"Exordium Wildlife","floor":4,"turns":6},{"damage":10,"enemies":"Lots of Slimes","floor":5,"turns":3},{"damage":23,"enemies":"Exordium Thugs","floor":7,"turns":4},{"damage":40,"enemies":"Lagavulin","floor":11,"turns":6},{"damage":15,"enemies":"Gremlin Gang","floor":12,"turns":4},{"damage":6,"enemies":"Looter","floor":14,"turns":2},{"damage":39,"enemies":"The Guardian","floor":16,"turns":7},{"damage":55,"enemies":"3 Byrds","floor":18,"turns":7},{"damage":37,"enemies":"2 Thieves","floor":19,"turns":4},{"damage":34,"enemies":"Colosseum Slavers","floor":20,"turns":3}],"seed_played":"-7224809447735033988","potions_obtained":[{"floor":4,"key":"Energy Potion"},{"floor":5,"key":"Fruit Juice"},{"floor":11,"key":"GamblersBrew"},{"floor":14,"key":"Energy Potion"},{"floor":18,"key":"Explosive Potion"}],"is_trial":false,"path_per_floor":["M","M","M","M","M","R","M","R","T","R","E","M","?","M","R","B",null,"M","M","?"],"character_chosen":"IRONCLAD","items_purchased":[],"campfire_rested":1,"item_purchase_floors":[],"current_hp_per_floor":[80,77,79,62,63,63,46,46,60,60,26,17,17,17,46,13,99,56,30,0],"gold":403,"neow_bonus":"RANDOM_COMMON_RELIC","is_prod":false,"is_daily":false,"chose_seed":false,"campfire_upgraded":3,"win_rate":0,"timestamp":1556269709,"path_taken":["M","M","?","M","M","R","M","R","T","R","E","M","?","M","R","BOSS","M","M","?"],"build_version":"2019-01-23","purchased_purges":0,"victory":false,"max_hp_per_floor":[80,80,80,80,85,85,85,85,99,99,99,99,99,99,99,99,99,99,99,99],"card_choices":[{"not_picked":["True Grit","Evolve"],"picked":"Perfected Strike","floor":1},{"not_picked":["Thunderclap","Iron Wave"],"picked":"Clothesline","floor":2},{"not_picked":["Clash","Rupture"],"picked":"Body Slam","floor":3},{"not_picked":["Pommel Strike","Flex"],"picked":"Fiend Fire","floor":4},{"not_picked":["Searing Blow","Heavy Blade"],"picked":"Sword Boomerang","floor":5},{"not_picked":["Sword Boomerang","Thunderclap"],"picked":"Heavy Blade","floor":7},{"not_picked":["Clothesline","Sword Boomerang"],"picked":"Demon Form","floor":11},{"not_picked":["Second Wind","Cleave"],"picked":"Warcry","floor":12},{"not_picked":["Entrench","Armaments"],"picked":"Headbutt","floor":14},{"not_picked":["Impervious","Exhume"],"picked":"Reaper","floor":16},{"not_picked":["Dropkick","Pummel+1"],"picked":"Power Through","floor":18},{"not_picked":["Anger","Dropkick"],"picked":"Body Slam","floor":19}],"player_experience":489665,"relics_obtained":[{"floor":9,"key":"Mango"},{"floor":11,"key":"Red Skull"}],"event_choices":[{"damage_healed":0,"gold_gain":0,"player_choice":"Rummage","damage_taken":0,"relics_obtained":["WarpedTongs"],"max_hp_gain":0,"max_hp_loss":0,"event_name":"Accursed Blacksmith","floor":13,"gold_loss":0,"cards_obtained":["Pain"]},{"damage_healed":0,"gold_gain":0,"player_choice":"Fight","damage_taken":0,"max_hp_gain":0,"max_hp_loss":0,"event_name":"Colosseum","floor":20,"gold_loss":0}],"is_beta":false,"boss_relics":[{"not_picked":["Orrery","Eternal Feather"],"picked":"Astrolabe"}],"items_purged_floors":[],"is_endless":false,"potions_floor_spawned":[4,5,11,14,18],"killed_by":"Colosseum Slavers","ascension_level":4}