{"path_per_floor":["M","M","M","?","M","R","$","E","T","?","R","?","M","$","R","B",null,"M","M","M","$","?"],"character_chosen":"THE_SILENT","items_purchased":["Panache","Predator"],"gold_per_floor":[116,131,146,321,336,336,48,82,105,105,105,105,121,21,21,141,141,164,180,200,5,5,5],"floor_reached":23,"campfire_rested":2,"playtime":1132,"current_hp_per_floor":[70,70,70,70,51,51,51,26,26,26,45,33,25,25,44,36,65,53,33,16,16,16,0],"items_purged":["Defend_G","Strike_G","Defend_G"],"gold":5,"score":210,"play_id":"2dbcad93-2a93-41e9-9c55-41aac4a1db74","local_time":"20180326024155","is_prod":false,"is_daily":false,"is_ascension_mode":true,"campfire_upgraded":1,"timestamp":1522046515,"path_taken":["M","M","M","?","M","R","?","E","T","?","R","?","M","$","R","BOSS","M","M","M","$","?","E"],"build_version":"2018-03-22v2","purchased_purges":3,"victory":false,"master_deck":["Defend_G","Defend_G","Defend_G","Strike_G","Strike_G","Strike_G","Strike_G","Survivor","Neutralize","Dash","Acrobatics","Dagger Throw","Doubt","Caltrops+1","Panache","Eviscerate","Blur","Die Die Die","Calculated Gamble","Reflex+1","Leg Sweep+1","Predator"],"max_hp_per_floor":[70,70,70,70,70,70,70,70,70,65,65,65,65,65,65,65,65,65,65,65,65,65,65],"relics":["Snecko Eye","Shuriken","Lantern","Golden Idol","Tingsha","Sozu"],"card_choices":[{"not_picked":["Sucker Punch","Catalyst"],"picked":"Dash","floor":1},{"not_picked":["Poisoned Stab","Dodge and Roll"],"picked":"Acrobatics","floor":2},{"not_picked":["Corpse Explosion","Sucker Punch"],"picked":"Dagger Throw","floor":3},{"not_picked":["Poisoned Stab","Well Laid Plans"],"picked":"Caltrops","floor":5},{"not_picked":["Bane","Dash"],"picked":"Eviscerate","floor":8},{"not_picked":["Heel Hook","Deflect"],"picked":"Blur","floor":13},{"not_picked":["Tools of the Trade","Envenom"],"picked":"Die Die Die","floor":16},{"not_picked":["Slice","Expertise"],"picked":"Calculated Gamble","floor":18},{"not_picked":["Finisher","Slice"],"picked":"Reflex","floor":19},{"not_picked":["Poisoned Stab","PiercingWail"],"picked":"Leg Sweep","floor":20}],"player_experience":89340,"potions_floor_usage":[16,20,23],"damage_taken":[{"damage":0,"enemies":"Small Slimes","floor":1,"turns":5},{"damage":0,"enemies":"Jaw Worm","floor":2,"turns":3},{"damage":0,"enemies":"2 Louse","floor":3,"turns":2},{"damage":19,"enemies":"Exordium Thugs","floor":5,"turns":4},{"damage":25,"enemies":"Gremlin Nob","floor":8,"turns":4},{"damage":8,"enemies":"Looter","floor":13,"turns":3},{"damage":8,"enemies":"Slime Boss","floor":16,"turns":9},{"damage":12,"enemies":"Shell Parasite","floor":18,"turns":4},{"damage":20,"enemies":"2 Thieves","floor":19,"turns":3},{"damage":23,"enemies":"Centurion and Healer","floor":20,"turns":6},{"damage":19,"enemies":"Slavers","floor":23,"turns":1}],"event_choices":[{"event_name":"Liars Game","player_choice":"agreed","floor":4,"damage_taken":0},{"event_name":"Golden Idol","player_choice":"Lose Max HP","floor":10,"damage_taken":0},{"event_name":"Scrap Ooze","player_choice":"success","floor":12,"damage_taken":12},{"event_name":"Drug Dealer","player_choice":"Ignored","floor":22,"damage_taken":0}],"boss_relics":[{"not_picked":["Tiny House","The Specimen"],"picked":"Sozu"}],"potions_floor_spawned":[1,5,16,18],"seed_played":"7324098380540263240","killed_by":"Slavers","ascension_level":2,"is_trial":false}