{"gold_per_floor":[116,135,135,154,154,154,171,171,171,171,201,51,51,29,29,128,128,139,156,116,131,143,143,143,177,229,247,247,259,274,305,305,410,410,430,476,490,1489,1506,889,959,96,123,123,154,166,192,221,233,245],"floor_reached":51,"playtime":3463,"items_purged":["Normality","Normality"],"score":1123,"play_id":"02083bac-0599-4d54-a2f3-e13646567205","local_time":"20181110051019","is_ascension_mode":true,"campfire_choices":[{"data":"Genetic Algorithm","floor":6,"key":"SMITH"},{"data":"Hologram","floor":8,"key":"SMITH"},{"data":"Zap","floor":10,"key":"SMITH"},{"floor":15,"key":"REST"},{"data":"Streamline","floor":23,"key":"SMITH"},{"data":"Go for the Eyes","floor":28,"key":"SMITH"},{"floor":32,"key":"REST"},{"data":"Dualcast","floor":44,"key":"SMITH"},{"data":"Capacitor","floor":46,"key":"SMITH"},{"data":"Coolheaded","floor":49,"key":"SMITH"}],"neow_cost":"NONE","seed_source_timestamp":140544044825396,"circlet_count":0,"master_deck":["AscendersBane","Zap+1","Dualcast+1","BootSequence","Chaos+1","Genetic Algorithm+1","Hologram+1","All For One+1","Turbo","Streamline+1","Rainbow+1","Conserve Battery+1","Steam+1","Gash+1","Go for the Eyes+1","Compile Driver+1","Defragment+1","Redo+1","Coolheaded+1","Seek","BootSequence","Capacitor+1","Barrage+1","Stack","Sweeping Beam","Stack","Beam Cell","FTL+1","Lockon+1","Cold Snap+1"],"relics":["Eternal Feather","Shuriken","Letter Opener","DataDisk","Runic Pyramid","Centennial Puzzle","PreservedInsect","Ice Cream","Pandora\u0027s Box","Turnip","Oddly Smooth Stone","Tiny Chest","HandDrill","Molten Egg 2","TheAbacus","Gambling Chip","Omamori","Whetstone","MawBank"],"potions_floor_usage":[7,11,22,22,27,29,31,36,39,50,50],"damage_taken":[{"damage":1,"enemies":"Cultist","floor":1,"turns":3},{"damage":11,"enemies":"Small Slimes","floor":2,"turns":3},{"damage":0,"enemies":"2 Louse","floor":4,"turns":2},{"damage":25,"enemies":"Exordium Wildlife","floor":7,"turns":5},{"damage":31,"enemies":"Gremlin Nob","floor":11,"turns":5},{"damage":15,"enemies":"The Guardian","floor":16,"turns":9},{"damage":0,"enemies":"Spheric Guardian","floor":18,"turns":3},{"damage":18,"enemies":"Chosen","floor":19,"turns":7},{"damage":2,"enemies":"Shelled Parasite and Fungi","floor":21,"turns":5},{"damage":9,"enemies":"Snake Plant","floor":22,"turns":4},{"damage":24,"enemies":"Slavers","floor":25,"turns":5},{"damage":0,"enemies":"Snecko","floor":27,"turns":3},{"damage":23,"enemies":"Shelled Parasite and Fungi","floor":29,"turns":4},{"damage":0,"enemies":"Centurion and Healer","floor":30,"turns":6},{"damage":3,"enemies":"Gremlin Leader","floor":31,"turns":6},{"damage":1,"enemies":"Automaton","floor":33,"turns":7},{"damage":0,"enemies":"Orb Walker","floor":35,"turns":4},{"damage":21,"enemies":"2 Orb Walkers","floor":36,"turns":5},{"damage":0,"enemies":"3 Shapes","floor":37,"turns":4},{"damage":13,"enemies":"Spire Growth","floor":39,"turns":8},{"damage":0,"enemies":"Giant Head","floor":45,"turns":5},{"damage":2,"enemies":"Jaw Worm Horde","floor":47,"turns":3},{"damage":0,"enemies":"Maw","floor":48,"turns":5},{"damage":21,"enemies":"Donu and Deca","floor":50,"turns":6}],"seed_played":"-9037934044400826222","potions_obtained":[{"floor":1,"key":"Ancient Potion"},{"floor":4,"key":"Ancient Potion"},{"floor":7,"key":"Weak Potion"},{"floor":19,"key":"LiquidBronze"},{"floor":25,"key":"Strength Potion"},{"floor":27,"key":"Poison Potion"},{"floor":29,"key":"FocusPotion"},{"floor":33,"key":"EssenceOfSteel"},{"floor":35,"key":"Ancient Potion"},{"floor":39,"key":"Ancient Potion"}],"is_trial":false,"path_per_floor":["M","M","?","M","?","R","M","R","T","R","E","$","?","$","R","B",null,"M","M","?","M","M","R","?","E","T","M","R","M","M","E","R","B",null,"M","?","M","?","M","$","T","$","T","R","E","R","M","M","R","B",null],"character_chosen":"DEFECT","items_purchased":["DataDisk","Streamline","Oddly Smooth Stone","Tiny Chest","HandDrill","FocusPotion","FTL+1","Lockon+1","TheAbacus","Gambling Chip","Omamori"],"campfire_rested":2,"item_purchase_floors":[12,14,40,40,40,40,42,42,42,42,42],"current_hp_per_floor":[67,56,56,56,56,62,37,46,46,55,24,24,24,24,55,40,66,66,48,48,46,37,49,49,25,25,25,37,14,14,11,48,47,68,68,47,47,47,34,34,34,34,34,49,49,64,62,62,75,54],"gold":257,"neow_bonus":"BOSS_RELIC","is_prod":false,"is_daily":false,"chose_seed":false,"campfire_upgraded":8,"win_rate":0,"timestamp":1541844619,"path_taken":["M","M","?","?","?","R","M","R","T","R","E","$","?","?","R","BOSS","M","M","?","M","?","R","?","E","T","M","R","M","?","E","R","BOSS","M","?","M","?","M","$","?","$","T","R","E","R","M","M","R","BOSS"],"build_version":"2018-11-08","purchased_purges":2,"victory":true,"max_hp_per_floor":[75,75,75,75,75,75,75,75,75,75,75,75,75,75,75,75,75,75,75,75,75,75,75,75,75,75,75,75,75,75,75,75,75,75,75,75,75,75,75,75,75,75,75,75,75,75,75,75,75,75],"card_choices":[{"not_picked":["Beam Cell","Turbo"],"picked":"BootSequence","floor":1},{"not_picked":["Undo","Blizzard"],"picked":"Chaos","floor":2},{"not_picked":["Redo","Turbo"],"picked":"Genetic Algorithm","floor":4},{"not_picked":["Barrage","White Noise"],"picked":"Hologram","floor":7},{"not_picked":["Heatsinks","Stack"],"picked":"All For One","floor":11},{"not_picked":["Reboot","Meteor Strike"],"picked":"Rainbow","floor":16},{"not_picked":["Leap+1","Steam"],"picked":"Conserve Battery+1","floor":18},{"not_picked":["Ball Lightning","Hologram+1"],"picked":"Steam+1","floor":19},{"not_picked":["Rip and Tear","Blizzard"],"picked":"Gash+1","floor":21},{"not_picked":["Darkness","Blizzard"],"picked":"Go for the Eyes","floor":22},{"not_picked":["Undo","Fusion"],"picked":"Compile Driver+1","floor":25},{"not_picked":["Glacier","Turbo"],"picked":"Defragment+1","floor":27},{"not_picked":["Cold Snap","Tempest"],"picked":"Redo+1","floor":29},{"not_picked":["Biased Cognition","Hologram","Turbo"],"picked":"SKIP","floor":30},{"not_picked":["Aggregate+1","Turbo"],"picked":"Coolheaded","floor":31},{"not_picked":["Reboot","All For One"],"picked":"Seek","floor":33},{"not_picked":["Go for the Eyes","Rebound","Sweeping Beam+1"],"picked":"SKIP","floor":35},{"not_picked":["Go for the Eyes+1","Fusion"],"picked":"Beam Cell","floor":37},{"not_picked":["Cold Snap","Ball Lightning","Double Energy+1"],"picked":"SKIP","floor":39},{"not_picked":["Go for the Eyes+1","Skim","Chill"],"picked":"SKIP","floor":45},{"not_picked":["Barrage+1","BootSequence"],"picked":"Cold Snap+1","floor":47},{"not_picked":["Leap+1","Skim","Capacitor"],"picked":"SKIP","floor":48}],"player_experience":659584,"relics_obtained":[{"floor":9,"key":"Shuriken"},{"floor":11,"key":"Letter Opener"},{"floor":25,"key":"Centennial Puzzle"},{"floor":26,"key":"PreservedInsect"},{"floor":31,"key":"Ice Cream"},{"floor":36,"key":"Turnip"},{"floor":41,"key":"Molten Egg 2"},{"floor":43,"key":"Whetstone"},{"floor":45,"key":"MawBank"}],"event_choices":[{"damage_healed":0,"gold_gain":0,"player_choice":"Upgraded","damage_taken":0,"max_hp_gain":0,"max_hp_loss":0,"event_name":"Upgrade Shrine","floor":3,"gold_loss":0,"cards_upgraded":["Chaos"]},{"damage_healed":0,"gold_gain":0,"player_choice":"Ignored","damage_taken":0,"max_hp_gain":0,"max_hp_loss":0,"event_name":"Liars Game","floor":5,"gold_loss":0},{"damage_healed":0,"gold_gain":0,"cards_transformed":["Strike_B"],"player_choice":"Change","damage_taken":0,"max_hp_gain":0,"max_hp_loss":0,"event_name":"Living Wall","floor":13,"gold_loss":0,"cards_obtained":["Turbo"]},{"damage_healed":0,"gold_gain":0,"player_choice":"Upgrade","damage_taken":0,"max_hp_gain":0,"max_hp_loss":0,"event_name":"Designer","floor":20,"gold_loss":40,"cards_upgraded":["Rainbow"]},{"cards_removed":["Strike_B"],"damage_healed":0,"gold_gain":0,"player_choice":"Purged","damage_taken":0,"max_hp_gain":0,"max_hp_loss":0,"event_name":"Purifier","floor":24,"gold_loss":0},{"damage_healed":0,"gold_gain":0,"player_choice":"Fight","damage_taken":0,"max_hp_gain":0,"max_hp_loss":0,"event_name":"Mysterious Sphere","floor":36,"gold_loss":0},{"damage_healed":0,"gold_gain":999,"player_choice":"Gold","damage_taken":0,"max_hp_gain":0,"max_hp_loss":0,"event_name":"MindBloom","floor":38,"gold_loss":0,"cards_obtained":["Normality","Normality"]}],"is_beta":false,"boss_relics":[{"not_picked":["Inserter","Empty Cage"],"picked":"Runic Pyramid"},{"not_picked":["Snecko Eye","Velvet Choker"],"picked":"Pandora\u0027s Box"}],"items_purged_floors":[40,42],"is_endless":false,"potions_floor_spawned":[1,4,7,19,25,27,29,33,35,39,47,48],"ascension_level":11}