{"gold_per_floor":[119,138,152,152,152,152,185,185,210,210,243,243,22,38,38,167,167,188,202,216,216],"floor_reached":21,"playtime":1984,"items_purged":[],"score":189,"play_id":"f19bdfcf-c5db-42ab-8d10-ee77151e4bd7","local_time":"20190322085223","is_ascension_mode":false,"campfire_choices":[{"data":"Deflect","floor":6,"key":"SMITH"},{"data":"Slice","floor":8,"key":"SMITH"},{"floor":10,"key":"REST"},{"floor":15,"key":"REST"}],"neow_cost":"NONE","seed_source_timestamp":61212541346639,"circlet_count":0,"master_deck":["Defend_G","Defend_G","Defend_G","Defend_G","Strike_G","Strike_G","Strike_G","Strike_G","Strike_G","Survivor","Neutralize","Slice+1","Well Laid Plans","Deflect+1","Adrenaline","Quick Slash","Deflect","Slice","Backflip","Burst","Blade Dance+1","Poisoned Stab","Flying Knee+1"],"relics":["Ring of the Snake","Golden Idol","Juzu Bracelet","Blood Vial","Ancient Tea Set","Lantern","WristBlade"],"potions_floor_usage":[7,11,16,16,20],"damage_taken":[{"damage":0,"enemies":"2 Louse","floor":1,"turns":3},{"damage":3,"enemies":"Small Slimes","floor":2,"turns":3},{"damage":1,"enemies":"Jaw Worm","floor":3,"turns":4},{"damage":33,"enemies":"3 Sentries","floor":7,"turns":17},{"damage":41,"enemies":"Lagavulin","floor":11,"turns":12},{"damage":0,"enemies":"Red Slaver","floor":14,"turns":3},{"damage":26,"enemies":"The Guardian","floor":16,"turns":20},{"damage":6,"enemies":"Chosen","floor":18,"turns":7},{"damage":7,"enemies":"Shell Parasite","floor":19,"turns":5},{"damage":50,"enemies":"Snake Plant","floor":20,"turns":7},{"damage":18,"enemies":"Shelled Parasite and Fungi","floor":21,"turns":4}],"seed_played":"514541794859672382","potions_obtained":[{"floor":1,"key":"SpeedPotion"},{"floor":2,"key":"Strength Potion"},{"floor":3,"key":"Swift Potion"},{"floor":11,"key":"SpeedPotion"},{"floor":19,"key":"FearPotion"}],"is_trial":false,"path_per_floor":["M","M","M","?","?","R","E","R","T","R","E","?","$","M","R","B",null,"M","M","M","M"],"character_chosen":"THE_SILENT","items_purchased":["Lantern","Deflect","Slice"],"campfire_rested":2,"item_purchase_floors":[13,13,13],"current_hp_per_floor":[70,67,66,66,66,66,33,33,33,54,15,15,15,17,38,14,70,64,59,11,0],"gold":216,"neow_bonus":"REMOVE_CARD","is_prod":false,"is_daily":false,"chose_seed":false,"campfire_upgraded":2,"win_rate":0.0,"timestamp":1553208743,"path_taken":["M","M","M","?","?","R","E","R","T","R","E","?","$","M","R","BOSS","M","M","M","M"],"build_version":"2019-01-23","purchased_purges":0,"victory":false,"max_hp_per_floor":[70,70,70,70,70,70,70,70,70,70,70,70,70,70,70,70,70,70,70,70,70],"card_choices":[{"not_picked":["Riddle With Holes","Eviscerate"],"picked":"Slice","floor":1},{"not_picked":["Outmaneuver","Skewer"],"picked":"Well Laid Plans","floor":2},{"not_picked":["Underhanded Strike","Dash"],"picked":"Deflect","floor":3},{"not_picked":["Malaise","Dodge and Roll"],"picked":"Adrenaline","floor":7},{"not_picked":["Slice","Sucker Punch"],"picked":"Quick Slash","floor":11},{"not_picked":["Riddle With Holes","Deadly Poison"],"picked":"Backflip","floor":14},{"not_picked":["Malaise","After Image"],"picked":"Burst","floor":16},{"not_picked":["Quick Slash","Poisoned Stab"],"picked":"Blade Dance+1","floor":18},{"not_picked":["Outmaneuver","Heel Hook"],"picked":"Poisoned Stab","floor":19},{"not_picked":["All Out Attack","Leg Sweep"],"picked":"Flying Knee+1","floor":20}],"player_experience":20672,"relics_obtained":[{"floor":7,"key":"Juzu Bracelet"},{"floor":9,"key":"Blood Vial"},{"floor":11,"key":"Ancient Tea Set"}],"event_choices":[{"damage_healed":0,"gold_gain":0,"player_choice":"Ignored","damage_taken":0,"max_hp_gain":0,"max_hp_loss":0,"event_name":"Golden Wing","floor":4,"gold_loss":0},{"damage_healed":0,"gold_gain":0,"player_choice":"Take Wound","damage_taken":0,"relics_obtained":["Golden Idol"],"max_hp_gain":0,"max_hp_loss":0,"event_name":"Golden Idol","floor":5,"gold_loss":0,"cards_obtained":["Injury"]},{"cards_removed":["Injury"],"damage_healed":0,"gold_gain":0,"player_choice":"Removed Curses","damage_taken":0,"max_hp_gain":0,"max_hp_loss":0,"event_name":"Fountain of Cleansing","floor":12,"gold_loss":0}],"is_beta":false,"boss_relics":[{"not_picked":["Coffee Dripper","Fusion Hammer"],"picked":"WristBlade"}],"items_purged_floors":[],"is_endless":false,"potions_floor_spawned":[1,2,3,11,19],"killed_by":"Shelled Parasite and Fungi","ascension_level":0}