{"gold_per_floor":[117,127,138,155,105,131,131,160,160,178,178,103,103,103,103,198,198,212,212,232,31,51,86,116,116,142,156,156,156,166,201,213,324,336,363,375,487,499,88,88,136,147,174,0,19,54,54,87,87,87,87,87,39,74,74],"floor_reached":56,"playtime":5627,"items_purged":["Strike_G"],"score":1725,"play_id":"4137bae0-0e69-4f41-942d-95c0260c63d2","local_time":"20190910000521","is_ascension_mode":true,"campfire_choices":[{"data":"Neutralize","floor":7,"key":"SMITH"},{"data":"1","floor":11,"key":"LIFT"},{"data":"2","floor":13,"key":"LIFT"},{"data":"3","floor":15,"key":"LIFT"},{"data":"Envenom","floor":32,"key":"SMITH"},{"floor":40,"key":"RECALL"},{"data":"Apotheosis","floor":47,"key":"SMITH"},{"data":"Malaise","floor":49,"key":"SMITH"},{"floor":52,"key":"REST"}],"neow_cost":"PERCENT_DAMAGE","seed_source_timestamp":2169282812255700,"circlet_count":0,"master_deck":["Defend_G+1","Defend_G+1","Defend_G+1","Defend_G+1","Defend_G+1","Survivor","Neutralize+1","Sucker Punch","Infinite Blades","Cloak And Dagger","Caltrops","Dodge and Roll","Malaise+1","Predator","Heel Hook","Envenom+1","Cloak And Dagger+1","Cloak And Dagger+1","Blade Dance","Apotheosis+1","Footwork","Dodge and Roll","Backflip","Backflip","Adrenaline"],"special_seed":0,"relics":["Ring of the Snake","Lantern","Girya","WingedGreaves","Letter Opener","Runic Dome","ClockworkSouvenir","Pear","Meat on the Bone","Ancient Tea Set","MawBank","WristBlade","Gambling Chip","Kunai","Happy Flower","Nunchaku","Red Mask","Torii","PreservedInsect","Pen Nib"],"potions_floor_usage":[4,6,16,20,24,55,55,55],"damage_taken":[{"damage":2,"enemies":"Cultist","floor":1,"turns":6},{"damage":0,"enemies":"2 Louse","floor":2,"turns":3},{"damage":1,"enemies":"Jaw Worm","floor":3,"turns":4},{"damage":0,"enemies":"Blue Slaver","floor":4,"turns":6},{"damage":14,"enemies":"Lagavulin","floor":6,"turns":8},{"damage":9,"enemies":"3 Sentries","floor":8,"turns":11},{"damage":3,"enemies":"Exordium Thugs","floor":10,"turns":6},{"damage":0,"enemies":"Hexaghost","floor":16,"turns":9},{"damage":0,"enemies":"Chosen","floor":18,"turns":4},{"damage":0,"enemies":"3 Byrds","floor":20,"turns":2},{"damage":8,"enemies":"Shelled Parasite and Fungi","floor":22,"turns":5},{"damage":19,"enemies":"Gremlin Leader","floor":23,"turns":6},{"damage":14,"enemies":"Slavers","floor":24,"turns":6},{"damage":4,"enemies":"Snake Plant","floor":27,"turns":4},{"damage":0,"enemies":"Cultist and Chosen","floor":30,"turns":6},{"damage":0,"enemies":"Book of Stabbing","floor":31,"turns":6},{"damage":23,"enemies":"Collector","floor":33,"turns":10},{"damage":0,"enemies":"Orb Walker","floor":35,"turns":3},{"damage":0,"enemies":"Mind Bloom Boss Battle","floor":37,"turns":6},{"damage":10,"enemies":"2 Orb Walkers","floor":41,"turns":4},{"damage":0,"enemies":"3 Darklings","floor":42,"turns":5},{"damage":0,"enemies":"Jaw Worm Horde","floor":45,"turns":4},{"damage":0,"enemies":"Nemesis","floor":46,"turns":7},{"damage":12,"enemies":"Reptomancer","floor":48,"turns":5},{"damage":0,"enemies":"Donu and Deca","floor":50,"turns":8},{"damage":48,"enemies":"Shield and Spear","floor":54,"turns":7},{"damage":44,"enemies":"The Heart","floor":55,"turns":8}],"seed_played":"-5362270248658131815","potions_obtained":[{"floor":1,"key":"SpeedPotion"},{"floor":3,"key":"Regen Potion"},{"floor":4,"key":"AttackPotion"},{"floor":8,"key":"LiquidBronze"},{"floor":10,"key":"Poison Potion"},{"floor":16,"key":"Swift Potion"},{"floor":23,"key":"LiquidBronze"},{"floor":24,"key":"Poison Potion"},{"floor":33,"key":"Strength Potion"},{"floor":54,"key":"Regen Potion"}],"is_trial":false,"path_per_floor":["M","M","M","M","?","E","R","E","T","M","R","$","R","T","R","B",null,"M","?","M","$","M","E","E","?","T","M","?","?","M","E","R","B",null,"M","?","?","?","$","R","?","M","T","?","M","E","R","E","R","B",null,"R","$","E","B",null],"character_chosen":"THE_SILENT","items_purchased":["ClockworkSouvenir","Kunai","Footwork","Happy Flower","SpeedPotion"],"campfire_rested":1,"item_purchase_floors":[21,39,39,39,53],"current_hp_per_floor":[43,43,42,57,57,43,43,34,34,31,31,31,31,31,31,31,60,60,60,60,60,52,43,29,29,29,37,22,50,50,50,50,39,74,74,74,74,74,74,74,64,64,64,64,64,64,64,52,52,52,77,85,85,49,32],"gold":74,"neow_bonus":"REMOVE_TWO","is_prod":false,"is_daily":false,"chose_seed":false,"campfire_upgraded":4,"win_rate":0,"timestamp":1568063121,"path_taken":["M","M","?","M","?","E","R","E","T","M","R","$","R","?","R","BOSS","M","?","M","?","M","E","E","?","T","M","?","?","?","E","R","BOSS","M","?","?","?","$","R","?","?","T","?","M","E","R","E","R","BOSS","R","$","E","BOSS"],"build_version":"2019-07-17","purchased_purges":1,"victory":true,"max_hp_per_floor":[70,70,70,70,70,70,70,70,70,70,70,70,70,70,70,70,70,70,70,70,70,70,80,80,80,80,80,85,85,85,85,85,85,85,85,85,85,85,85,85,85,85,85,85,85,85,85,85,85,85,85,85,85,85,85],"card_choices":[{"not_picked":["Skewer","Backflip"],"picked":"Sucker Punch","floor":1},{"not_picked":["Eviscerate","Terror"],"picked":"Dagger Throw","floor":2},{"not_picked":["Slice","Choke","Quick Slash"],"picked":"SKIP","floor":3},{"not_picked":["Underhanded Strike","Backstab"],"picked":"Infinite Blades","floor":4},{"not_picked":["Backflip","Bane"],"picked":"Cloak And Dagger","floor":6},{"not_picked":["Prepared","Slice"],"picked":"Caltrops","floor":8},{"not_picked":["Dagger Spray","Dagger Throw"],"picked":"Dodge and Roll","floor":10},{"not_picked":["Bullet Time","Storm of Steel"],"picked":"Malaise","floor":16},{"not_picked":["Deflect+1","Dagger Throw","Underhanded Strike"],"picked":"SKIP","floor":18},{"not_picked":["Dagger Throw+1","Dodge and Roll","Phantasmal Killer"],"picked":"SKIP","floor":20},{"not_picked":["Outmaneuver+1","Reflex"],"picked":"Heel Hook","floor":22},{"not_picked":["Backflip+1","Distraction+1"],"picked":"Envenom","floor":23},{"not_picked":["Flechettes","Slice","Choke"],"picked":"SKIP","floor":24},{"not_picked":["Dodge and Roll","Deadly Poison"],"picked":"Cloak And Dagger+1","floor":27},{"not_picked":["Poisoned Stab","Skewer"],"picked":"Cloak And Dagger+1","floor":30},{"not_picked":["Quick Slash+1","Dagger Spray"],"picked":"Blade Dance","floor":31},{"not_picked":["Prepared+1","Blade Dance","Blur"],"picked":"SKIP","floor":35},{"not_picked":["Enlightenment","Flash of Steel"],"picked":"Apotheosis","floor":38},{"not_picked":["Prepared","Riddle With Holes"],"picked":"Dodge and Roll","floor":41},{"not_picked":["Distraction","Riddle With Holes+1"],"picked":"Backflip","floor":42},{"not_picked":["Cloak And Dagger+1","Heel Hook+1","Flying Knee+1"],"picked":"SKIP","floor":45},{"not_picked":["Catalyst","Footwork"],"picked":"Backflip","floor":46},{"not_picked":["All Out Attack+1","Caltrops","Sucker Punch+1"],"picked":"SKIP","floor":48},{"not_picked":["Outmaneuver","Backflip+1"],"picked":"Adrenaline","floor":54}],"player_experience":248365,"relics_obtained":[{"floor":6,"key":"Lantern"},{"floor":8,"key":"Girya"},{"floor":9,"key":"WingedGreaves"},{"floor":14,"key":"Letter Opener"},{"floor":23,"key":"Pear"},{"floor":24,"key":"Meat on the Bone"},{"floor":26,"key":"Ancient Tea Set"},{"floor":31,"key":"MawBank"},{"floor":37,"key":"Gambling Chip"},{"floor":41,"key":"Nunchaku"},{"floor":46,"key":"Torii"},{"floor":48,"key":"PreservedInsect"},{"floor":54,"key":"Pen Nib"}],"event_choices":[{"cards_removed":["Strike_G"],"damage_healed":0,"gold_gain":0,"player_choice":"Card Removal","damage_taken":0,"max_hp_gain":0,"max_hp_loss":0,"event_name":"The Cleric","floor":5,"gold_loss":50},{"damage_healed":0,"gold_gain":0,"cards_transformed":["Strike_G"],"player_choice":"Transformed","damage_taken":0,"max_hp_gain":0,"max_hp_loss":0,"event_name":"Transmorgrifier","floor":19,"gold_loss":0,"cards_obtained":["Predator"]},{"damage_healed":0,"gold_gain":0,"player_choice":"Simplicity","damage_taken":0,"max_hp_gain":0,"max_hp_loss":0,"event_name":"Back to Basics","floor":25,"gold_loss":0,"cards_upgraded":["Defend_G","Defend_G","Defend_G","Defend_G","Defend_G"]},{"damage_healed":0,"gold_gain":0,"player_choice":"Shed Blood","damage_taken":20,"max_hp_gain":5,"max_hp_loss":0,"event_name":"Forgotten Altar","floor":28,"gold_loss":0},{"damage_healed":28,"gold_gain":0,"player_choice":"Heal","damage_taken":0,"max_hp_gain":0,"max_hp_loss":0,"event_name":"The Library","floor":29,"gold_loss":0},{"cards_removed":["Dagger Throw"],"damage_healed":0,"gold_gain":0,"player_choice":"Removed Attack","damage_taken":0,"max_hp_gain":0,"max_hp_loss":0,"event_name":"Falling","floor":36,"gold_loss":0},{"damage_healed":0,"gold_gain":0,"player_choice":"Fight","damage_taken":0,"max_hp_gain":0,"max_hp_loss":0,"event_name":"MindBloom","floor":37,"gold_loss":0},{"damage_healed":0,"gold_gain":0,"player_choice":"Memory 1","damage_taken":0,"max_hp_gain":0,"max_hp_loss":0,"event_name":"SensoryStone","floor":38,"gold_loss":0},{"damage_healed":0,"gold_gain":0,"player_choice":"Fight","damage_taken":0,"max_hp_gain":0,"max_hp_loss":0,"event_name":"Mysterious Sphere","floor":41,"gold_loss":0},{"damage_healed":0,"gold_gain":0,"player_choice":"Paid","damage_taken":0,"relics_obtained":["Red Mask"],"max_hp_gain":0,"max_hp_loss":0,"event_name":"Tomb of Lord Red Mask","floor":44,"gold_loss":174}],"is_beta":false,"boss_relics":[{"not_picked":["Astrolabe","Eternal Feather"],"picked":"Runic Dome"},{"not_picked":["Orrery","Coffee Dripper"],"picked":"WristBlade"}],"items_purged_floors":[12],"is_endless":false,"potions_floor_spawned":[1,3,4,8,10,16,23,24,33,35,37,45,54],"ascension_level":6}