{"gold_per_floor":[364,382,382,7,7,19,59,71,107,132,158,205,24,59,59,130,130,140,154,168,195,212,212,239,257,257,257,257,288,288,688,688,761,761,773,873,873,1095,11,46,46,75,75,75,75,87,107,124,124,124],"floor_reached":51,"playtime":8743,"items_purged":["Writhe","Writhe"],"score":1476,"play_id":"57f16712-14db-40e2-8617-c643113e5e68","local_time":"20190717211400","is_ascension_mode":true,"campfire_choices":[{"data":"Whirlwind","floor":6.0,"key":"SMITH"},{"data":"Pommel Strike","floor":8.0,"key":"SMITH"},{"floor":15.0,"key":"REST"},{"floor":23,"key":"REST"},{"floor":27,"key":"REST"},{"floor":30,"key":"REST"},{"data":"Entrench","floor":32,"key":"SMITH"},{"data":"Limit Break","floor":41,"key":"SMITH"},{"data":"Offering","floor":45,"key":"SMITH"},{"floor":49,"key":"REST"}],"neow_cost":"CURSE","seed_source_timestamp":0,"circlet_count":0,"master_deck":["AscendersBane","Strike_R","Strike_R","Defend_R","Defend_R","Defend_R","Defend_R","Bash","Power Through","Pommel Strike+1","Wild Strike","Whirlwind+1","Second Wind","Dropkick","Rampage","Heavy Blade","Exhume","True Grit","Barricade+1","Offering+1","True Grit+1","Clothesline","Shockwave","Battle Trance","Corruption+1","Dropkick","Entrench+1","Demon Form+1","Berserk+1","Flex+1","Whirlwind+1","Armaments","Bandage Up","Limit Break+1","Master of Strategy","Armaments","Evolve+1","Writhe","True Grit","Parasite","Juggernaut+1"],"special_seed":0,"relics":["Burning Blood","Bag of Marbles","MawBank","Happy Flower","Art of War","Oddly Smooth Stone","PreservedInsect","Frozen Egg 2","Sozu","Red Mask","The Courier","Bag of Preparation","Ornamental Fan","Vajra","Old Coin","Meat on the Bone","Astrolabe","Thread and Needle","Medical Kit","Self Forming Clay","Molten Egg 2","Tiny Chest","Red Skull","Singing Bowl","Potion Belt","Ice Cream"],"potions_floor_usage":[16,16,21],"damage_taken":[{"damage":6.0,"enemies":"Cultist","floor":1.0,"turns":4.0},{"damage":1.0,"enemies":"Jaw Worm","floor":2.0,"turns":5.0},{"damage":20.0,"enemies":"3 Sentries","floor":7.0,"turns":7.0},{"damage":0.0,"enemies":"2 Louse","floor":10.0,"turns":1.0},{"damage":20.0,"enemies":"Exordium Thugs","floor":11.0,"turns":4.0},{"damage":32.0,"enemies":"Gremlin Nob","floor":12.0,"turns":4.0},{"damage":14.0,"enemies":"Lagavulin","floor":14.0,"turns":5.0},{"damage":34,"enemies":"Hexaghost","floor":16,"turns":9},{"damage":6,"enemies":"3 Byrds","floor":18,"turns":1},{"damage":8,"enemies":"Chosen","floor":19,"turns":3},{"damage":18,"enemies":"Snake Plant","floor":20,"turns":3},{"damage":22,"enemies":"Masked Bandits","floor":21,"turns":4},{"damage":13,"enemies":"Centurion and Healer","floor":22,"turns":9},{"damage":16,"enemies":"Slavers","floor":24,"turns":5},{"damage":6,"enemies":"Snecko","floor":25,"turns":4},{"damage":23,"enemies":"Book of Stabbing","floor":29,"turns":5},{"damage":16,"enemies":"Colosseum Slavers","floor":31,"turns":4},{"damage":0,"enemies":"Colosseum Nobs","floor":31,"turns":4},{"damage":35,"enemies":"Champ","floor":33,"turns":16},{"damage":45,"enemies":"3 Darklings","floor":35,"turns":4},{"damage":6,"enemies":"Mind Bloom Boss Battle","floor":36,"turns":6},{"damage":6,"enemies":"Nemesis","floor":40,"turns":5},{"damage":6,"enemies":"Giant Head","floor":42,"turns":5},{"damage":14,"enemies":"3 Shapes","floor":46,"turns":5},{"damage":6,"enemies":"Writhing Mass","floor":47,"turns":6},{"damage":28,"enemies":"Jaw Worm Horde","floor":48,"turns":3},{"damage":78,"enemies":"Awakened One","floor":50,"turns":9}],"seed_played":"-1451073399889956107","potions_obtained":[{"floor":2.0,"key":"Swift Potion"},{"floor":10.0,"key":"PowerPotion"},{"floor":14.0,"key":"Strength Potion"},{"floor":16,"key":"Dexterity Potion"}],"is_trial":false,"path_per_floor":["M","M","?","$","T","R","E","R","T","M","M","E","$","E","R","B",null,"M","M","M","?","M","R","E","M","T","R","?","E","R","?","R","B",null,"M","?","?","?","$","E","R","E","T","?","R","M","M","M","R","B",null],"character_chosen":"IRONCLAD","items_purchased":["Bag of Marbles","Wild Strike","Whirlwind","Second Wind","PreservedInsect","True Grit","Medical Kit","Limit Break","Master of Strategy","Self Forming Clay","Molten Egg 2","Tiny Chest","Red Skull","Armaments"],"campfire_rested":5,"item_purchase_floors":[4,4,4,4,13,13,39,39,39,39,39,39,39,39],"current_hp_per_floor":[68,73,75,75,75,75,61,61,61,67,53,27,27,19,41,13,60,60,58,46,30,23,45,35,35,35,57,57,40,62,58,58,41,67,40,52,52,52,52,56,56,66,66,77,77,69,75,53,76,19],"gold":124,"neow_bonus":"TWO_FIFTY_GOLD","is_prod":false,"is_daily":false,"chose_seed":false,"campfire_upgraded":5,"win_rate":0,"timestamp":1563362040,"path_taken":["M","M","?","$","?","R","E","R","T","?","M","E","$","E","R","BOSS","M","?","M","?","M","R","E","M","T","R","?","E","R","?","R","BOSS","M","?","?","?","$","E","R","E","T","?","R","?","M","M","R","BOSS"],"build_version":"2019-07-05","purchased_purges":2,"victory":true,"max_hp_per_floor":[75,75,75,75,75,75,75,75,75,75,75,75,75,75,75,75,75,75,75,75,75,75,75,75,75,75,75,75,75,75,75,75,75,75,75,75,75,75,75,75,75,77,77,77,77,77,79,79,79,79],"card_choices":[{"not_picked":["Armaments","Intimidate"],"picked":"Power Through","floor":1.0},{"not_picked":["Sentinel","Sword Boomerang"],"picked":"Pommel Strike","floor":2.0},{"not_picked":["Wild Strike","Power Through"],"picked":"Dropkick","floor":7.0},{"not_picked":["Rage","Sentinel"],"picked":"Rampage","floor":10.0},{"not_picked":["Rage","Flex"],"picked":"Heavy Blade","floor":11.0},{"not_picked":["Seeing Red","Carnage"],"picked":"Exhume","floor":12.0},{"not_picked":["Flex","Iron Wave"],"picked":"Barricade","floor":14.0},{"not_picked":["Exhume","Bludgeon"],"picked":"Offering","floor":16},{"not_picked":["Wild Strike+1","Perfected Strike"],"picked":"True Grit+1","floor":18},{"not_picked":["Second Wind","Intimidate"],"picked":"Clothesline","floor":19},{"not_picked":["Rampage","Sword Boomerang"],"picked":"Shockwave","floor":20},{"not_picked":["Cleave","Sword Boomerang"],"picked":"Battle Trance","floor":21},{"not_picked":["Entrench","Shrug It Off"],"picked":"Corruption+1","floor":22},{"not_picked":["Pommel Strike","Bloodletting","Pummel"],"picked":"SKIP","floor":24},{"not_picked":["Wild Strike","Sword Boomerang"],"picked":"Dropkick","floor":25},{"not_picked":["Flex","Clash+1","Reckless Charge"],"picked":"SKIP","floor":29},{"not_picked":["Clothesline","Wild Strike"],"picked":"Entrench","floor":31},{"not_picked":["Brutality+1","Dark Embrace+1"],"picked":"Demon Form+1","floor":33},{"not_picked":["Twin Strike+1","Flex"],"picked":"Armaments","floor":35},{"not_picked":["Swift Strike","PanicButton"],"picked":"Bandage Up","floor":37},{"not_picked":["Ghostly Armor","Thunderclap+1"],"picked":"Evolve+1","floor":40},{"not_picked":["Iron Wave+1","Twin Strike+1","Bloodletting"],"picked":"Singing Bowl","floor":42},{"not_picked":["Blood for Blood+1","Clash+1"],"picked":"True Grit","floor":46},{"not_picked":["Infernal Blade","Thunderclap+1","Evolve+1"],"picked":"Singing Bowl","floor":47},{"not_picked":["Cleave+1","Flex"],"picked":"Juggernaut+1","floor":48}],"player_experience":1001087,"relics_obtained":[{"floor":5.0,"key":"MawBank"},{"floor":7.0,"key":"Happy Flower"},{"floor":9.0,"key":"Art of War"},{"floor":12.0,"key":"Oddly Smooth Stone"},{"floor":14.0,"key":"Frozen Egg 2"},{"floor":21,"key":"Red Mask"},{"floor":24,"key":"The Courier"},{"floor":26,"key":"Bag of Preparation"},{"floor":29,"key":"Vajra"},{"floor":31,"key":"Old Coin"},{"floor":31,"key":"Meat on the Bone"},{"floor":36,"key":"Thread and Needle"},{"floor":40,"key":"Singing Bowl"},{"floor":42,"key":"Potion Belt"},{"floor":43,"key":"Ice Cream"}],"event_choices":[{"damage_healed":2.0,"max_hp_gain":0.0,"max_hp_loss":0.0,"gold_gain":0.0,"event_name":"Wheel of Change","player_choice":"Full Heal","floor":3.0,"gold_loss":0.0,"damage_taken":0.0},{"damage_healed":0,"gold_gain":0,"player_choice":"Fought Bandits","damage_taken":0,"max_hp_gain":0,"max_hp_loss":0,"event_name":"Masked Bandits","floor":21,"gold_loss":0},{"damage_healed":0,"gold_gain":0,"player_choice":"Opened","damage_taken":0,"relics_obtained":["Ornamental Fan"],"max_hp_gain":0,"max_hp_loss":0,"event_name":"The Mausoleum","floor":28,"gold_loss":0,"cards_obtained":["Writhe"]},{"damage_healed":0,"gold_gain":0,"player_choice":"Fight","damage_taken":0,"max_hp_gain":0,"max_hp_loss":0,"event_name":"Colosseum","floor":31,"gold_loss":0},{"damage_healed":0,"gold_gain":0,"player_choice":"Fought Nobs","damage_taken":0,"max_hp_gain":0,"max_hp_loss":0,"event_name":"Colosseum","floor":31,"gold_loss":0},{"damage_healed":0,"gold_gain":0,"player_choice":"Fight","damage_taken":0,"max_hp_gain":0,"max_hp_loss":0,"event_name":"MindBloom","floor":36,"gold_loss":0},{"damage_healed":0,"gold_gain":0,"player_choice":"Memory 1","damage_taken":0,"max_hp_gain":0,"max_hp_loss":0,"event_name":"SensoryStone","floor":37,"gold_loss":0},{"damage_healed":0,"gold_gain":222,"player_choice":"Wore Mask","damage_taken":0,"max_hp_gain":0,"max_hp_loss":0,"event_name":"Tomb of Lord Red Mask","floor":38,"gold_loss":0},{"damage_healed":15,"gold_gain":0,"player_choice":"Writhe","damage_taken":0,"max_hp_gain":0,"max_hp_loss":0,"event_name":"Winding Halls","floor":44,"gold_loss":0,"cards_obtained":["Writhe"]}],"is_beta":false,"boss_relics":[{"not_picked":["White Beast Statue","Coffee Dripper"],"picked":"Sozu"},{"not_picked":["Velvet Choker","Runic Pyramid"],"picked":"Astrolabe"}],"items_purged_floors":[4,39],"is_endless":false,"potions_floor_spawned":[2,10,14,16,19,21,22,24,25,36,46,48],"ascension_level":15}