{"path_per_floor":["M","M","T","$","M","R","E","R","T","M","R","$","M","M","R","B",null,"M","M","?"],"character_chosen":"THE_SILENT","items_purchased":["Calculated Gamble","Prepared","Infinite Blades","Flying Knee"],"gold_per_floor":[112,126,126,57,72,72,97,97,170,181,181,38,51,62,62,165,165,183,170,170],"floor_reached":21,"campfire_rested":1,"playtime":1302,"current_hp_per_floor":[70,70,70,70,70,70,47,47,47,47,47,47,47,39,60,54,70,59,36,36],"items_purged":[],"gold":170,"score":181,"play_id":"e282a275-95e6-4830-b8ad-94806aea486f","local_time":"20180320231134","is_prod":false,"is_daily":false,"is_ascension_mode":false,"campfire_upgraded":2,"timestamp":1521601894,"path_taken":["M","M","?","$","M","R","E","R","T","?","R","?","?","M","R","BOSS","M","M","?","?"],"build_version":"2018-03-15v3","purchased_purges":0,"victory":false,"master_deck":["Defend_G","Defend_G","Defend_G","Defend_G","Strike_G","Strike_G","Strike_G","Strike_G","Survivor","Neutralize","Backflip","Choke+1","Calculated Gamble","Outmaneuver+1","Die Die Die","Underhanded Strike","Prepared","Infinite Blades","Flying Knee","Slice","Tools of the Trade","Prepared+1","Eviscerate","Acrobatics"],"max_hp_per_floor":[70,70,70,70,70,70,70,70,70,70,70,70,70,70,70,70,70,70,70,70],"relics":["Ring of the Snake","Frozen Eye","Peace Pipe","Dodecahedron","Question Card"],"card_choices":[{"not_picked":["PiercingWail","Bane"],"picked":"Backflip"},{"not_picked":["Dagger Spray","Riddle With Holes"],"picked":"Choke"},{"not_picked":["PiercingWail","Crippling Poison"],"picked":"Outmaneuver"},{"not_picked":["Flying Knee","Underhanded Strike"],"picked":"Die Die Die"},{"not_picked":["Dagger Throw","Prepared"],"picked":"Underhanded Strike"},{"not_picked":["Dagger Spray","Bullet Time"],"picked":"Slice"},{"not_picked":["Wraith Form","Glass Knife"],"picked":"Tools of the Trade"},{"not_picked":["Caltrops","Predator","Dagger Throw"],"picked":"Prepared"},{"not_picked":["Dagger Throw","Flying Knee","Outmaneuver"],"picked":"Eviscerate"}],"player_experience":35919,"potions_floor_usage":[16,16,18,19],"damage_taken":[{"damage":0,"enemies":"Cultist","floor":1,"turns":4},{"damage":0,"enemies":"Jaw Worm","floor":2,"turns":5},{"damage":0,"enemies":"Small Slimes","floor":5,"turns":3},{"damage":23,"enemies":"3 Sentries","floor":7,"turns":12},{"damage":0,"enemies":"Looter","floor":10,"turns":2},{"damage":0,"enemies":"Lots of Slimes","floor":13,"turns":1},{"damage":8,"enemies":"Large Slime","floor":14,"turns":5},{"damage":6,"enemies":"Slime Boss","floor":16,"turns":8},{"damage":11,"enemies":"Spheric Guardian","floor":18,"turns":4},{"damage":35,"enemies":"2 Thieves","floor":19,"turns":4},{"damage":38,"enemies":"Slaver and Parasite","floor":21,"turns":4}],"event_choices":[{"event_name":"Transmorgrifier","player_choice":"Transform","floor":20,"damage_taken":0}],"boss_relics":[{"not_picked":["Philosopher\u0027s Stone","Velvet Choker"],"picked":"Question Card"}],"potions_floor_spawned":[7,13,14,18],"seed_played":"9130582621452395040","killed_by":"Slaver and Parasite","ascension_level":0,"is_trial":false}