{"gold_per_floor":[109,128,140,157,157,157,187,206,229,229,247,247,257,289,301,386,398,424,455,517,548,560],"floor_reached":22,"playtime":1455,"items_purged":[],"score":400,"play_id":"8c84580c-15a0-48e0-b7d4-d36f68b929a3","local_time":"20190804001755","is_ascension_mode":true,"campfire_choices":[{"data":"White Noise","floor":6,"key":"SMITH"},{"floor":10,"key":"REST"},{"floor":12,"key":"REST"},{"floor":15,"key":"REST"}],"neow_cost":"CURSE","seed_source_timestamp":635833265683552,"circlet_count":0,"master_deck":["AscendersBane","Strike_B","Strike_B","Defend_B","Defend_B","Defend_B","Zap","Dualcast","White Noise+1","Auto Shields","Lockon","Gash","Ball Lightning","Go for the Eyes","Compile Driver","Hologram","Redo","Chill","Barrage","Reinforced Body","Reprogram","All For One","Sunder","Hologram","Turbo"],"relics":["Cracked Core","The Courier","Boot","Dream Catcher","MawBank","Empty Cage"],"potions_floor_usage":[7,16,16,19,22],"damage_taken":[{"damage":12,"enemies":"Jaw Worm","floor":1,"turns":4},{"damage":3,"enemies":"2 Louse","floor":2,"turns":2},{"damage":0,"enemies":"Cultist","floor":3,"turns":3},{"damage":0,"enemies":"Looter","floor":4,"turns":2},{"damage":25,"enemies":"Lagavulin","floor":7,"turns":6},{"damage":16,"enemies":"Lots of Slimes","floor":8,"turns":4},{"damage":5,"enemies":"Large Slime","floor":11,"turns":4},{"damage":9,"enemies":"Looter","floor":13,"turns":3},{"damage":15,"enemies":"3 Sentries","floor":14,"turns":8},{"damage":20,"enemies":"Slime Boss","floor":16,"turns":10},{"damage":21,"enemies":"3 Byrds","floor":18,"turns":6},{"damage":0,"enemies":"Chosen","floor":19,"turns":3},{"damage":30,"enemies":"Centurion and Healer","floor":21,"turns":10},{"damage":6,"enemies":"3 Cultists","floor":22,"turns":2}],"seed_played":"8259121283536613075","potions_obtained":[{"floor":4,"key":"AttackPotion"},{"floor":8,"key":"FearPotion"},{"floor":13,"key":"SpeedPotion"},{"floor":16,"key":"SteroidPotion"},{"floor":18,"key":"Block Potion"}],"is_trial":false,"path_per_floor":["M","M","M","M","?","R","E","M","T","R","M","R","M","E","R","B",null,"M","M","?","M","M"],"character_chosen":"DEFECT","items_purchased":[],"campfire_rested":3,"item_purchase_floors":[],"current_hp_per_floor":[52,49,49,49,44,44,19,3,3,24,19,40,31,16,37,17,55,34,34,34,4,0],"gold":560,"neow_bonus":"TRANSFORM_TWO_CARDS","is_prod":false,"is_daily":false,"chose_seed":false,"campfire_upgraded":1,"win_rate":0,"timestamp":1564892275,"path_taken":["M","M","M","M","?","R","E","M","T","R","M","R","M","E","R","BOSS","M","M","?","?","M"],"build_version":"2019-07-17","purchased_purges":0,"victory":false,"max_hp_per_floor":[71,71,71,71,71,71,71,71,71,71,71,71,71,71,71,71,68,68,68,68,68,68],"card_choices":[{"not_picked":["Cold Snap","Beam Cell"],"picked":"Lockon","floor":1},{"not_picked":["Stack","Blizzard"],"picked":"Gash","floor":2},{"not_picked":["Steam","Turbo"],"picked":"Ball Lightning","floor":3},{"not_picked":["Coolheaded","Ball Lightning"],"picked":"Go for the Eyes","floor":4},{"not_picked":["Steam","Thunder Strike"],"picked":"Compile Driver","floor":7},{"not_picked":["Leap","Reprogram"],"picked":"Hologram","floor":8},{"not_picked":["Hello World","Leap"],"picked":"Redo","floor":10},{"not_picked":["BootSequence","Gash"],"picked":"Chill","floor":11},{"not_picked":["Static Discharge","Multi-Cast"],"picked":"Barrage","floor":12},{"not_picked":["Self Repair","Melter"],"picked":"Reinforced Body","floor":13},{"not_picked":["Consume","Streamline","Tempest"],"picked":"SKIP","floor":14},{"not_picked":["Go for the Eyes","Melter"],"picked":"Reprogram","floor":15},{"not_picked":["Thunder Strike","Creative AI"],"picked":"All For One","floor":16},{"not_picked":["Turbo","Go for the Eyes"],"picked":"Sunder","floor":18},{"not_picked":["Steam","Melter"],"picked":"Hologram","floor":19},{"not_picked":["Reinforced Body","Streamline"],"picked":"Turbo","floor":21}],"player_experience":1701105,"relics_obtained":[{"floor":7,"key":"Boot"},{"floor":9,"key":"Dream Catcher"},{"floor":14,"key":"MawBank"}],"event_choices":[{"damage_healed":0,"gold_gain":0,"player_choice":"Success","damage_taken":5,"relics_obtained":["The Courier"],"max_hp_gain":0,"max_hp_loss":0,"event_name":"Scrap Ooze","floor":5,"gold_loss":0},{"damage_healed":0,"gold_gain":50,"player_choice":"Pray","damage_taken":0,"max_hp_gain":0,"max_hp_loss":0,"event_name":"Golden Shrine","floor":20,"gold_loss":0}],"is_beta":false,"boss_relics":[{"not_picked":["Calling Bell","Tiny House"],"picked":"Empty Cage"}],"items_purged_floors":[],"is_endless":false,"potions_floor_spawned":[4,8,13,16,18],"killed_by":"3 Cultists","ascension_level":20}