{"path_per_floor":["M","?","M","?","?","M","M","M","T","R","M","M","E","M","R","B",null,"M","M","M","$"],"character_chosen":"IRONCLAD","items_purchased":["Ghostly Armor","Armaments"],"gold_per_floor":[115,65,76,76,76,93,105,122,169,169,185,204,231,245,245,349,349,367,384,404,283,283],"floor_reached":22,"campfire_rested":2,"playtime":1042,"current_hp_per_floor":[80,80,80,62,55,55,26,30,37,63,56,59,57,53,79,28,87,71,65,47,47,0],"items_purged":[],"gold":283,"score":221,"play_id":"9d14ee02-87f5-4d2f-8210-f752dc7868ee","local_time":"20180406160504","is_prod":false,"is_daily":false,"is_ascension_mode":true,"campfire_upgraded":0,"timestamp":1523045104,"path_taken":["M","?","M","?","?","?","M","M","T","R","?","M","E","M","R","BOSS","M","M","M","$","M"],"build_version":"2018-04-05v2","purchased_purges":0,"victory":false,"master_deck":["Strike_R","Strike_R","Strike_R","Strike_R","Strike_R","Defend_R","Bash","Perfected Strike","Warcry","Iron Wave","Metallicize+1","Clash","Clothesline","Dropkick","Feed","Shrug It Off","True Grit+1","Warcry+1","Ghostly Armor","Armaments"],"max_hp_per_floor":[80,80,80,80,80,80,80,80,87,87,87,87,87,87,87,87,87,87,87,87,87,87],"relics":["Burning Blood","Frozen Egg 2","Strawberry","Centennial Puzzle","Eternal Feather"],"card_choices":[{"not_picked":["Shrug It Off","Disarm"],"picked":"Perfected Strike","floor":1},{"not_picked":["Uppercut","Blood for Blood"],"picked":"Warcry","floor":3},{"not_picked":["Corruption","Sword Boomerang"],"picked":"Iron Wave","floor":6},{"not_picked":["Power Through","Clothesline"],"picked":"Metallicize","floor":7},{"not_picked":["Headbutt","Body Slam"],"picked":"Clash","floor":11},{"not_picked":["Heavy Blade","Sever Soul"],"picked":"Clothesline","floor":12},{"not_picked":["Flex","Hemokinesis"],"picked":"Dropkick","floor":14},{"not_picked":["Offering","Limit Break"],"picked":"Feed","floor":16},{"not_picked":["Thunderclap","Corruption"],"picked":"Shrug It Off","floor":18},{"not_picked":["Heavy Blade","Sentinel"],"picked":"True Grit","floor":19},{"not_picked":["Havoc","Spot Weakness"],"picked":"Warcry","floor":20}],"player_experience":180798,"potions_floor_usage":[8,16,16,16],"damage_taken":[{"damage":5,"enemies":"Cultist","floor":1,"turns":4},{"damage":0,"enemies":"Small Slimes","floor":3,"turns":2},{"damage":6,"enemies":"2 Louse","floor":6,"turns":2},{"damage":35,"enemies":"Large Slime","floor":7,"turns":6},{"damage":2,"enemies":"Gremlin Gang","floor":8,"turns":4},{"damage":13,"enemies":"Red Slaver","floor":11,"turns":4},{"damage":3,"enemies":"Large Slime","floor":12,"turns":4},{"damage":8,"enemies":"Gremlin Nob","floor":13,"turns":3},{"damage":10,"enemies":"3 Louse","floor":14,"turns":2},{"damage":57,"enemies":"Slime Boss","floor":16,"turns":14},{"damage":22,"enemies":"Spheric Guardian","floor":18,"turns":4},{"damage":12,"enemies":"Chosen","floor":19,"turns":4},{"damage":24,"enemies":"Snecko","floor":20,"turns":7},{"damage":62,"enemies":"3 Cultists","floor":22,"turns":6}],"event_choices":[{"event_name":"The Cleric","player_choice":"Card Removal","floor":2,"damage_taken":0},{"event_name":"Scrap Ooze","player_choice":"success","floor":4,"damage_taken":18},{"event_name":"Golden Wing","player_choice":"Card Removal","floor":5,"damage_taken":0}],"boss_relics":[{"not_picked":["Tiny House","Runic Pyramid"],"picked":"Eternal Feather"}],"potions_floor_spawned":[3,7,12,13,16,18,19,20],"seed_played":"8581607591357466852","killed_by":"3 Cultists","ascension_level":3,"is_trial":false}