{"gold_per_floor":[147,147,172,172,187,220,220,261,261,286,300,300,316,316,316,439,439,464,464,379,397,418,418,445,445,524,28,28,53,76,90,90,215,215,231,356,372,433,456,456,500,500,500,513,529,529],"floor_reached":46,"playtime":2679,"items_purged":["Injury"],"score":514,"play_id":"9d81de52-9a86-43b8-9dc2-121c41fd472b","local_time":"20190612073557","is_ascension_mode":false,"campfire_choices":[{"data":"Cloak And Dagger","floor":7.0,"key":"SMITH"},{"floor":12.0,"key":"REST"},{"floor":15.0,"key":"REST"},{"floor":25.0,"key":"REST"},{"data":"Accuracy","floor":28.0,"key":"SMITH"},{"floor":32.0,"key":"REST"},{"floor":40,"key":"REST"},{"floor":42,"key":"REST"}],"neow_cost":"NONE","seed_source_timestamp":0,"circlet_count":0,"master_deck":["Defend_G","Defend_G","Defend_G","Defend_G","Defend_G","Strike_G+1","Strike_G+1","Strike_G","Survivor","Neutralize","Dagger Throw","Backstab","Cloak And Dagger+1","Blade Dance","Bullet Time","Crippling Poison","Infinite Blades","Accuracy+1","Tools of the Trade","Backflip","Leg Sweep","Deflect+1","Infinite Blades","Prepared","Backflip","Dagger Throw","After Image","Footwork+1","Distraction+1","Noxious Fumes+1","Well Laid Plans","PiercingWail","Catalyst+1","Deadly Poison+1","Terror+1"],"special_seed":0,"relics":["Ring of the Snake","Tiny Chest","Golden Idol","Whetstone","Snake Skull","Lantern","Unceasing Top","Gambling Chip","Empty Cage","Darkstone Periapt","Art of War","Ornamental Fan","ClockworkSouvenir","Black Star","Thread and Needle","StoneCalendar","Boot","Letter Opener","Bottled Lightning"],"potions_floor_usage":[38,38,41],"damage_taken":[{"damage":0.0,"enemies":"Small Slimes","floor":1.0,"turns":3.0},{"damage":2.0,"enemies":"Jaw Worm","floor":3.0,"turns":4.0},{"damage":1.0,"enemies":"2 Louse","floor":5.0,"turns":3.0},{"damage":14.0,"enemies":"Lagavulin","floor":6.0,"turns":7.0},{"damage":22.0,"enemies":"3 Sentries","floor":8.0,"turns":10.0},{"damage":0.0,"enemies":"Exordium Wildlife","floor":10.0,"turns":3.0},{"damage":8.0,"enemies":"Large Slime","floor":11.0,"turns":4.0},{"damage":0.0,"enemies":"2 Fungi Beasts","floor":13.0,"turns":2.0},{"damage":18.0,"enemies":"Slime Boss","floor":16.0,"turns":5.0},{"damage":5.0,"enemies":"Chosen","floor":18.0,"turns":4.0},{"damage":12.0,"enemies":"Shell Parasite","floor":21.0,"turns":4.0},{"damage":16.0,"enemies":"3 Cultists","floor":22.0,"turns":6.0},{"damage":18.0,"enemies":"Colosseum Slavers","floor":23.0,"turns":5.0},{"damage":3.0,"enemies":"Shelled Parasite and Fungi","floor":29.0,"turns":7.0},{"damage":6.0,"enemies":"Cultist and Chosen","floor":30.0,"turns":6.0},{"damage":14.0,"enemies":"3 Cultists","floor":31.0,"turns":6.0},{"damage":30.0,"enemies":"Champ","floor":33.0,"turns":15.0},{"damage":10,"enemies":"3 Shapes","floor":35,"turns":5},{"damage":3,"enemies":"Mind Bloom Boss Battle","floor":36,"turns":10},{"damage":0,"enemies":"3 Darklings","floor":37,"turns":8},{"damage":42,"enemies":"2 Orb Walkers","floor":38,"turns":7},{"damage":0,"enemies":"Spire Growth","floor":39,"turns":6},{"damage":31,"enemies":"Reptomancer","floor":41,"turns":8},{"damage":1,"enemies":"4 Shapes","floor":44,"turns":6},{"damage":13,"enemies":"Jaw Worm Horde","floor":45,"turns":6},{"damage":17,"enemies":"Sphere and 2 Shapes","floor":46,"turns":3}],"seed_played":"4455683661095151539","potions_obtained":[{"floor":3.0,"key":"Block Potion"},{"floor":6.0,"key":"Poison Potion"},{"floor":10.0,"key":"EntropicBrew"},{"floor":13.0,"key":"SkillPotion"},{"floor":16.0,"key":"Regen Potion"},{"floor":18.0,"key":"AttackPotion"},{"floor":29.0,"key":"Energy Potion"},{"floor":33.0,"key":"GhostInAJar"},{"floor":35,"key":"FearPotion"},{"floor":36,"key":"AttackPotion"},{"floor":38,"key":"Ancient Potion"}],"is_trial":false,"path_per_floor":["M","?","M","T","M","E","R","E","T","M","M","R","M","?","R","B",null,"M","?","?","M","M","?","T","R","T","$","R","M","M","M","R","B",null,"M","?","M","?","M","R","E","R","T","M","M","M"],"character_chosen":"THE_SILENT","items_purchased":["Infinite Blades","Prepared","SkillPotion","ClockworkSouvenir","Weak Potion"],"campfire_rested":6,"item_purchase_floors":[27,27,27,27,27],"current_hp_per_floor":[70,70,68,68,67,53,53,31,31,31,23,44,44,37,58,40,70,65,65,65,53,51,33,33,54,54,54,54,51,45,31,52,22,70,60,57,57,15,15,36,5,26,26,25,12,0],"gold":529,"neow_bonus":"RANDOM_COMMON_RELIC","is_prod":false,"is_daily":false,"chose_seed":false,"campfire_upgraded":2,"win_rate":0,"timestamp":1560288957,"path_taken":["M","?","M","?","M","E","R","E","T","M","M","R","M","?","R","BOSS","M","?","?","M","M","?","?","R","T","$","R","M","M","M","R","BOSS","M","?","M","?","M","R","E","R","T","M","M","M"],"build_version":"2019-01-23","purchased_purges":1,"victory":false,"max_hp_per_floor":[70,70,70,70,70,70,70,70,70,70,70,70,70,70,70,70,70,70,70,70,70,70,70,70,70,70,70,70,70,70,70,70,70,70,70,70,70,70,70,70,70,70,70,70,70,70],"card_choices":[{"not_picked":["Skewer","Outmaneuver"],"picked":"Dagger Throw","floor":1.0},{"not_picked":["Eviscerate","Cloak And Dagger"],"picked":"Backstab","floor":3.0},{"not_picked":["Bane","Leg Sweep"],"picked":"Cloak And Dagger","floor":5.0},{"not_picked":["Acrobatics","Slice"],"picked":"Blade Dance","floor":6.0},{"not_picked":["Bouncing Flask","Blade Dance"],"picked":"Bullet Time","floor":8.0},{"not_picked":["Flying Knee","Leg Sweep"],"picked":"Crippling Poison","floor":10.0},{"not_picked":["Dodge and Roll","Underhanded Strike"],"picked":"Infinite Blades","floor":11.0},{"not_picked":["Dagger Spray","Calculated Gamble"],"picked":"Accuracy","floor":13.0},{"not_picked":["Grand Finale","Phantasmal Killer"],"picked":"Tools of the Trade","floor":16.0},{"not_picked":["Dash+1","Terror+1"],"picked":"Backflip","floor":18.0},{"not_picked":["Bane","Acrobatics"],"picked":"Leg Sweep","floor":21.0},{"not_picked":["Dodge and Roll","Dagger Throw"],"picked":"Deflect+1","floor":22.0},{"not_picked":["Flying Knee","Poisoned Stab","Infinite Blades"],"picked":"SKIP","floor":29.0},{"not_picked":["Flying Knee","Poisoned Stab","Infinite Blades"],"picked":"SKIP","floor":29.0},{"not_picked":["Envenom","Sucker Punch"],"picked":"Backflip","floor":30.0},{"not_picked":["Quick Slash","Bane"],"picked":"Dagger Throw","floor":31.0},{"not_picked":["Phantasmal Killer","Storm of Steel"],"picked":"After Image","floor":33.0},{"not_picked":["Quick Slash+1","Acrobatics+1"],"picked":"Footwork+1","floor":35},{"not_picked":["Poisoned Stab","Tactician"],"picked":"Distraction+1","floor":36},{"not_picked":["Backflip+1","Quick Slash+1"],"picked":"Noxious Fumes+1","floor":37},{"not_picked":["Caltrops","Predator"],"picked":"Well Laid Plans","floor":38},{"not_picked":["Deflect+1","Glass Knife"],"picked":"PiercingWail","floor":39},{"not_picked":["Dodge and Roll","Storm of Steel"],"picked":"Catalyst+1","floor":41},{"not_picked":["PiercingWail","Leg Sweep+1"],"picked":"Deadly Poison+1","floor":44},{"not_picked":["Quick Slash+1","Accuracy"],"picked":"Terror+1","floor":45}],"player_experience":852404,"relics_obtained":[{"floor":4.0,"key":"Whetstone"},{"floor":6.0,"key":"Snake Skull"},{"floor":8.0,"key":"Lantern"},{"floor":9.0,"key":"Unceasing Top"},{"floor":24.0,"key":"Art of War"},{"floor":26.0,"key":"Ornamental Fan"},{"floor":36,"key":"Thread and Needle"},{"floor":38,"key":"StoneCalendar"},{"floor":41,"key":"Boot"},{"floor":41,"key":"Letter Opener"},{"floor":43,"key":"Bottled Lightning"}],"event_choices":[{"damage_healed":0.0,"max_hp_gain":0.0,"max_hp_loss":0.0,"gold_gain":0.0,"event_name":"Golden Idol","player_choice":"Take Wound","floor":2.0,"gold_loss":0.0,"damage_taken":0.0,"relics_obtained":["Golden Idol"],"cards_obtained":["Injury"]},{"damage_healed":0.0,"max_hp_gain":0.0,"max_hp_loss":0.0,"gold_gain":0.0,"event_name":"Scrap Ooze","player_choice":"Success","floor":14.0,"gold_loss":0.0,"damage_taken":7.0,"relics_obtained":["Gambling Chip"]},{"damage_healed":0.0,"max_hp_gain":0.0,"max_hp_loss":0.0,"gold_gain":0.0,"event_name":"Ghosts","player_choice":"Ignored","floor":19.0,"gold_loss":0.0,"damage_taken":0.0},{"damage_healed":0.0,"max_hp_gain":0.0,"max_hp_loss":0.0,"gold_gain":0.0,"event_name":"Addict","player_choice":"Obtained Relic","floor":20.0,"gold_loss":85.0,"damage_taken":0.0,"relics_obtained":["Darkstone Periapt"]},{"damage_healed":0.0,"max_hp_gain":0.0,"max_hp_loss":0.0,"gold_gain":0.0,"event_name":"Colosseum","player_choice":"Fight","floor":23.0,"gold_loss":0.0,"damage_taken":0.0},{"damage_healed":0.0,"max_hp_gain":0.0,"max_hp_loss":0.0,"gold_gain":0.0,"event_name":"Colosseum","player_choice":"Fled From Nobs","floor":23.0,"gold_loss":0.0,"damage_taken":0.0},{"damage_healed":0,"gold_gain":0,"player_choice":"Fight","damage_taken":0,"max_hp_gain":0,"max_hp_loss":0,"event_name":"MindBloom","floor":36,"gold_loss":0},{"damage_healed":0,"gold_gain":0,"player_choice":"Fight","damage_taken":0,"max_hp_gain":0,"max_hp_loss":0,"event_name":"Mysterious Sphere","floor":38,"gold_loss":0}],"is_beta":false,"boss_relics":[{"not_picked":["Velvet Choker","Snecko Eye"],"picked":"Empty Cage"},{"not_picked":["Runic Dome","Sozu"],"picked":"Black Star"}],"items_purged_floors":[27],"is_endless":false,"potions_floor_spawned":[3,6,10,13,16,18,21,29,33,35,36,37,38],"killed_by":"Sphere and 2 Shapes","ascension_level":0}