{"gold_per_floor":[111,130,140,151,151,177,177,204,204,204,232,246,46,57,57,132,132,142,161,161,178,193,193,227,227,227,227,262,286,286,286,286,286],"floor_reached":33,"playtime":2957,"items_purged":[],"score":635,"play_id":"74ebb7f8-2ca8-459e-b25e-69ae4e5fb6ba","local_time":"20190503094955","is_ascension_mode":true,"campfire_choices":[{"data":"Cloak And Dagger","floor":7,"key":"SMITH"},{"floor":10,"key":"REST"},{"data":"Skewer","floor":15,"key":"SMITH"},{"data":"Backstab","floor":23,"key":"SMITH"},{"floor":25,"key":"REST"},{"data":"Malaise","floor":27,"key":"SMITH"},{"floor":32,"key":"REST"}],"neow_cost":"NONE","seed_source_timestamp":748184687744831,"circlet_count":0,"master_deck":["AscendersBane","Defend_G","Defend_G","Defend_G","Defend_G","Defend_G","Survivor","Neutralize+1","Backstab+1","Quick Slash+1","Burst","Endless Agony","Cloak And Dagger+1","Noxious Fumes","Well Laid Plans","PiercingWail","Skewer+1","Outmaneuver","Malaise+1","Deflect","Calculated Gamble","Escape Plan","Footwork+1","Clumsy","Deflect","Pain","Bite","Bite","Bite","Bite","Bite"],"relics":["Ring of the Snake","Meat on the Bone","Regal Pillow","Pocketwatch","Anchor","Cursed Key","CultistMask","Bag of Marbles","Bottled Lightning","Pen Nib","Omamori"],"potions_floor_usage":[6,8,16,19,21],"damage_taken":[{"damage":0,"enemies":"Small Slimes","floor":1,"turns":6},{"damage":0,"enemies":"Cultist","floor":2,"turns":4},{"damage":0,"enemies":"2 Louse","floor":3,"turns":3},{"damage":6,"enemies":"Large Slime","floor":4,"turns":10},{"damage":17,"enemies":"Gremlin Nob","floor":6,"turns":4},{"damage":19,"enemies":"3 Sentries","floor":8,"turns":6},{"damage":33,"enemies":"Lagavulin","floor":11,"turns":7},{"damage":0,"enemies":"Looter","floor":12,"turns":2},{"damage":4,"enemies":"Exordium Wildlife","floor":14,"turns":4},{"damage":11,"enemies":"Slime Boss","floor":16,"turns":11},{"damage":3,"enemies":"3 Byrds","floor":18,"turns":5},{"damage":1,"enemies":"2 Thieves","floor":19,"turns":3},{"damage":10,"enemies":"Chosen and Byrds","floor":21,"turns":7},{"damage":0,"enemies":"Snake Plant","floor":22,"turns":5},{"damage":43,"enemies":"Slavers","floor":24,"turns":7},{"damage":26,"enemies":"Gremlin Leader","floor":28,"turns":9},{"damage":72,"enemies":"Champ","floor":33,"turns":13}],"seed_played":"3808060566358833240","potions_obtained":[{"floor":3,"key":"Block Potion"},{"floor":6,"key":"LiquidBronze"},{"floor":11,"key":"Fire Potion"},{"floor":16,"key":"Fire Potion"},{"floor":19,"key":"Poison Potion"},{"floor":24,"key":"SmokeBomb"},{"floor":28,"key":"Fire Potion"}],"is_trial":false,"path_per_floor":["M","M","M","M","?","E","R","E","T","R","E","M","$","M","R","B",null,"M","M","?","M","M","R","E","R","T","R","E","T","?","?","R","B"],"character_chosen":"THE_SILENT","items_purchased":["Anchor","Skewer"],"campfire_rested":3,"item_purchase_floors":[13,13],"current_hp_per_floor":[59,59,59,53,53,36,36,29,29,63,42,42,42,38,38,39,59,56,55,55,45,45,45,14,48,48,48,34,34,34,34,46,0],"gold":286,"neow_bonus":"UPGRADE_CARD","is_prod":false,"is_daily":false,"chose_seed":false,"campfire_upgraded":4,"win_rate":0,"timestamp":1556891395,"path_taken":["M","M","M","M","?","E","R","E","T","R","E","M","$","?","R","BOSS","M","M","?","M","?","R","E","R","T","R","E","?","?","?","R","BOSS"],"build_version":"2019-01-23","purchased_purges":0,"victory":false,"max_hp_per_floor":[66,66,66,66,66,66,66,66,66,66,66,66,66,66,66,66,66,66,66,66,66,66,66,66,66,66,66,66,66,66,46,46,46],"card_choices":[{"not_picked":["Deflect","Underhanded Strike"],"picked":"Backstab","floor":1},{"not_picked":["Dodge and Roll","Flying Knee"],"picked":"Quick Slash","floor":2},{"not_picked":["Blur","Eviscerate"],"picked":"Burst","floor":3},{"not_picked":["Cloak And Dagger","Blade Dance"],"picked":"Endless Agony","floor":4},{"not_picked":["Caltrops","Slice"],"picked":"Cloak And Dagger","floor":6},{"not_picked":["Caltrops","Deadly Poison"],"picked":"Noxious Fumes","floor":8},{"not_picked":["Flying Knee","Expertise"],"picked":"Well Laid Plans","floor":11},{"not_picked":["Deadly Poison","Outmaneuver"],"picked":"PiercingWail","floor":12},{"not_picked":["Quick Slash","Sucker Punch"],"picked":"Outmaneuver","floor":14},{"not_picked":["Grand Finale","A Thousand Cuts"],"picked":"Malaise","floor":16},{"not_picked":["Flying Knee","Distraction"],"picked":"Deflect","floor":18},{"not_picked":["Slice","Accuracy"],"picked":"Calculated Gamble","floor":19},{"not_picked":["Skewer","Outmaneuver"],"picked":"Escape Plan","floor":21},{"not_picked":["Sucker Punch","Poisoned Stab","Dagger Spray"],"picked":"SKIP","floor":22},{"not_picked":["Grand Finale","Skewer"],"picked":"Footwork+1","floor":24},{"not_picked":["PiercingWail","Underhanded Strike"],"picked":"Deflect","floor":28}],"player_experience":1364952,"relics_obtained":[{"floor":6,"key":"Meat on the Bone"},{"floor":8,"key":"Regal Pillow"},{"floor":11,"key":"Pocketwatch"},{"floor":24,"key":"Bag of Marbles"},{"floor":26,"key":"Bottled Lightning"},{"floor":28,"key":"Pen Nib"},{"floor":29,"key":"Omamori"}],"event_choices":[{"damage_healed":0,"gold_gain":0,"player_choice":"Upgraded","damage_taken":0,"max_hp_gain":0,"max_hp_loss":0,"event_name":"Upgrade Shrine","floor":5,"gold_loss":0,"cards_upgraded":["Quick Slash"]},{"damage_healed":0,"gold_gain":0,"player_choice":"Trade","damage_taken":0,"relics_obtained":["CultistMask"],"max_hp_gain":0,"max_hp_loss":0,"event_name":"FaceTrader","floor":20,"gold_loss":0},{"damage_healed":0,"gold_gain":0,"player_choice":"Ignored","damage_taken":0,"max_hp_gain":0,"max_hp_loss":0,"event_name":"Ghosts","floor":30,"gold_loss":0},{"damage_healed":0,"gold_gain":0,"player_choice":"Became a vampire","damage_taken":0,"max_hp_gain":0,"max_hp_loss":20,"event_name":"Vampires","floor":31,"gold_loss":0,"cards_obtained":["Bite","Bite","Bite","Bite","Bite"]}],"is_beta":false,"boss_relics":[{"not_picked":["Ectoplasm","Coffee Dripper"],"picked":"Cursed Key"}],"items_purged_floors":[],"is_endless":false,"potions_floor_spawned":[3,6,11,16,19,24,28],"killed_by":"Champ","ascension_level":20}