{"gold_per_floor":[115,115,40,51,66,66,94,94,168,168,197,197,162,181,181,181],"floor_reached":16,"playtime":510,"items_purged":["Doubt"],"score":171,"play_id":"8addcfd5-9be7-4f93-8721-1554fd8e1218","local_time":"20190529150318","is_ascension_mode":true,"campfire_choices":[{"data":"Bash","floor":6,"key":"SMITH"},{"data":"Warcry","floor":8,"key":"SMITH"},{"data":"Disarm","floor":10,"key":"SMITH"},{"floor":12,"key":"REST"},{"floor":15,"key":"REST"}],"neow_cost":"CURSE","seed_source_timestamp":59789816180293,"circlet_count":0,"master_deck":["Strike_R","Strike_R","Strike_R","Strike_R","Strike_R","Defend_R","Defend_R","Defend_R","Defend_R","Bash+1","Clothesline","Disarm+1","Flame Barrier","Warcry+1","Warcry","Shrug It Off"],"relics":["Burning Blood","Red Skull","PreservedInsect","Paper Frog","Art of War"],"potions_floor_usage":[14],"damage_taken":[{"damage":13,"enemies":"2 Louse","floor":1,"turns":3},{"damage":7,"enemies":"Jaw Worm","floor":4,"turns":5},{"damage":2,"enemies":"Cultist","floor":5,"turns":4},{"damage":27,"enemies":"Gremlin Nob","floor":7,"turns":5},{"damage":45,"enemies":"3 Sentries","floor":11,"turns":7},{"damage":22,"enemies":"Exordium Thugs","floor":14,"turns":6},{"damage":91,"enemies":"Slime Boss","floor":16,"turns":17}],"seed_played":"3301528827787211422","potions_obtained":[{"floor":4,"key":"Strength Potion"},{"floor":11,"key":"SmokeBomb"}],"is_trial":false,"path_per_floor":["M","?","$","M","M","R","E","R","T","R","E","R","?","M","R","B"],"character_chosen":"IRONCLAD","items_purchased":[],"campfire_rested":2,"item_purchase_floors":[],"current_hp_per_floor":[81,78,78,77,81,81,60,60,60,60,21,49,73,57,85,0],"gold":181,"neow_bonus":"TWENTY_PERCENT_HP_BONUS","is_prod":false,"is_daily":false,"chose_seed":false,"campfire_upgraded":3,"win_rate":0,"timestamp":1559106198,"path_taken":["M","?","$","M","M","R","E","R","T","R","E","R","?","?","R","BOSS"],"build_version":"2019-01-23","purchased_purges":1,"victory":false,"max_hp_per_floor":[96,96,96,96,96,96,96,96,96,96,96,96,96,96,96,96],"card_choices":[{"not_picked":["Perfected Strike","Pommel Strike"],"picked":"Clothesline","floor":1},{"not_picked":["Armaments","Wild Strike"],"picked":"Disarm","floor":4},{"not_picked":["Sentinel","Sword Boomerang"],"picked":"Flame Barrier","floor":5},{"not_picked":["Reckless Charge","Ghostly Armor"],"picked":"Warcry","floor":7},{"not_picked":["Anger","Clothesline"],"picked":"Warcry","floor":11},{"not_picked":["Iron Wave","Headbutt"],"picked":"Shrug It Off","floor":14}],"player_experience":744176,"relics_obtained":[{"floor":7,"key":"PreservedInsect"},{"floor":9,"key":"Paper Frog"},{"floor":11,"key":"Art of War"}],"event_choices":[{"damage_healed":0,"gold_gain":0,"player_choice":"Success","damage_taken":3,"relics_obtained":["Red Skull"],"max_hp_gain":0,"max_hp_loss":0,"event_name":"Scrap Ooze","floor":2,"gold_loss":0},{"damage_healed":24,"gold_gain":0,"player_choice":"Healed","damage_taken":0,"max_hp_gain":0,"max_hp_loss":0,"event_name":"The Cleric","floor":13,"gold_loss":35}],"is_beta":false,"boss_relics":[],"items_purged_floors":[3],"is_endless":false,"potions_floor_spawned":[4,11],"killed_by":"Slime Boss","ascension_level":7}