{"gold_per_floor":[118,136,154,164,179,179,204,204,204,227,255,16,80,94,94,197,197,213,213,213,65,79,79],"floor_reached":23,"playtime":1696,"items_purged":["Dark Embrace+1"],"score":201,"play_id":"edcab0b0-362e-4ae0-a6a5-019b95de8098","local_time":"20190322074617","is_ascension_mode":false,"campfire_choices":[{"data":"Madness","floor":6,"key":"SMITH"},{"data":"Metallicize","floor":8,"key":"SMITH"},{"data":"Bandage Up","floor":15,"key":"SMITH"}],"neow_cost":"NONE","seed_source_timestamp":57534243791892,"circlet_count":0,"master_deck":["Strike_R","Strike_R","Strike_R","Strike_R","Defend_R","Defend_R","Defend_R","Bash","Madness+1","Metallicize","Thunderclap","Clothesline","Perfected Strike","Clothesline","Metallicize+1","Perfected Strike","Uppercut","Bandage Up+1","Juggernaut","Double Tap","Headbutt+1","Cleave+1","Armaments+1","Inflame","Shrug It Off"],"relics":["Burning Blood","Ornamental Fan","Gremlin Horn","Odd Mushroom","Meat on the Bone","Astrolabe","Paper Frog"],"potions_floor_usage":[7,11,22],"damage_taken":[{"damage":12,"enemies":"Small Slimes","floor":1,"turns":3},{"damage":0,"enemies":"2 Louse","floor":2,"turns":2},{"damage":9,"enemies":"Jaw Worm","floor":3,"turns":5},{"damage":10,"enemies":"2 Fungi Beasts","floor":4,"turns":4},{"damage":14,"enemies":"Blue Slaver","floor":5,"turns":3},{"damage":23,"enemies":"3 Sentries","floor":7,"turns":9},{"damage":0,"enemies":"The Mushroom Lair","floor":10,"turns":3},{"damage":18,"enemies":"Lagavulin","floor":11,"turns":7},{"damage":6,"enemies":"Large Slime","floor":14,"turns":4},{"damage":19,"enemies":"Slime Boss","floor":16,"turns":10},{"damage":31,"enemies":"2 Thieves","floor":18,"turns":5},{"damage":21,"enemies":"Chosen","floor":22,"turns":5},{"damage":63,"enemies":"Gremlin Leader","floor":23,"turns":9}],"seed_played":"-976617084614271350","potions_obtained":[{"floor":2,"key":"SkillPotion"},{"floor":7,"key":"SpeedPotion"},{"floor":16,"key":"BloodPotion"}],"is_trial":false,"path_per_floor":["M","M","M","M","M","R","E","R","T","?","E","$","?","M","R","B",null,"M","?","?","$","M","E"],"character_chosen":"IRONCLAD","items_purchased":["Bandage Up","Juggernaut","Inflame"],"campfire_rested":0,"item_purchase_floors":[12,12,21],"current_hp_per_floor":[74,80,77,73,65,65,48,48,48,54,42,42,42,58,58,51,80,61,61,45,45,56,0],"gold":79,"neow_bonus":"RANDOM_COLORLESS","is_prod":false,"is_daily":false,"chose_seed":false,"campfire_upgraded":3,"win_rate":0.0,"timestamp":1553204777,"path_taken":["M","M","M","M","M","R","E","R","T","?","E","$","?","M","R","BOSS","M","?","?","$","M","E"],"build_version":"2019-01-23","purchased_purges":1,"victory":false,"max_hp_per_floor":[80,80,80,80,80,80,80,80,80,80,80,80,80,80,80,80,80,80,80,80,80,80,80],"card_choices":[{"not_picked":["Combust","Armaments"],"picked":"Metallicize","floor":1},{"not_picked":["Combust","True Grit"],"picked":"Thunderclap","floor":2},{"not_picked":["Headbutt","Twin Strike"],"picked":"Clothesline","floor":3},{"not_picked":["Sword Boomerang","True Grit"],"picked":"Perfected Strike","floor":4},{"not_picked":["Intimidate","True Grit"],"picked":"Clothesline","floor":5},{"not_picked":["Iron Wave","Burning Pact"],"picked":"Metallicize","floor":7},{"not_picked":["Carnage","Offering"],"picked":"Perfected Strike","floor":10},{"not_picked":["Second Wind","Clothesline"],"picked":"Uppercut","floor":11},{"not_picked":["Clothesline","Warcry"],"picked":"Pummel","floor":14},{"not_picked":["Limit Break","Impervious"],"picked":"Double Tap","floor":16},{"not_picked":["Spot Weakness","Sever Soul"],"picked":"Armaments+1","floor":18},{"not_picked":["Clothesline","Warcry+1"],"picked":"Shrug It Off","floor":22}],"player_experience":17042,"relics_obtained":[{"floor":7,"key":"Ornamental Fan"},{"floor":9,"key":"Gremlin Horn"},{"floor":10,"key":"Odd Mushroom"},{"floor":11,"key":"Meat on the Bone"}],"event_choices":[{"damage_healed":0,"gold_gain":0,"player_choice":"Fought Mushrooms","damage_taken":0,"max_hp_gain":0,"max_hp_loss":0,"event_name":"Mushrooms","floor":10,"gold_loss":0},{"damage_healed":0,"gold_gain":64,"player_choice":"Gained Gold","damage_taken":0,"max_hp_gain":0,"max_hp_loss":0,"event_name":"Golden Wing","floor":13,"gold_loss":0},{"damage_healed":0,"gold_gain":0,"player_choice":"Opened","damage_taken":0,"relics_obtained":["Paper Frog"],"max_hp_gain":0,"max_hp_loss":0,"event_name":"The Mausoleum","floor":19,"gold_loss":0},{"damage_healed":0,"gold_gain":0,"player_choice":"Obtained Book","damage_taken":16,"max_hp_gain":0,"max_hp_loss":0,"event_name":"Cursed Tome","floor":20,"gold_loss":0}],"is_beta":false,"boss_relics":[{"not_picked":["Runic Cube","Sozu"],"picked":"Astrolabe"}],"items_purged_floors":[21],"is_endless":false,"potions_floor_spawned":[2,7,16],"killed_by":"Gremlin Leader","ascension_level":0}