{"gold_per_floor":[110,129,129,129,152,152,165,178,178,178,3,3,22,73,73,192,192,212,212,238,262,262,262,281,281],"floor_reached":25,"playtime":1026,"items_purged":[],"score":193,"play_id":"9b5d66dc-a9ae-422c-b510-638c56a7c5a5","local_time":"20190323003307","is_ascension_mode":false,"campfire_choices":[{"data":"Chaos","floor":6,"key":"SMITH"},{"data":"Zap","floor":10,"key":"SMITH"},{"data":"Hologram","floor":15,"key":"SMITH"},{"data":"Echo Form","floor":23,"key":"SMITH"}],"neow_cost":"NONE","seed_source_timestamp":8725839373626,"circlet_count":0,"master_deck":["Strike_B","Strike_B","Strike_B","Strike_B","Defend_B","Defend_B","Defend_B","Defend_B","Zap+1","Dualcast","Redo","Chaos+1","Regret","Injury","Redo","Conserve Battery","Multi-Cast","Storm","Cold Snap","Hologram+1","Pain","Compile Driver","Sweeping Beam","Echo Form+1","Lockon","Aggregate","Defragment","Reprogram","Darkness","Undo","Conserve Battery+1","BootSequence"],"relics":["Cracked Core","NeowsBlessing","Meat on the Bone","Golden Idol","Mercury Hourglass","Centennial Puzzle","Orrery","Juzu Bracelet","Matryoshka"],"potions_floor_usage":[16,16,25],"damage_taken":[{"damage":0,"enemies":"Small Slimes","floor":1,"turns":1},{"damage":0,"enemies":"2 Louse","floor":2,"turns":1},{"damage":0,"enemies":"Cultist","floor":5,"turns":1},{"damage":33,"enemies":"Exordium Thugs","floor":7,"turns":4},{"damage":10,"enemies":"2 Fungi Beasts","floor":8,"turns":3},{"damage":6,"enemies":"Exordium Wildlife","floor":13,"turns":2},{"damage":12,"enemies":"Slime Boss","floor":16,"turns":7},{"damage":5,"enemies":"Spheric Guardian","floor":18,"turns":3},{"damage":28,"enemies":"2 Thieves","floor":21,"turns":5},{"damage":36,"enemies":"3 Cultists","floor":24,"turns":5},{"damage":20,"enemies":"Snake Plant","floor":25,"turns":2}],"seed_played":"7884104348346075293","potions_obtained":[{"floor":2,"key":"PowerPotion"},{"floor":8,"key":"LiquidBronze"},{"floor":13,"key":"FocusPotion"},{"floor":18,"key":"FearPotion"}],"is_trial":false,"path_per_floor":["M","M","?","?","M","R","M","M","T","R","$","?","M","T","R","B",null,"M","?","T","M","?","R","M","M"],"character_chosen":"DEFECT","items_purchased":["Storm","Cold Snap","Hologram"],"campfire_rested":0,"item_purchase_floors":[11,11,11],"current_hp_per_floor":[75,75,75,75,75,75,42,44,44,44,44,44,38,38,38,38,75,70,70,70,42,42,42,18,0],"gold":281,"neow_bonus":"THREE_ENEMY_KILL","is_prod":false,"is_daily":false,"chose_seed":false,"campfire_upgraded":4,"win_rate":0.0,"timestamp":1553265187,"path_taken":["M","M","?","?","M","R","M","M","T","R","$","?","?","?","R","BOSS","M","?","?","M","?","R","M","M"],"build_version":"2019-01-23","purchased_purges":0,"victory":false,"max_hp_per_floor":[75,75,75,75,75,75,75,75,75,75,75,75,75,75,75,75,75,75,75,75,75,75,75,75,75],"card_choices":[{"not_picked":["Sweeping Beam","Auto Shields"],"picked":"Redo","floor":1},{"not_picked":["Tempest","Sunder"],"picked":"Chaos","floor":2},{"not_picked":["Steam","Rip and Tear"],"picked":"Redo","floor":5},{"not_picked":["Beam Cell","Steam Power"],"picked":"Conserve Battery","floor":7},{"not_picked":["Redo","Auto Shields"],"picked":"Multi-Cast","floor":8},{"not_picked":["Rebound","Scrape"],"picked":"Sweeping Beam","floor":13},{"not_picked":["Multi-Cast","Core Surge"],"picked":"Echo Form","floor":16},{"not_picked":["Gash","Leap"],"picked":"Lockon","floor":17},{"not_picked":["Force Field","Sweeping Beam"],"picked":"Aggregate","floor":17},{"not_picked":["Cold Snap","Sunder"],"picked":"Defragment","floor":17},{"not_picked":["Leap","Go for the Eyes"],"picked":"Reprogram","floor":17},{"not_picked":["Rebound","Compile Driver"],"picked":"Darkness","floor":17},{"not_picked":["Ball Lightning","Streamline"],"picked":"Undo","floor":18},{"not_picked":["Static Discharge+1","Hologram"],"picked":"Conserve Battery+1","floor":21},{"not_picked":["Steam","Blizzard"],"picked":"BootSequence","floor":24}],"player_experience":45441,"relics_obtained":[{"floor":9,"key":"Mercury Hourglass"},{"floor":14,"key":"Centennial Puzzle"},{"floor":20,"key":"Juzu Bracelet"},{"floor":22,"key":"Matryoshka"}],"event_choices":[{"damage_healed":0,"gold_gain":0,"player_choice":"Box","damage_taken":0,"relics_obtained":["Meat on the Bone"],"max_hp_gain":0,"max_hp_loss":0,"event_name":"Big Fish","floor":3,"gold_loss":0,"cards_obtained":["Regret"]},{"damage_healed":0,"gold_gain":0,"player_choice":"Take Wound","damage_taken":0,"relics_obtained":["Golden Idol"],"max_hp_gain":0,"max_hp_loss":0,"event_name":"Golden Idol","floor":4,"gold_loss":0,"cards_obtained":["Injury"]},{"damage_healed":0,"gold_gain":0,"player_choice":"2 cards matched","damage_taken":0,"max_hp_gain":0,"max_hp_loss":0,"event_name":"Match and Keep!","floor":12,"gold_loss":0,"cards_obtained":["Pain","Compile Driver"]},{"damage_healed":0,"gold_gain":0,"player_choice":"Ignored","damage_taken":0,"max_hp_gain":0,"max_hp_loss":0,"event_name":"Vampires","floor":19,"gold_loss":0},{"damage_healed":0,"gold_gain":0,"player_choice":"Relic","damage_taken":0,"max_hp_gain":0,"max_hp_loss":0,"event_name":"Wheel of Change","floor":22,"gold_loss":0}],"is_beta":false,"boss_relics":[{"not_picked":["Calling Bell","Sozu"],"picked":"Orrery"}],"items_purged_floors":[],"is_endless":false,"potions_floor_spawned":[2,8,13,18],"killed_by":"Snake Plant","ascension_level":0}