{"gold_per_floor":[19,36,51,51,64,64,81,109,179,214,230,248,248,248,248,320,320,330,345,355,355,366,366,391,391,391,426,436,466,481,494,494,572,572,592,610,610,610,621,621,638,638,638,690,103,403,437,448,448,448],"floor_reached":50,"playtime":6496,"items_purged":[],"score":1146,"play_id":"b5de6610-087e-42e0-9476-da4e76534184","local_time":"20190829141617","is_ascension_mode":true,"campfire_choices":[{"data":"Doom and Gloom","floor":6,"key":"SMITH"},{"data":"Redo","floor":13,"key":"SMITH"},{"data":"Conserve Battery","floor":15,"key":"SMITH"},{"data":"Chill","floor":23,"key":"SMITH"},{"floor":25,"key":"REST"},{"floor":32,"key":"REST"},{"data":"Madness","floor":40,"key":"SMITH"},{"floor":42,"key":"REST"},{"floor":49,"key":"RECALL"}],"neow_cost":"NO_GOLD","seed_source_timestamp":26896919576822,"circlet_count":0,"master_deck":["AscendersBane","Strike_B","Defend_B","Defend_B","Defend_B","Defend_B","Zap","Dualcast","Ball Lightning","Doom and Gloom+1","Chill+1","Redo+1","Go for the Eyes","Beam Cell+1","Ball Lightning","Compile Driver","Conserve Battery+1","Seek","Loop","Beam Cell+1","Necronomicurse","Cold Snap","Steam","Electrodynamics","Hologram","All For One","Reboot","Lockon+1","Hologram+1","Thunder Strike+1","Force Field+1","Static Discharge+1","Madness+1","Madness","Sweeping Beam+1","Stack","Storm","Steam","Conserve Battery+1"],"relics":["Cracked Core","Gambling Chip","Ornamental Fan","Pear","Torii","Runic Pyramid","Necronomicon","Potion Belt","Bottled Lightning","Symbiotic Virus","Pen Nib","Astrolabe","Emotion Chip","Runic Capacitor","Gremlin Horn","Bronze Scales"],"potions_floor_usage":[8,24,24,29,41,44,47,50],"damage_taken":[{"damage":2,"enemies":"Jaw Worm","floor":1,"turns":4},{"damage":0,"enemies":"Cultist","floor":2,"turns":3},{"damage":0,"enemies":"Small Slimes","floor":3,"turns":2},{"damage":0,"enemies":"3 Louse","floor":5,"turns":4},{"damage":0,"enemies":"Large Slime","floor":7,"turns":3},{"damage":11,"enemies":"Gremlin Nob","floor":8,"turns":3},{"damage":9,"enemies":"3 Sentries","floor":10,"turns":6},{"damage":2,"enemies":"Looter","floor":11,"turns":3},{"damage":0,"enemies":"3 Louse","floor":12,"turns":1},{"damage":6,"enemies":"Hexaghost","floor":16,"turns":8},{"damage":0,"enemies":"Chosen","floor":18,"turns":3},{"damage":12,"enemies":"2 Thieves","floor":19,"turns":4},{"damage":1,"enemies":"Chosen and Byrds","floor":20,"turns":5},{"damage":0,"enemies":"Centurion and Healer","floor":22,"turns":5},{"damage":28,"enemies":"Gremlin Leader","floor":24,"turns":6},{"damage":1,"enemies":"Slavers","floor":27,"turns":3},{"damage":0,"enemies":"Snecko","floor":28,"turns":3},{"damage":1,"enemies":"Book of Stabbing","floor":29,"turns":4},{"damage":15,"enemies":"Shelled Parasite and Fungi","floor":30,"turns":4},{"damage":1,"enemies":"Snake Plant","floor":31,"turns":3},{"damage":11,"enemies":"Collector","floor":33,"turns":6},{"damage":0,"enemies":"3 Shapes","floor":35,"turns":4},{"damage":0,"enemies":"3 Darklings","floor":36,"turns":4},{"damage":0,"enemies":"Sphere and 2 Shapes","floor":39,"turns":3},{"damage":29,"enemies":"Writhing Mass","floor":41,"turns":5},{"damage":1,"enemies":"2 Orb Walkers","floor":44,"turns":3},{"damage":23,"enemies":"Giant Head","floor":47,"turns":6},{"damage":11,"enemies":"3 Darklings","floor":48,"turns":2},{"damage":22,"enemies":"Donu and Deca","floor":50,"turns":2}],"seed_played":"-7280358085402548831","potions_obtained":[{"floor":2,"key":"Block Potion"},{"floor":4,"key":"Energy Potion"},{"floor":5,"key":"Weak Potion"},{"floor":7,"key":"AttackPotion"},{"floor":10,"key":"SpeedPotion"},{"floor":20,"key":"EssenceOfSteel"},{"floor":22,"key":"Regen Potion"},{"floor":27,"key":"FocusPotion"},{"floor":28,"key":"Strength Potion"},{"floor":31,"key":"Swift Potion"},{"floor":39,"key":"LiquidBronze"},{"floor":41,"key":"Poison Potion"},{"floor":44,"key":"SneckoOil"}],"is_trial":false,"path_per_floor":["M","M","M","?","M","R","M","E","T","E","M","M","R","?","R","B",null,"M","M","M","?","M","R","E","R","T","E","M","E","M","M","R","B",null,"M","M","?","?","M","R","M","R","T","?","$","?","E","M","R","B"],"character_chosen":"DEFECT","items_purchased":["Stack","Runic Capacitor","Gremlin Horn","Storm"],"campfire_rested":3,"item_purchase_floors":[45,45,45,45],"current_hp_per_floor":[62,62,62,62,62,62,62,51,61,52,50,50,50,50,50,44,72,72,60,59,38,38,38,24,48,48,47,47,46,31,30,54,43,72,72,72,72,57,57,57,28,52,52,51,51,51,28,17,17,0],"gold":448,"neow_bonus":"ONE_RARE_RELIC","is_prod":false,"is_daily":false,"chose_seed":false,"campfire_upgraded":5,"win_rate":0,"timestamp":1567102577,"path_taken":["M","M","M","?","M","R","M","E","T","E","?","M","R","?","R","BOSS","M","M","M","?","M","R","E","R","T","E","M","E","M","M","R","BOSS","M","M","?","?","M","R","M","R","T","?","$","?","E","?","R","BOSS"],"build_version":"2019-07-17","purchased_purges":0,"victory":false,"max_hp_per_floor":[71,71,71,71,71,71,71,71,81,81,81,81,81,81,81,81,81,81,81,81,81,81,81,81,81,81,81,81,81,81,81,81,81,81,81,81,81,81,81,81,81,81,81,81,81,81,81,81,81,81],"card_choices":[{"not_picked":["Leap","Redo"],"picked":"Ball Lightning","floor":1},{"not_picked":["Static Discharge","Gash"],"picked":"Doom and Gloom","floor":2},{"not_picked":["Compile Driver","Tempest"],"picked":"Chill","floor":3},{"not_picked":["Gash","Streamline"],"picked":"Redo","floor":5},{"not_picked":["Chill","Turbo"],"picked":"Go for the Eyes","floor":7},{"not_picked":["Amplify","Gash"],"picked":"Beam Cell","floor":8},{"not_picked":["Tempest","Blizzard"],"picked":"Ball Lightning","floor":10},{"not_picked":["Go for the Eyes","Double Energy"],"picked":"Compile Driver","floor":11},{"not_picked":["Streamline","Go for the Eyes"],"picked":"Conserve Battery","floor":12},{"not_picked":["Reboot","Echo Form"],"picked":"Seek","floor":16},{"not_picked":["Leap","Beam Cell"],"picked":"Loop","floor":18},{"not_picked":["Rebound","Barrage","Heatsinks+1"],"picked":"SKIP","floor":19},{"not_picked":["Static Discharge","Doom and Gloom"],"picked":"Beam Cell+1","floor":20},{"not_picked":["Barrage","Turbo"],"picked":"Cold Snap","floor":22},{"not_picked":["Self Repair","Go for the Eyes"],"picked":"Steam","floor":24},{"not_picked":["Gash+1","Beam Cell"],"picked":"Electrodynamics","floor":27},{"not_picked":["Ball Lightning","Steam"],"picked":"Hologram","floor":28},{"not_picked":["Scrape","Conserve Battery"],"picked":"All For One","floor":29},{"not_picked":["Compile Driver","Conserve Battery","Rebound+1"],"picked":"SKIP","floor":30},{"not_picked":["Reprogram","Reinforced Body","Static Discharge"],"picked":"SKIP","floor":31},{"not_picked":["Amplify","Meteor Strike"],"picked":"Reboot","floor":33},{"not_picked":["Cold Snap","Melter+1"],"picked":"Force Field+1","floor":35},{"not_picked":["Cold Snap","Rebound"],"picked":"Static Discharge+1","floor":36},{"not_picked":["Beam Cell","Hologram","Cold Snap"],"picked":"SKIP","floor":39},{"not_picked":["Force Field+1","Electrodynamics"],"picked":"Sweeping Beam+1","floor":41},{"not_picked":["Darkness+1","Heatsinks"],"picked":"Steam","floor":47},{"not_picked":["Compile Driver","Turbo"],"picked":"Conserve Battery+1","floor":48}],"player_experience":1898014,"relics_obtained":[{"floor":8,"key":"Ornamental Fan"},{"floor":9,"key":"Pear"},{"floor":10,"key":"Torii"},{"floor":21,"key":"Necronomicon"},{"floor":24,"key":"Potion Belt"},{"floor":26,"key":"Bottled Lightning"},{"floor":27,"key":"Symbiotic Virus"},{"floor":29,"key":"Pen Nib"},{"floor":44,"key":"Emotion Chip"},{"floor":47,"key":"Bronze Scales"}],"event_choices":[{"damage_healed":0,"gold_gain":0,"player_choice":"Got Potions","damage_taken":0,"max_hp_gain":0,"max_hp_loss":0,"event_name":"Lab","floor":4,"gold_loss":0},{"damage_healed":0,"gold_gain":0,"player_choice":"Grow","damage_taken":0,"max_hp_gain":0,"max_hp_loss":0,"event_name":"Living Wall","floor":14,"gold_loss":0,"cards_upgraded":["Beam Cell"]},{"damage_healed":0,"gold_gain":0,"player_choice":"Obtained Book","damage_taken":21,"max_hp_gain":0,"max_hp_loss":0,"event_name":"Cursed Tome","floor":21,"gold_loss":0},{"damage_healed":0,"gold_gain":0,"player_choice":"Memory 1","damage_taken":0,"max_hp_gain":0,"max_hp_loss":0,"event_name":"SensoryStone","floor":37,"gold_loss":0},{"damage_healed":0,"gold_gain":0,"player_choice":"Embrace Madness","damage_taken":15,"max_hp_gain":0,"max_hp_loss":0,"event_name":"Winding Halls","floor":38,"gold_loss":0,"cards_obtained":["Madness","Madness"]},{"damage_healed":0,"gold_gain":0,"player_choice":"Fight","damage_taken":0,"max_hp_gain":0,"max_hp_loss":0,"event_name":"Mysterious Sphere","floor":44,"gold_loss":0},{"damage_healed":0,"gold_gain":300,"player_choice":"Gold","damage_taken":0,"max_hp_gain":0,"max_hp_loss":0,"event_name":"Wheel of Change","floor":46,"gold_loss":0}],"is_beta":false,"boss_relics":[{"not_picked":["Pandora\u0027s Box","Sozu"],"picked":"Runic Pyramid"},{"not_picked":["Eternal Feather","Snecko Eye"],"picked":"Astrolabe"}],"items_purged_floors":[],"is_endless":false,"potions_floor_spawned":[2,5,7,10,12,20,22,27,28,31,39,41,44],"killed_by":"Donu and Deca","ascension_level":20}