{"gold_per_floor":[117,131,178,190,120,120,151,151,205,234,244,254,268,443,443,541,541,561,576,590,590,15,41,59,59,83,112,112,33,33,46,46,46],"floor_reached":33,"playtime":1995,"items_purged":["Doubt"],"score":381,"play_id":"404d3dec-b2c3-4743-adb0-2f7ab109c775","local_time":"20180718085923","is_ascension_mode":true,"campfire_choices":[{"data":"Armaments","floor":6,"key":"SMITH"},{"floor":8,"key":"REST"},{"data":"Uppercut","floor":15,"key":"SMITH"},{"floor":25,"key":"REST"},{"data":"RitualDagger","floor":28,"key":"SMITH"},{"data":"Impervious","floor":32,"key":"SMITH"}],"neow_cost":"NONE","seed_source_timestamp":0,"circlet_count":0,"master_deck":["Strike_R","Strike_R","Strike_R","Strike_R","Defend_R","Defend_R","Defend_R","Defend_R","Bash","Metallicize","Anger","Armaments+1","Dropkick","Dropkick","True Grit","Iron Wave","Uppercut+1","Battle Trance","Thunderclap","Feed","Warcry","RitualDagger+1","Impervious+1","Hemokinesis","Offering","Thunderclap+1"],"special_seed":0,"relics":["Burning Blood","Centennial Puzzle","Boot","Vajra","Ancient Tea Set","Busted Crown","MealTicket","Lantern","Pear","Strawberry","Potion Belt"],"potions_floor_usage":[16,16,20,23,33],"damage_taken":[{"damage":0,"enemies":"Cultist","floor":1,"turns":4},{"damage":17,"enemies":"Jaw Worm","floor":2,"turns":5},{"damage":2,"enemies":"2 Louse","floor":4,"turns":4},{"damage":25,"enemies":"Gremlin Nob","floor":7,"turns":4},{"damage":14,"enemies":"Lagavulin","floor":10,"turns":6},{"damage":9,"enemies":"Exordium Thugs","floor":11,"turns":5},{"damage":1,"enemies":"Blue Slaver","floor":12,"turns":4},{"damage":6,"enemies":"3 Louse","floor":13,"turns":4},{"damage":51,"enemies":"Slime Boss","floor":16,"turns":13},{"damage":3,"enemies":"2 Thieves","floor":18,"turns":4},{"damage":16,"enemies":"3 Byrds","floor":19,"turns":4},{"damage":19,"enemies":"Snake Plant","floor":20,"turns":3},{"damage":26,"enemies":"Slavers","floor":23,"turns":5},{"damage":14,"enemies":"Cultist and Chosen","floor":24,"turns":6},{"damage":8,"enemies":"Book of Stabbing","floor":27,"turns":4},{"damage":3,"enemies":"Chosen and Byrds","floor":31,"turns":4},{"damage":91,"enemies":"Champ","floor":33,"turns":12}],"seed_played":"6665130530416456018","potions_obtained":[{"floor":7,"key":"LiquidBronze"},{"floor":12,"key":"AttackPotion"},{"floor":13,"key":"Block Potion"},{"floor":19,"key":"FearPotion"},{"floor":20,"key":"Ancient Potion"},{"floor":24,"key":"Swift Potion"}],"is_trial":false,"path_per_floor":["M","M","T","M","$","R","E","R","T","E","M","M","M","?","R","B",null,"M","M","M","?","$","E","M","R","T","E","R","$","?","M","R"],"character_chosen":"IRONCLAD","items_purchased":["Dropkick","Impervious","MealTicket","Lantern","Offering"],"campfire_rested":2,"item_purchase_floors":[5,22,22,22,29],"current_hp_per_floor":[80,69,69,73,73,73,54,78,78,70,67,72,72,72,72,27,80,80,73,60,54,54,47,39,67,74,75,75,82,82,85,85,0],"gold":46,"neow_bonus":"TRANSFORM_CARD","is_prod":false,"is_daily":false,"chose_seed":false,"campfire_upgraded":4,"win_rate":0,"timestamp":1531918763,"path_taken":["M","M","?","?","$","R","E","R","T","E","M","M","M","?","R","BOSS","M","M","M","?","$","E","?","R","T","E","R","$","?","M","R","BOSS"],"build_version":"2018-07-12","purchased_purges":1,"victory":false,"max_hp_per_floor":[80,80,80,80,80,80,80,80,80,80,80,80,80,80,80,80,80,80,83,83,83,83,96,96,96,103,106,106,106,106,106,106,106],"card_choices":[{"not_picked":["Heavy Blade","Flex"],"picked":"Anger","floor":1},{"not_picked":["Thunderclap","Fire Breathing"],"picked":"Armaments","floor":2},{"not_picked":["Searing Blow","Reckless Charge"],"picked":"Dropkick","floor":4},{"not_picked":["Warcry","Corruption"],"picked":"True Grit","floor":7},{"not_picked":["Havoc","True Grit"],"picked":"Iron Wave","floor":10},{"not_picked":["Armaments","Headbutt"],"picked":"Uppercut","floor":11},{"not_picked":["Rupture","Heavy Blade"],"picked":"Battle Trance","floor":12},{"not_picked":["Intimidate","Iron Wave"],"picked":"Thunderclap","floor":13},{"not_picked":["Barricade","Limit Break"],"picked":"Feed","floor":16},{"not_picked":[],"picked":"Warcry","floor":18},{"not_picked":["Clash"],"picked":"SKIP","floor":19},{"not_picked":["Twin Strike"],"picked":"SKIP","floor":20},{"not_picked":["Warcry"],"picked":"SKIP","floor":23},{"not_picked":["Warcry"],"picked":"SKIP","floor":24},{"not_picked":[],"picked":"Hemokinesis","floor":27},{"not_picked":[],"picked":"Thunderclap+1","floor":31}],"player_experience":288661,"relics_obtained":[{"floor":3,"key":"Centennial Puzzle"},{"floor":7,"key":"Boot"},{"floor":9,"key":"Vajra"},{"floor":10,"key":"Ancient Tea Set"},{"floor":23,"key":"Pear"},{"floor":26,"key":"Strawberry"},{"floor":27,"key":"Potion Belt"}],"event_choices":[{"event_name":"Liars Game","player_choice":"agreed","floor":14,"damage_taken":0},{"event_name":"Nest","player_choice":"Joined the Cult","floor":21,"damage_taken":0},{"event_name":"Addict","player_choice":"Ignored","floor":30,"damage_taken":0}],"boss_relics":[{"not_picked":["Black Star","Eternal Feather"],"picked":"Busted Crown"}],"items_purged_floors":[22],"is_endless":false,"potions_floor_spawned":[7,12,13,19,20,24],"killed_by":"Champ","ascension_level":4}