{"gold_per_floor":[114,128,140,159,172,172,182,182,207,227,238,238,266,285,285,380,380,380,305,305,305,305,305,305,305],"floor_reached":25,"playtime":1057,"items_purged":[],"score":363,"play_id":"cc743d79-75de-4cd9-a797-d7c1cd646576","local_time":"20181203135626","is_ascension_mode":true,"campfire_choices":[{"data":"Chaos","floor":6,"key":"SMITH"},{"data":"Genetic Algorithm","floor":8,"key":"SMITH"},{"floor":12,"key":"REST"},{"floor":15,"key":"REST"},{"data":"Defragment","floor":24,"key":"SMITH"}],"neow_cost":"NONE","seed_source_timestamp":67952106540200,"circlet_count":0,"master_deck":["AscendersBane","Strike_B","Strike_B","Defend_B","Defend_B","Defend_B","Defend_B","Zap","Dualcast","Chaos+1","Genetic Algorithm+1","Sweeping Beam","Beam Cell","Barrage","Defragment+1","Compile Driver","Doom and Gloom","Cold Snap","Multi-Cast","Steam+1","Double Energy+1","Doom and Gloom"],"relics":["Cracked Core","Ancient Tea Set","DataDisk","Omamori","Ectoplasm","MutagenicStrength","Oddly Smooth Stone"],"potions_floor_usage":[13,16,23],"damage_taken":[{"damage":1,"enemies":"Cultist","floor":1,"turns":3},{"damage":2,"enemies":"2 Louse","floor":2,"turns":4},{"damage":8,"enemies":"Jaw Worm","floor":3,"turns":5},{"damage":8,"enemies":"3 Louse","floor":4,"turns":5},{"damage":15,"enemies":"Gremlin Gang","floor":5,"turns":4},{"damage":13,"enemies":"Blue Slaver","floor":7,"turns":4},{"damage":12,"enemies":"2 Fungi Beasts","floor":10,"turns":2},{"damage":2,"enemies":"Large Slime","floor":11,"turns":4},{"damage":13,"enemies":"3 Sentries","floor":13,"turns":5},{"damage":6,"enemies":"Looter","floor":14,"turns":3},{"damage":15,"enemies":"The Guardian","floor":16,"turns":9},{"damage":1,"enemies":"Spheric Guardian","floor":18,"turns":4},{"damage":19,"enemies":"3 Byrds","floor":20,"turns":4},{"damage":40,"enemies":"Book of Stabbing","floor":23,"turns":5},{"damage":13,"enemies":"3 Cultists","floor":25,"turns":2}],"seed_played":"3740291247021589742","potions_obtained":[{"floor":2,"key":"Dexterity Potion"},{"floor":3,"key":"Strength Potion"},{"floor":4,"key":"FocusPotion"},{"floor":18,"key":"Regen Potion"}],"is_trial":false,"path_per_floor":["M","M","M","M","M","R","M","R","T","M","M","R","E","M","R","B",null,"M","?","M","?","?","E","R","M"],"character_chosen":"DEFECT","items_purchased":[],"campfire_rested":2,"item_purchase_floors":[],"current_hp_per_floor":[67,65,57,49,34,34,21,21,21,9,7,29,16,10,32,17,61,60,60,41,41,41,13,13,0],"gold":305,"neow_bonus":"RANDOM_COMMON_RELIC","is_prod":false,"is_daily":false,"chose_seed":false,"campfire_upgraded":3,"win_rate":0,"timestamp":1543863386,"path_taken":["M","M","M","M","M","R","M","R","T","M","M","R","E","?","R","BOSS","M","?","M","?","?","E","R","?"],"build_version":"2018-11-15","purchased_purges":0,"victory":false,"max_hp_per_floor":[75,75,75,75,75,75,75,75,75,75,75,75,75,75,75,75,75,75,75,75,75,75,75,75,75],"card_choices":[{"not_picked":["Redo","Blizzard"],"picked":"Chaos","floor":1},{"not_picked":["Redo","Beam Cell"],"picked":"Genetic Algorithm","floor":2},{"not_picked":["Go for the Eyes","Gash"],"picked":"Sweeping Beam","floor":3},{"not_picked":["Skim","Barrage"],"picked":"Beam Cell","floor":4},{"not_picked":["Rebound","Capacitor"],"picked":"Barrage","floor":5},{"not_picked":["Echo Form","Hologram"],"picked":"Defragment","floor":7},{"not_picked":["Barrage","Static Discharge"],"picked":"Compile Driver","floor":10},{"not_picked":["Barrage","Sweeping Beam"],"picked":"Doom and Gloom","floor":11},{"not_picked":["Steam","Barrage","Reinforced Body"],"picked":"SKIP","floor":13},{"not_picked":["Self Repair","Aggregate"],"picked":"Cold Snap","floor":14},{"not_picked":["Hyperbeam","Echo Form"],"picked":"Multi-Cast","floor":16},{"not_picked":["Storm","Leap"],"picked":"Steam+1","floor":18},{"not_picked":["White Noise","Cold Snap"],"picked":"Double Energy+1","floor":20},{"not_picked":["Leap","Beam Cell"],"picked":"Doom and Gloom","floor":23}],"player_experience":791104,"relics_obtained":[{"floor":9,"key":"DataDisk"},{"floor":13,"key":"Omamori"},{"floor":23,"key":"Oddly Smooth Stone"}],"event_choices":[{"cards_removed":["Strike_B"],"damage_healed":0,"gold_gain":0,"player_choice":"Gave Gold","damage_taken":0,"max_hp_gain":0,"max_hp_loss":0,"event_name":"Beggar","floor":19,"gold_loss":75},{"damage_healed":0,"gold_gain":0,"player_choice":"Inject Mutagens","damage_taken":0,"relics_obtained":["MutagenicStrength"],"max_hp_gain":0,"max_hp_loss":0,"event_name":"Drug Dealer","floor":21,"gold_loss":0},{"cards_removed":["Strike_B"],"damage_healed":0,"gold_gain":0,"player_choice":"Offered Basic","damage_taken":0,"max_hp_gain":0,"max_hp_loss":0,"event_name":"Bonfire Elementals","floor":22,"gold_loss":0}],"is_beta":false,"boss_relics":[{"not_picked":["Orrery","Eternal Feather"],"picked":"Ectoplasm"}],"items_purged_floors":[],"is_endless":false,"potions_floor_spawned":[2,3,4,11,18],"killed_by":"3 Cultists","ascension_level":12}