{"gold_per_floor":[209,78,96,96,96,124,124,142,142,142,169,181,194,194],"floor_reached":14,"playtime":523,"items_purged":[],"score":185,"play_id":"5a86c635-0587-47ec-a638-16e34324e303","local_time":"20190901202507","is_ascension_mode":true,"campfire_choices":[{"floor":7.0,"key":"REST"},{"floor":10.0,"key":"REST"}],"neow_cost":"NONE","seed_source_timestamp":265012616795221,"circlet_count":0,"master_deck":["AscendersBane","Strike_B","Strike_B","Strike_B","Strike_B","Defend_B","Defend_B","Defend_B+1","Defend_B","Zap","Dualcast+1","Sweeping Beam","Defragment+1","Rebound","Conserve Battery","FTL","Ball Lightning","Storm","Ball Lightning"],"special_seed":0,"relics":["Cracked Core","Gremlin Horn","Darkstone Periapt","Gambling Chip"],"potions_floor_usage":[13],"damage_taken":[{"damage":7.0,"enemies":"Small Slimes","floor":1.0,"turns":4.0},{"damage":8.0,"enemies":"2 Louse","floor":3.0,"turns":2.0},{"damage":20.0,"enemies":"Lagavulin","floor":6.0,"turns":7.0},{"damage":0.0,"enemies":"Cultist","floor":8.0,"turns":3.0},{"damage":18,"enemies":"Gremlin Nob","floor":11,"turns":3},{"damage":0,"enemies":"Large Slime","floor":12,"turns":3},{"damage":16,"enemies":"Gremlin Gang","floor":13,"turns":3},{"damage":23,"enemies":"3 Louse","floor":14,"turns":1}],"seed_played":"-5766680927364405338","potions_obtained":[{"floor":3.0,"key":"LiquidBronze"},{"floor":8.0,"key":"SkillPotion"}],"is_trial":false,"path_per_floor":["M","$","M","?","?","E","R","M","T","R","E","M","M","M"],"character_chosen":"DEFECT","items_purchased":["Defragment","Rebound"],"campfire_rested":2,"item_purchase_floors":[2,2],"current_hp_per_floor":[57,57,49,28,28,8,29,29,29,50,32,32,16,0],"gold":194,"neow_bonus":"HUNDRED_GOLD","is_prod":false,"is_daily":false,"chose_seed":false,"campfire_upgraded":0,"win_rate":0,"timestamp":1567387507,"path_taken":["M","$","M","?","?","E","R","M","T","R","E","?","M","M"],"build_version":"2019-07-17","purchased_purges":0,"victory":false,"max_hp_per_floor":[71,71,71,71,71,71,71,71,71,71,71,71,71,71],"card_choices":[{"not_picked":["Turbo","Redo"],"picked":"Sweeping Beam","floor":1.0},{"not_picked":["Hologram","Beam Cell"],"picked":"Conserve Battery","floor":3.0},{"not_picked":["Force Field","Gash"],"picked":"FTL","floor":6.0},{"not_picked":["Redo","Darkness"],"picked":"Ball Lightning","floor":8.0},{"not_picked":["Tempest","Reinforced Body","Streamline"],"picked":"SKIP","floor":11},{"not_picked":["Skim","Beam Cell"],"picked":"Storm","floor":12},{"not_picked":["Darkness","Streamline"],"picked":"Ball Lightning","floor":13}],"player_experience":293314,"relics_obtained":[{"floor":6.0,"key":"Gremlin Horn"},{"floor":9.0,"key":"Darkstone Periapt"},{"floor":11,"key":"Gambling Chip"}],"event_choices":[{"damage_healed":0.0,"max_hp_gain":0.0,"max_hp_loss":0.0,"gold_gain":0.0,"event_name":"Shining Light","player_choice":"Entered Light","floor":4.0,"gold_loss":0.0,"damage_taken":21.0,"cards_upgraded":["Dualcast","Defend_B"]},{"damage_healed":0.0,"max_hp_gain":0.0,"max_hp_loss":0.0,"gold_gain":0.0,"event_name":"Upgrade Shrine","player_choice":"Upgraded","floor":5.0,"gold_loss":0.0,"damage_taken":0.0,"cards_upgraded":["Defragment"]}],"is_beta":false,"boss_relics":[],"items_purged_floors":[],"is_endless":false,"potions_floor_spawned":[3,8],"killed_by":"3 Louse","ascension_level":17}