{"gold_per_floor":[111,91,14,14,28,28,61,79,79,98,115,115,132,157,157,231,231,247,260,70,70],"floor_reached":21,"playtime":703,"items_purged":[],"score":470,"play_id":"035ce034-873a-4f3a-bee8-a8b8c66acaf3","local_time":"20190909224849","is_ascension_mode":true,"campfire_choices":[{"floor":6,"key":"REST"},{"floor":12,"key":"REST"},{"floor":15,"key":"REST"}],"neow_cost":"PERCENT_DAMAGE","seed_source_timestamp":27580400699639,"circlet_count":0,"master_deck":["AscendersBane","Strike_B","Strike_B","Defend_B","Defend_B","Defend_B","Defend_B","Zap","Dualcast","Stack","Darkness","Ball Lightning","Rip and Tear","Ball Lightning","Self Repair","Cold Snap","Self Repair","Hyperbeam","FTL","Turbo","Creative AI","Fusion","Defragment","Capacitor"],"special_seed":0,"relics":["Cracked Core","Kunai","Letter Opener","Bird Faced Urn","Philosopher\u0027s Stone"],"potions_floor_usage":[6,7,16,16,21],"damage_taken":[{"damage":3.0,"enemies":"2 Louse","floor":1.0,"turns":3.0},{"damage":1.0,"enemies":"Cultist","floor":5.0,"turns":3.0},{"damage":4,"enemies":"Gremlin Nob","floor":7,"turns":4},{"damage":32,"enemies":"Small Slimes","floor":8,"turns":3},{"damage":9,"enemies":"Looter","floor":10,"turns":3},{"damage":16,"enemies":"Red Slaver","floor":11,"turns":4},{"damage":4,"enemies":"3 Louse","floor":13,"turns":2},{"damage":30,"enemies":"Lagavulin","floor":14,"turns":5},{"damage":0,"enemies":"Slime Boss","floor":16,"turns":6},{"damage":45,"enemies":"Shell Parasite","floor":18,"turns":7},{"damage":44,"enemies":"3 Byrds","floor":19,"turns":3},{"damage":40,"enemies":"Cultist and Chosen","floor":21,"turns":3}],"seed_played":"-3796449873425353855","potions_obtained":[{"floor":2.0,"key":"Fruit Juice"},{"floor":5.0,"key":"PowerPotion"},{"floor":10,"key":"Swift Potion"},{"floor":13,"key":"FocusPotion"},{"floor":19,"key":"LiquidBronze"}],"is_trial":false,"path_per_floor":["M","?","$","$","M","R","E","M","T","M","M","R","M","E","R","B",null,"M","M","$","M"],"character_chosen":"DEFECT","items_purchased":["Rip and Tear","Capacitor","Fruit Juice"],"campfire_rested":3,"item_purchase_floors":[3,20,20],"current_hp_per_floor":[43,43,43,43,42,69,65,40,40,31,29,51,54,31,53,71,75,53,22,22,0],"gold":70,"neow_bonus":"TRANSFORM_TWO_CARDS","is_prod":false,"is_daily":false,"chose_seed":false,"campfire_upgraded":0,"win_rate":0,"timestamp":1568033329,"path_taken":["M","?","?","$","M","R","E","M","T","M","?","R","M","E","R","BOSS","M","M","$","M"],"build_version":"2019-08-26","purchased_purges":0,"victory":false,"max_hp_per_floor":[71,71,71,71,71,76,76,76,76,76,76,76,76,76,76,76,76,76,76,76,81],"card_choices":[{"not_picked":["Steam","Compile Driver"],"picked":"Ball Lightning","floor":1.0},{"not_picked":["Coolheaded","Double Energy"],"picked":"Ball Lightning","floor":5.0},{"not_picked":["Ball Lightning","BootSequence"],"picked":"Self Repair","floor":7},{"not_picked":["Loop","Scrape"],"picked":"Cold Snap","floor":8},{"not_picked":["Stack","Leap"],"picked":"Self Repair","floor":10},{"not_picked":["Lockon","Ball Lightning"],"picked":"Hyperbeam","floor":11},{"not_picked":["Steam","Skim"],"picked":"FTL","floor":13},{"not_picked":["Conserve Battery","Ball Lightning"],"picked":"Turbo","floor":14},{"not_picked":["All For One","Reboot"],"picked":"Creative AI","floor":16},{"not_picked":["Hello World","Genetic Algorithm"],"picked":"Fusion","floor":18},{"not_picked":["Compile Driver","Go for the Eyes"],"picked":"Defragment","floor":19}],"player_experience":1269942,"relics_obtained":[{"floor":7,"key":"Kunai"},{"floor":9,"key":"Letter Opener"},{"floor":14,"key":"Bird Faced Urn"}],"event_choices":[{"damage_healed":0.0,"max_hp_gain":0.0,"max_hp_loss":0.0,"gold_gain":0.0,"event_name":"The Woman in Blue","player_choice":"Bought 1 Potion","floor":2.0,"gold_loss":0.0,"damage_taken":0.0}],"is_beta":true,"boss_relics":[{"not_picked":["Sozu","FrozenCore"],"picked":"Philosopher\u0027s Stone"}],"items_purged_floors":[],"is_endless":false,"potions_floor_spawned":[5,10,13,19],"killed_by":"Cultist and Chosen","ascension_level":19}