{"gold_per_floor":[110,121,135,153,153,182,182,193,193,193,1,1,14,32,32,137,137,149,167,167,182,182,182,211,228,228,240,240,258,258,33,33,130,130,147,163,163,181,199,199,199],"floor_reached":41,"playtime":1394,"items_purged":[],"score":670,"play_id":"f6957162-ff87-4a8e-a28a-af8c7f2afa4b","local_time":"20181202181715","is_ascension_mode":true,"campfire_choices":[{"floor":10,"key":"REST"},{"data":"Inflame","floor":12,"key":"SMITH"},{"floor":15,"key":"REST"},{"data":"Heavy Blade","floor":23,"key":"SMITH"},{"floor":28,"key":"REST"},{"data":"Evolve","floor":30,"key":"SMITH"},{"floor":32,"key":"REST"},{"floor":40,"key":"REST"}],"neow_cost":"NONE","seed_source_timestamp":155830571779047,"circlet_count":0,"master_deck":["AscendersBane","Strike_R","Strike_R","Strike_R+1","Strike_R+1","Strike_R","Defend_R","Defend_R","Defend_R","Defend_R","Bash+1","Heavy Blade+1","Shrug It Off","Twin Strike+1","Cleave","Intimidate","Perfected Strike+1","Inflame+1","Perfected Strike+1","Immolate+1","Power Through","Writhe","Evolve+1","Twin Strike+1","Dropkick+1","Pummel+1","Thunderclap+1","Dropkick+1"],"relics":["Burning Blood","Molten Egg 2","Mercury Hourglass","Shuriken","Whetstone","Busted Crown","Paper Frog","Omamori","Turnip","Juzu Bracelet","Sozu"],"potions_floor_usage":[4,16,24,33,33,38],"damage_taken":[{"damage":14,"enemies":"2 Louse","floor":1,"turns":2},{"damage":5,"enemies":"Small Slimes","floor":2,"turns":4},{"damage":7,"enemies":"Jaw Worm","floor":3,"turns":3},{"damage":6,"enemies":"3 Louse","floor":4,"turns":2},{"damage":26,"enemies":"Gremlin Nob","floor":6,"turns":4},{"damage":10,"enemies":"Large Slime","floor":8,"turns":5},{"damage":11,"enemies":"Looter","floor":13,"turns":2},{"damage":5,"enemies":"Gremlin Gang","floor":14,"turns":3},{"damage":32,"enemies":"Slime Boss","floor":16,"turns":8},{"damage":24,"enemies":"3 Byrds","floor":18,"turns":3},{"damage":8,"enemies":"Shell Parasite","floor":19,"turns":4},{"damage":0,"enemies":"3 Cultists","floor":21,"turns":3},{"damage":20,"enemies":"Slavers","floor":24,"turns":3},{"damage":33,"enemies":"Sentry and Sphere","floor":25,"turns":4},{"damage":0,"enemies":"Snecko","floor":27,"turns":3},{"damage":6,"enemies":"3 Cultists","floor":29,"turns":3},{"damage":70,"enemies":"Automaton","floor":33,"turns":9},{"damage":20,"enemies":"3 Shapes","floor":35,"turns":3},{"damage":20,"enemies":"3 Darklings","floor":36,"turns":2},{"damage":0,"enemies":"4 Shapes","floor":38,"turns":3},{"damage":46,"enemies":"Writhing Mass","floor":39,"turns":4},{"damage":88,"enemies":"Giant Head","floor":41,"turns":6}],"seed_played":"8699676687517757303","potions_obtained":[{"floor":1,"key":"SteroidPotion"},{"floor":13,"key":"SpeedPotion"},{"floor":16,"key":"EssenceOfSteel"},{"floor":21,"key":"Fire Potion"},{"floor":24,"key":"SpeedPotion"},{"floor":29,"key":"BloodPotion"},{"floor":33,"key":"GamblersBrew"}],"is_trial":false,"path_per_floor":["M","M","M","M","?","E","?","M","T","R","$","R","M","M","R","B",null,"M","M","?","M","?","R","E","M","T","M","R","M","R","$","R","B",null,"M","M","?","M","M","R","E"],"character_chosen":"IRONCLAD","items_purchased":["Whetstone","PowerPotion","Dropkick+1","Juzu Bracelet"],"campfire_rested":5,"item_purchase_floors":[11,11,31,31],"current_hp_per_floor":[64,65,64,64,61,41,25,21,21,45,45,45,40,41,65,39,70,52,50,50,56,56,56,42,15,15,21,45,45,45,45,69,13,63,49,35,70,70,30,51,0],"gold":199,"neow_bonus":"THREE_CARDS","is_prod":false,"is_daily":false,"chose_seed":false,"campfire_upgraded":3,"win_rate":0,"timestamp":1543792635,"path_taken":["M","M","M","M","?","E","?","M","T","R","$","R","M","M","R","BOSS","M","M","?","M","?","R","E","M","T","M","R","M","R","?","R","BOSS","M","M","?","M","M","R","E"],"build_version":"2018-11-15","purchased_purges":0,"victory":false,"max_hp_per_floor":[80,80,80,80,80,80,80,80,80,80,80,80,80,80,80,80,80,80,80,80,80,80,80,80,80,80,80,80,80,80,80,80,80,80,80,80,70,70,70,70,70],"card_choices":[{"not_picked":["Cleave","Disarm"],"picked":"Heavy Blade","floor":0},{"not_picked":["Searing Blow","Shockwave"],"picked":"Shrug It Off","floor":1},{"not_picked":["Iron Wave","Uppercut"],"picked":"Twin Strike","floor":2},{"not_picked":["Havoc","Wild Strike"],"picked":"Cleave","floor":3},{"not_picked":["Sentinel","Cleave"],"picked":"Intimidate","floor":4},{"not_picked":["Clothesline+1","Combust"],"picked":"Perfected Strike+1","floor":6},{"not_picked":["Perfected Strike+1","Wild Strike+1"],"picked":"Inflame","floor":8},{"not_picked":["Dropkick+1","True Grit"],"picked":"Perfected Strike+1","floor":13},{"not_picked":["Armaments","Feel No Pain","Fire Breathing"],"picked":"SKIP","floor":14},{"not_picked":["Bludgeon+1","Impervious"],"picked":"Immolate+1","floor":16},{"not_picked":["Metallicize"],"picked":"SKIP","floor":18},{"not_picked":[],"picked":"Power Through","floor":19},{"not_picked":["Havoc"],"picked":"SKIP","floor":21},{"not_picked":[],"picked":"Evolve","floor":24},{"not_picked":[],"picked":"Twin Strike+1","floor":25},{"not_picked":["Clash+1"],"picked":"SKIP","floor":27},{"not_picked":["Body Slam+1"],"picked":"SKIP","floor":29},{"not_picked":["Cleave+1"],"picked":"SKIP","floor":35},{"not_picked":[],"picked":"Pummel+1","floor":36},{"not_picked":[],"picked":"Thunderclap+1","floor":38},{"not_picked":[],"picked":"Dropkick+1","floor":39}],"player_experience":764008,"relics_obtained":[{"floor":6,"key":"Mercury Hourglass"},{"floor":9,"key":"Shuriken"},{"floor":24,"key":"Omamori"},{"floor":26,"key":"Turnip"}],"event_choices":[{"damage_healed":0,"gold_gain":0,"player_choice":"Success","damage_taken":3,"relics_obtained":["Molten Egg 2"],"max_hp_gain":0,"max_hp_loss":0,"event_name":"Scrap Ooze","floor":5,"gold_loss":0},{"damage_healed":0,"gold_gain":0,"player_choice":"Entered Light","damage_taken":16,"max_hp_gain":0,"max_hp_loss":0,"event_name":"Shining Light","floor":7,"gold_loss":0,"cards_upgraded":["Strike_R","Bash"]},{"damage_healed":0,"gold_gain":0,"player_choice":"Opened","damage_taken":0,"relics_obtained":["Paper Frog"],"max_hp_gain":0,"max_hp_loss":0,"event_name":"The Mausoleum","floor":20,"gold_loss":0,"cards_obtained":["Writhe"]},{"damage_healed":0,"gold_gain":0,"player_choice":"Ignored","damage_taken":0,"max_hp_gain":0,"max_hp_loss":0,"event_name":"Vampires","floor":22,"gold_loss":0},{"damage_healed":70,"gold_gain":0,"player_choice":"Heal","damage_taken":0,"max_hp_gain":0,"max_hp_loss":10,"event_name":"The Moai Head","floor":37,"gold_loss":0}],"is_beta":false,"boss_relics":[{"not_picked":["Velvet Choker","White Beast Statue"],"picked":"Busted Crown"},{"not_picked":["Tiny House","Lizard Tail"],"picked":"Sozu"}],"items_purged_floors":[],"is_endless":false,"potions_floor_spawned":[1,13,14,16,21,24,29,33,38],"killed_by":"Giant Head","ascension_level":12}