{"gold_per_floor":[110,185,196,37,47,78,78,106,182,195,195,195,213,276,276,405,405,423,447,13,13,28,28],"floor_reached":23,"playtime":1112,"items_purged":["Injury"],"score":327,"play_id":"0e7f49ba-ed2f-433c-8862-14cf25c919c8","local_time":"20190623032320","is_ascension_mode":true,"campfire_choices":[{"data":"Hologram","floor":7,"key":"SMITH"},{"floor":11,"key":"REST"},{"floor":15,"key":"REST"}],"neow_cost":"NONE","seed_source_timestamp":32623167136890,"circlet_count":0,"master_deck":["AscendersBane","Strike_B","Strike_B","Strike_B","Strike_B","Defend_B","Defend_B","Defend_B","Defend_B","Zap","Dualcast","Cold Snap","Hologram+1","Panacea","Undo","Glacier","Sweeping Beam","White Noise","Redo","Fusion","Sunder","Echo Form","Self Repair","Panache","Stack"],"relics":["Cracked Core","Vajra","Du-Vu Doll","Blood Vial","Symbiotic Virus","Golden Idol","Tiny Chest","Nuclear Battery","Lee\u0027s Waffle"],"potions_floor_usage":[6,19,23],"damage_taken":[{"damage":13,"enemies":"Jaw Worm","floor":1,"turns":4},{"damage":0,"enemies":"Cultist","floor":3,"turns":3},{"damage":3,"enemies":"Small Slimes","floor":5,"turns":3},{"damage":4,"enemies":"Lagavulin","floor":6,"turns":9},{"damage":18,"enemies":"Gremlin Nob","floor":8,"turns":6},{"damage":9,"enemies":"Exordium Wildlife","floor":10,"turns":4},{"damage":3,"enemies":"Red Slaver","floor":13,"turns":3},{"damage":13,"enemies":"Lagavulin","floor":14,"turns":9},{"damage":25,"enemies":"Slime Boss","floor":16,"turns":8},{"damage":5,"enemies":"Shell Parasite","floor":18,"turns":11},{"damage":0,"enemies":"Spheric Guardian","floor":19,"turns":2},{"damage":0,"enemies":"3 Cultists","floor":22,"turns":4},{"damage":84,"enemies":"Gremlin Leader","floor":23,"turns":8}],"seed_played":"-8451021428199728058","potions_obtained":[{"floor":1,"key":"Swift Potion"},{"floor":3,"key":"Weak Potion"},{"floor":5,"key":"EntropicBrew"},{"floor":18,"key":"Fire Potion"},{"floor":21,"key":"AttackPotion"}],"is_trial":false,"path_per_floor":["M","?","M","$","M","E","R","E","T","M","R","?","M","E","R","B",null,"M","M","$","?","M","E"],"character_chosen":"DEFECT","items_purchased":["Panacea","Undo","Panache","Lee\u0027s Waffle"],"campfire_rested":2,"item_purchase_floors":[4,4,20,20],"current_hp_per_floor":[55,48,48,48,45,41,41,23,23,16,38,38,37,26,48,25,63,60,62,82,82,82,0],"gold":28,"neow_bonus":"RANDOM_COMMON_RELIC","is_prod":false,"is_daily":false,"chose_seed":false,"campfire_upgraded":1,"win_rate":0,"timestamp":1561224200,"path_taken":["M","?","M","$","M","E","R","E","T","?","R","?","M","E","R","BOSS","M","M","$","?","M","E"],"build_version":"2019-01-23","purchased_purges":1,"victory":false,"max_hp_per_floor":[75,75,75,75,75,75,75,75,75,75,75,75,75,75,75,75,75,75,75,82,82,82,82],"card_choices":[{"not_picked":["Blizzard","Darkness"],"picked":"Cold Snap","floor":1},{"not_picked":["Stack","Barrage"],"picked":"Hologram","floor":3},{"not_picked":["Barrage","Double Energy"],"picked":"Glacier","floor":5},{"not_picked":["Rebound","Cold Snap"],"picked":"Sweeping Beam","floor":6},{"not_picked":["Compile Driver","Fission"],"picked":"White Noise","floor":8},{"not_picked":["Rip and Tear","Sweeping Beam"],"picked":"Redo","floor":10},{"not_picked":["Beam Cell","Rainbow"],"picked":"Fusion","floor":13},{"not_picked":["Recycle","Capacitor"],"picked":"Sunder","floor":14},{"not_picked":["Biased Cognition","Hyperbeam"],"picked":"Echo Form","floor":16},{"not_picked":["Rebound","Auto Shields","Gash"],"picked":"SKIP","floor":18},{"not_picked":["Hologram","Rainbow"],"picked":"Self Repair","floor":19},{"not_picked":["Ball Lightning","Turbo"],"picked":"Stack","floor":22}],"player_experience":872828,"relics_obtained":[{"floor":6,"key":"Du-Vu Doll"},{"floor":8,"key":"Blood Vial"},{"floor":9,"key":"Symbiotic Virus"},{"floor":14,"key":"Tiny Chest"}],"event_choices":[{"damage_healed":0,"gold_gain":75,"player_choice":"Touch","damage_taken":7,"max_hp_gain":0,"max_hp_loss":0,"event_name":"FaceTrader","floor":2,"gold_loss":0},{"damage_healed":0,"gold_gain":0,"player_choice":"Take Wound","damage_taken":0,"relics_obtained":["Golden Idol"],"max_hp_gain":0,"max_hp_loss":0,"event_name":"Golden Idol","floor":12,"gold_loss":0,"cards_obtained":["Injury"]},{"damage_healed":0,"gold_gain":0,"player_choice":"Got Potions","damage_taken":0,"max_hp_gain":0,"max_hp_loss":0,"event_name":"Lab","floor":21,"gold_loss":0}],"is_beta":false,"boss_relics":[{"not_picked":["Cursed Key","Busted Crown"],"picked":"Nuclear Battery"}],"items_purged_floors":[20],"is_endless":false,"potions_floor_spawned":[1,3,5,18],"killed_by":"Gremlin Leader","ascension_level":11}