{"gold_per_floor":[113,127,147,147,162,162,189,189,236,236,246,66,66,96,96,201,201,190,205,205,0,0,0,16,16],"floor_reached":25,"playtime":988,"items_purged":[],"score":232,"play_id":"9f8ca34e-6cbf-4959-9b30-174d5072cbf1","local_time":"20190421182613","is_ascension_mode":true,"campfire_choices":[{"data":"Metallicize","floor":6,"key":"SMITH"},{"data":"Cleave","floor":8,"key":"SMITH"},{"data":"Wild Strike","floor":10,"key":"SMITH"},{"data":"Warcry","floor":15,"key":"SMITH"},{"floor":23,"key":"REST"}],"neow_cost":"NONE","seed_source_timestamp":10846477800598,"circlet_count":0,"master_deck":["Strike_R","Strike_R","Defend_R","Defend_R","Defend_R+1","Defend_R","Bash+1","Cleave+1","Metallicize+1","Headbutt+1","Wild Strike+1","Shrug It Off","Anger","Body Slam+1","Warcry+1","Barricade+1","True Grit","Brutality+1","RitualDagger","Flex+1"],"relics":["Burning Blood","Frozen Egg 2","Whetstone","Juzu Bracelet","Regal Pillow","Empty Cage","Medical Kit"],"potions_floor_usage":[5,14,16,25],"damage_taken":[{"damage":5,"enemies":"Small Slimes","floor":1,"turns":3},{"damage":1,"enemies":"Cultist","floor":2,"turns":3},{"damage":0,"enemies":"2 Louse","floor":3,"turns":3},{"damage":9,"enemies":"Exordium Wildlife","floor":5,"turns":5},{"damage":14,"enemies":"Gremlin Nob","floor":7,"turns":4},{"damage":8,"enemies":"Blue Slaver","floor":11,"turns":3},{"damage":2,"enemies":"3 Sentries","floor":14,"turns":5},{"damage":40,"enemies":"Slime Boss","floor":16,"turns":9},{"damage":26,"enemies":"2 Thieves","floor":18,"turns":4},{"damage":12,"enemies":"Spheric Guardian","floor":19,"turns":5},{"damage":59,"enemies":"Shelled Parasite and Fungi","floor":24,"turns":8},{"damage":40,"enemies":"Snecko","floor":25,"turns":4}],"seed_played":"1461307320126851099","potions_obtained":[{"floor":2,"key":"Swift Potion"},{"floor":7,"key":"Fire Potion"},{"floor":11,"key":"Dexterity Potion"},{"floor":24,"key":"GamblersBrew"}],"is_trial":false,"path_per_floor":["M","M","M","?","M","R","E","R","T","R","M","$","?","E","R","B",null,"M","M","?","$","?","R","M","M"],"character_chosen":"IRONCLAD","items_purchased":["Body Slam","Juzu Bracelet","Medical Kit"],"campfire_rested":1,"item_purchase_floors":[12,12,21],"current_hp_per_floor":[80,80,80,80,77,77,69,69,69,69,67,67,51,55,55,21,80,60,54,54,54,48,80,27,0],"gold":16,"neow_bonus":"UPGRADE_CARD","is_prod":false,"is_daily":false,"chose_seed":false,"campfire_upgraded":4,"win_rate":0,"timestamp":1555835173,"path_taken":["M","M","M","?","?","R","E","R","T","R","M","?","?","E","R","BOSS","M","M","?","$","?","R","M","M"],"build_version":"2019-01-23","purchased_purges":0,"victory":false,"max_hp_per_floor":[80,80,80,80,80,80,80,80,80,80,80,80,80,80,80,80,80,80,80,80,80,80,80,80,80],"card_choices":[{"not_picked":["Flex","Anger"],"picked":"Cleave","floor":1},{"not_picked":["Pummel","Carnage"],"picked":"Metallicize","floor":2},{"not_picked":["Iron Wave","Clothesline"],"picked":"Headbutt","floor":3},{"not_picked":["Flex","Evolve"],"picked":"Wild Strike","floor":5},{"not_picked":["Thunderclap","Combust"],"picked":"Shrug It Off","floor":7},{"not_picked":["Ghostly Armor","Shrug It Off"],"picked":"Anger","floor":11},{"not_picked":["Twin Strike","Fire Breathing+1"],"picked":"Warcry","floor":14},{"not_picked":["Offering","Brutality+1"],"picked":"Barricade+1","floor":16},{"not_picked":["Warcry","Whirlwind+1"],"picked":"True Grit","floor":18},{"not_picked":["Iron Wave","Flex"],"picked":"Brutality+1","floor":19},{"not_picked":["Entrench","Combust+1"],"picked":"Flex+1","floor":24}],"player_experience":389561,"relics_obtained":[{"floor":7,"key":"Frozen Egg 2"},{"floor":9,"key":"Whetstone"},{"floor":14,"key":"Regal Pillow"}],"event_choices":[{"cards_removed":["Strike_R"],"damage_healed":0,"gold_gain":0,"player_choice":"Purged","damage_taken":0,"max_hp_gain":0,"max_hp_loss":0,"event_name":"Purifier","floor":4,"gold_loss":0},{"damage_healed":0,"gold_gain":0,"player_choice":"Entered Light","damage_taken":16,"max_hp_gain":0,"max_hp_loss":0,"event_name":"Shining Light","floor":13,"gold_loss":0,"cards_upgraded":["Defend_R","Body Slam"]},{"damage_healed":0,"gold_gain":0,"player_choice":"Ignored","damage_taken":0,"max_hp_gain":0,"max_hp_loss":0,"event_name":"Beggar","floor":20,"gold_loss":0},{"damage_healed":0,"gold_gain":0,"player_choice":"Joined the Cult","damage_taken":6,"max_hp_gain":0,"max_hp_loss":0,"event_name":"Nest","floor":22,"gold_loss":0,"cards_obtained":["RitualDagger"]}],"is_beta":false,"boss_relics":[{"not_picked":["Runic Pyramid","Orrery"],"picked":"Empty Cage"}],"items_purged_floors":[],"is_endless":false,"potions_floor_spawned":[2,7,11,24],"killed_by":"Snecko","ascension_level":2}