{"path_per_floor":["M","?","M","$","M","R","E","R","T","M","T","$","E","M","R","B",null,"M","M","T","?","M","E","M","M","T","M","R","M","?","$","R","B",null,"M","?","?","M","M","R","M","R","T","$","M","M","M","E","R"],"character_chosen":"IRONCLAD","items_purchased":["Omamori","Strength Potion","Shrug It Off","Bag of Marbles","Oddly Smooth Stone","Bronze Scales"],"gold_per_floor":[149,149,159,3,22,22,55,55,79,96,150,24,49,59,59,161,161,174,194,217,217,235,264,283,298,321,338,338,356,356,159,159,255,285,295,295,295,307,318,318,328,328,328,39,54,64,79,112,112],"floor_reached":50,"campfire_rested":4,"playtime":3445,"current_hp_per_floor":[56,56,49,49,46,46,43,67,67,34,34,34,28,28,52,20,80,62,58,58,58,44,27,29,30,30,31,70,72,64,64,64,16,85,85,85,85,59,47,47,39,79,79,79,85,85,72,62,62],"items_purged":["Pain"],"gold":112,"score":508,"play_id":"f6c4b0e9-01cc-4258-8b20-205c6a400c67","local_time":"20180320222650","is_prod":false,"is_daily":false,"is_ascension_mode":false,"campfire_upgraded":4,"timestamp":1521599210,"path_taken":["M","?","M","$","?","R","E","R","T","M","?","$","E","M","R","BOSS","M","M","?","?","M","E","M","M","T","M","R","M","?","$","R","BOSS","M","?","?","?","M","R","M","R","T","$","M","M","M","E","R","BOSS"],"build_version":"2018-03-15v3","purchased_purges":1,"victory":false,"master_deck":["Strike_R+1","Strike_R","Strike_R","Strike_R","Strike_R","Defend_R+1","Defend_R","Defend_R","Defend_R","Rampage+1","Perfected Strike+1","Armaments+1","Heavy Blade","Rage+1","Shrug It Off","Double Tap+1","Reaper","Uppercut","Perfected Strike+1","Cleave+1","Ghostly Armor","Twin Strike","Uppercut+1","Body Slam+1","Shrug It Off","Feed","Sword Boomerang+1","Shockwave+1","Iron Wave+1","Headbutt+1","Second Wind+1","Battle Trance+1"],"max_hp_per_floor":[80,80,80,80,80,80,80,80,80,80,80,80,80,80,80,80,80,80,80,80,80,80,80,80,80,80,80,80,80,80,80,80,80,85,85,85,85,85,85,85,85,85,85,85,85,85,88,88,88],"relics":["Calling Bell","Ancient Tea Set","Tiny Chest","Lantern","Omamori","Toolbox","Pen Nib","Vajra","Gambling Chip","Velvet Choker","Blood Vial","War Paint","Regal Pillow","Bag of Marbles","Tiny House","Champion Belt","Oddly Smooth Stone","Bronze Scales","Happy Flower"],"card_choices":[{"not_picked":["Sword Boomerang","Bloodletting"],"picked":"Rampage"},{"not_picked":["Thunderclap","Shrug It Off"],"picked":"Perfected Strike"},{"not_picked":["Warcry","Clash"],"picked":"Armaments"},{"not_picked":["Dual Wield","Flex"],"picked":"Heavy Blade"},{"not_picked":["Shrug It Off","Cleave"],"picked":"Rage"},{"not_picked":["Body Slam","Inflame"],"picked":"Shrug It Off"},{"not_picked":["Shockwave","Perfected Strike"],"picked":"Double Tap"},{"not_picked":["Juggernaut","Double Tap"],"picked":"Reaper"},{"not_picked":["Pommel Strike","Headbutt"],"picked":"Uppercut"},{"not_picked":["Clash","Clothesline"],"picked":"Perfected Strike"},{"not_picked":["Anger","Hemokinesis"],"picked":"Cleave"},{"not_picked":["Fire Breathing","Rampage"],"picked":"Ghostly Armor"},{"not_picked":["Wild Strike","Heavy Blade"],"picked":"Twin Strike"},{"not_picked":["Heavy Blade","Reaper"],"picked":"Uppercut"},{"not_picked":["Flex","Thunderclap"],"picked":"Body Slam"},{"not_picked":["Fiend Fire","Offering"],"picked":"Feed"},{"not_picked":["Infernal Blade","Perfected Strike"],"picked":"Sword Boomerang"},{"not_picked":["Perfected Strike","Sword Boomerang"],"picked":"Shockwave"},{"not_picked":["Body Slam","Clash"],"picked":"Iron Wave"},{"not_picked":["Pommel Strike","Uppercut"],"picked":"Headbutt"},{"not_picked":["Clothesline","Body Slam"],"picked":"Second Wind"},{"not_picked":["Headbutt","Flex"],"picked":"Battle Trance"}],"player_experience":31618,"potions_floor_usage":[3,7,7,7,16,16,16,22,23,33,33,38,48,50,50],"damage_taken":[{"damage":24,"enemies":"Jaw Worm","floor":1,"turns":6},{"damage":7,"enemies":"Cultist","floor":3,"turns":4},{"damage":3,"enemies":"2 Louse","floor":5,"turns":3},{"damage":3,"enemies":"Gremlin Nob","floor":7,"turns":2},{"damage":33,"enemies":"Lots of Slimes","floor":10,"turns":7},{"damage":6,"enemies":"3 Sentries","floor":13,"turns":6},{"damage":0,"enemies":"Exordium Wildlife","floor":14,"turns":2},{"damage":32,"enemies":"Hexaghost","floor":16,"turns":8},{"damage":32,"enemies":"2 Thieves","floor":18,"turns":4},{"damage":13,"enemies":"3 Byrds","floor":19,"turns":5},{"damage":30,"enemies":"Centurion and Healer","floor":22,"turns":5},{"damage":24,"enemies":"Slavers","floor":23,"turns":6},{"damage":5,"enemies":"Chosen and Byrds","floor":24,"turns":5},{"damage":11,"enemies":"Cultist and Chosen","floor":25,"turns":6},{"damage":1,"enemies":"Centurion and Healer","floor":27,"turns":4},{"damage":0,"enemies":"Snake Plant","floor":29,"turns":1},{"damage":57,"enemies":"Champ","floor":33,"turns":9},{"damage":0,"enemies":"3 Shapes","floor":35,"turns":2},{"damage":42,"enemies":"3 Darklings","floor":38,"turns":6},{"damage":28,"enemies":"Maw","floor":39,"turns":7},{"damage":15,"enemies":"4 Shapes","floor":41,"turns":5},{"damage":6,"enemies":"3 Darklings","floor":45,"turns":6},{"damage":0,"enemies":"Sphere and 2 Shapes","floor":46,"turns":3},{"damage":16,"enemies":"4 Shapes","floor":47,"turns":4},{"damage":22,"enemies":"2 Orb Walkers","floor":48,"turns":5},{"damage":73,"enemies":"Awakened One","floor":50,"turns":10}],"event_choices":[{"event_name":"The Lab","player_choice":"Got Potions","floor":2,"damage_taken":0},{"event_name":"Fountain of Cleansing","player_choice":"Removed Curse","floor":21,"damage_taken":0},{"event_name":"Wheel of Change","player_choice":"Damage","floor":30,"damage_taken":0},{"event_name":"The Woman in Blue","player_choice":"Bought 0 Potions","floor":37,"damage_taken":0}],"boss_relics":[{"not_picked":["Black Star","Eternal Feather"],"picked":"Velvet Choker"},{"not_picked":["Cursed Key","Runic Dome"],"picked":"Tiny House"}],"potions_floor_spawned":[1,3,7,13,19,22,27,29,33,45,48],"seed_played":"7630892484075226888","killed_by":"Awakened One","ascension_level":0,"is_trial":false}