{"gold_per_floor":[113,113,128,147,147,179,179,199,244,4,19,35,35,47,47,143,143,154,154,169,22,33,33,43,43,43,72,72,106,125,125,125,225,225,241,255,269,281,293,293,319,319,343,343,1,12,45,56,56,56],"floor_reached":51,"playtime":2147,"items_purged":[],"score":1125,"play_id":"9dcaf056-cef4-49ff-a9d9-93840a240378","local_time":"20190529161020","is_ascension_mode":true,"campfire_choices":[{"data":"Perfected Strike","floor":7.0,"key":"SMITH"},{"data":"Infernal Blade","floor":13.0,"key":"SMITH"},{"data":"Spot Weakness","floor":15.0,"key":"SMITH"},{"floor":23.0,"key":"REST"},{"data":"Demon Form","floor":25.0,"key":"SMITH"},{"data":"Shockwave","floor":28.0,"key":"SMITH"},{"data":"Disarm","floor":32.0,"key":"SMITH"},{"data":"Demon Form","floor":40.0,"key":"SMITH"},{"floor":44.0,"key":"REST"},{"floor":49.0,"key":"REST"}],"neow_cost":"NONE","seed_source_timestamp":0,"circlet_count":0,"master_deck":["Strike_R","Strike_R","Strike_R","Defend_R","Defend_R","Defend_R","Defend_R","Bash","True Grit+1","Headbutt","Perfected Strike+1","Thunderclap","Spot Weakness+1","Infernal Blade+1","Battle Trance","Shockwave+1","Demon Form+1","Clothesline+1","Intimidate","Hemokinesis+1","Iron Wave+1","Pummel","Disarm+1","Impervious","Clash","Demon Form+1","True Grit+1","Heavy Blade+1","Seeing Red","Flame Barrier","Fire Breathing+1","Double Tap","Clash","Pummel","Shockwave+1","Battle Trance+1"],"special_seed":0,"relics":["Burning Blood","Bag of Preparation","Self Forming Clay","Regal Pillow","Gremlin Horn","Mark of Pain","Bag of Marbles","Turnip","Vajra","Du-Vu Doll","Snecko Eye","Pear","Art of War","ClockworkSouvenir","Oddly Smooth Stone","Toxic Egg 2"],"potions_floor_usage":[],"damage_taken":[{"damage":10.0,"enemies":"Small Slimes","floor":1.0,"turns":4.0},{"damage":2.0,"enemies":"Cultist","floor":3.0,"turns":4.0},{"damage":3.0,"enemies":"2 Louse","floor":4.0,"turns":2.0},{"damage":16.0,"enemies":"Gremlin Nob","floor":6.0,"turns":3.0},{"damage":9.0,"enemies":"Red Slaver","floor":8.0,"turns":4.0},{"damage":9.0,"enemies":"Exordium Thugs","floor":11.0,"turns":4.0},{"damage":5.0,"enemies":"Gremlin Gang","floor":12.0,"turns":2.0},{"damage":3.0,"enemies":"3 Louse","floor":14.0,"turns":3.0},{"damage":49.0,"enemies":"The Guardian","floor":16.0,"turns":9.0},{"damage":6.0,"enemies":"2 Thieves","floor":18.0,"turns":2.0},{"damage":3.0,"enemies":"Chosen","floor":20.0,"turns":4.0},{"damage":25.0,"enemies":"Sentry and Sphere","floor":22.0,"turns":4.0},{"damage":7.0,"enemies":"Snecko","floor":24.0,"turns":4.0},{"damage":2.0,"enemies":"Gremlin Leader","floor":27.0,"turns":5.0},{"damage":2.0,"enemies":"Slavers","floor":29.0,"turns":2.0},{"damage":6.0,"enemies":"3 Cultists","floor":30.0,"turns":3.0},{"damage":48.0,"enemies":"Champ","floor":33.0,"turns":8.0},{"damage":7.0,"enemies":"3 Darklings","floor":35.0,"turns":5.0},{"damage":2.0,"enemies":"3 Shapes","floor":36.0,"turns":3.0},{"damage":2.0,"enemies":"3 Darklings","floor":37.0,"turns":1.0},{"damage":18.0,"enemies":"Maw","floor":38.0,"turns":5.0},{"damage":6.0,"enemies":"Jaw Worm Horde","floor":39.0,"turns":4.0},{"damage":42.0,"enemies":"Nemesis","floor":41.0,"turns":5.0},{"damage":41.0,"enemies":"Spire Growth","floor":46.0,"turns":5.0},{"damage":32.0,"enemies":"Giant Head","floor":47.0,"turns":6.0},{"damage":2.0,"enemies":"Transient","floor":48.0,"turns":5.0},{"damage":63,"enemies":"Awakened One","floor":50,"turns":8}],"seed_played":"3036208570483615897","potions_obtained":[{"floor":1.0,"key":"Explosive Potion"},{"floor":8.0,"key":"BloodPotion"},{"floor":11.0,"key":"AttackPotion"},{"floor":16.0,"key":"BloodPotion"},{"floor":20.0,"key":"SteroidPotion"},{"floor":24.0,"key":"Weak Potion"},{"floor":30.0,"key":"LiquidBronze"},{"floor":33.0,"key":"BloodPotion"},{"floor":36.0,"key":"LiquidBronze"},{"floor":38.0,"key":"Strength Potion"}],"is_trial":false,"path_per_floor":["M","?","M","M","?","E","R","M","T","$","M","M","R","M","R","B",null,"M","?","M","$","M","R","M","R","T","E","R","E","M","?","R","B",null,"M","M","M","M","M","R","E","?","T","R","$","M","E","M","R","B",null],"character_chosen":"IRONCLAD","items_purchased":["Gremlin Horn","Bag of Marbles","ClockworkSouvenir","Oddly Smooth Stone"],"campfire_rested":3,"item_purchase_floors":[10,21,45,45],"current_hp_per_floor":[68,68,72,75,75,65,65,62,62,62,59,60,60,63,63,28,67,67,59,62,62,43,80,79,79,79,80,80,80,80,80,80,46,72,71,75,79,67,67,67,49,49,49,90,90,55,29,33,75,18],"gold":56,"neow_bonus":"RANDOM_COMMON_RELIC","is_prod":false,"is_daily":false,"chose_seed":false,"campfire_upgraded":7,"win_rate":0,"timestamp":1559110220,"path_taken":["M","?","M","?","?","E","R","M","T","$","M","M","R","?","R","BOSS","M","?","M","$","?","R","M","R","T","E","R","E","M","?","R","BOSS","M","?","M","M","M","R","E","?","T","R","$","?","E","?","R","BOSS"],"build_version":"2019-01-23","purchased_purges":0,"victory":true,"max_hp_per_floor":[80,80,80,80,80,80,80,80,80,80,80,80,80,80,80,80,80,80,80,80,80,80,80,80,80,80,80,80,80,80,80,80,80,80,80,80,80,80,80,80,90,90,90,90,90,90,90,90,90,90],"card_choices":[{"not_picked":["Reckless Charge","Clash"],"picked":"True Grit","floor":1.0},{"not_picked":["Shockwave","Heavy Blade"],"picked":"Headbutt","floor":3.0},{"not_picked":["Twin Strike","Headbutt"],"picked":"Perfected Strike","floor":4.0},{"not_picked":["Feel No Pain","Hemokinesis"],"picked":"Thunderclap","floor":6.0},{"not_picked":["Dual Wield","Pommel Strike"],"picked":"Spot Weakness","floor":8.0},{"not_picked":["Body Slam","Dropkick"],"picked":"Infernal Blade","floor":11.0},{"not_picked":["Anger","Warcry"],"picked":"Battle Trance","floor":12.0},{"not_picked":["Thunderclap","Feel No Pain"],"picked":"Shockwave","floor":14.0},{"not_picked":["Dark Embrace","Bludgeon"],"picked":"Demon Form","floor":16.0},{"not_picked":["Havoc","Clash+1"],"picked":"Clothesline+1","floor":18.0},{"not_picked":["Clothesline+1","Twin Strike"],"picked":"Intimidate","floor":20.0},{"not_picked":["Headbutt+1","Heavy Blade+1"],"picked":"Hemokinesis+1","floor":22.0},{"not_picked":["Clothesline","Clash"],"picked":"Iron Wave+1","floor":24.0},{"not_picked":["Ghostly Armor","Reckless Charge"],"picked":"Pummel","floor":27.0},{"not_picked":["Sword Boomerang+1","Power Through"],"picked":"Disarm","floor":29.0},{"not_picked":["Shrug It Off","Sword Boomerang"],"picked":"Impervious","floor":30.0},{"not_picked":["Dark Embrace","Juggernaut"],"picked":"Demon Form","floor":33.0},{"not_picked":["Iron Wave+1","Ghostly Armor+1"],"picked":"True Grit+1","floor":35.0},{"not_picked":["Anger+1","Barricade"],"picked":"Heavy Blade+1","floor":36.0},{"not_picked":["Thunderclap+1","Clothesline+1"],"picked":"Seeing Red","floor":37.0},{"not_picked":["Carnage+1","True Grit"],"picked":"Flame Barrier","floor":38.0},{"not_picked":["Whirlwind","Clothesline+1"],"picked":"Fire Breathing+1","floor":39.0},{"not_picked":["Shrug It Off+1","Perfected Strike+1"],"picked":"Double Tap","floor":41.0},{"not_picked":["Seeing Red+1","Dropkick"],"picked":"Pummel","floor":46.0},{"not_picked":["Thunderclap","Burning Pact"],"picked":"Shockwave","floor":47.0},{"not_picked":["Iron Wave","Armaments+1"],"picked":"Battle Trance+1","floor":48.0}],"player_experience":746258,"relics_obtained":[{"floor":6.0,"key":"Self Forming Clay"},{"floor":9.0,"key":"Regal Pillow"},{"floor":26.0,"key":"Turnip"},{"floor":27.0,"key":"Vajra"},{"floor":29.0,"key":"Du-Vu Doll"},{"floor":41.0,"key":"Pear"},{"floor":43.0,"key":"Art of War"},{"floor":47.0,"key":"Toxic Egg 2"}],"event_choices":[{"damage_healed":0.0,"max_hp_gain":0.0,"max_hp_loss":0.0,"gold_gain":0.0,"event_name":"Upgrade Shrine","player_choice":"Upgraded","floor":2.0,"gold_loss":0.0,"damage_taken":0.0,"cards_upgraded":["True Grit"]},{"damage_healed":0.0,"max_hp_gain":0.0,"max_hp_loss":0.0,"gold_gain":0.0,"event_name":"The Woman in Blue","player_choice":"Bought 0 Potions","floor":5.0,"gold_loss":0.0,"damage_taken":0.0},{"damage_healed":0.0,"max_hp_gain":0.0,"max_hp_loss":0.0,"gold_gain":0.0,"event_name":"Wheel of Change","player_choice":"Damaged","floor":19.0,"gold_loss":0.0,"damage_taken":8.0},{"damage_healed":0.0,"max_hp_gain":0.0,"max_hp_loss":0.0,"gold_gain":0.0,"cards_transformed":["Strike_R"],"event_name":"Transmorgrifier","player_choice":"Transformed","floor":31.0,"gold_loss":0.0,"damage_taken":0.0,"cards_obtained":["Clash"]},{"damage_healed":0.0,"max_hp_gain":0.0,"max_hp_loss":0.0,"gold_gain":0.0,"cards_transformed":["Strike_R"],"event_name":"Transmorgrifier","player_choice":"Transformed","floor":42.0,"gold_loss":0.0,"damage_taken":0.0,"cards_obtained":["Clash"]}],"is_beta":false,"boss_relics":[{"not_picked":["Fusion Hammer","Astrolabe"],"picked":"Mark of Pain"},{"not_picked":["Philosopher\u0027s Stone","Runic Pyramid"],"picked":"Snecko Eye"}],"items_purged_floors":[],"is_endless":false,"potions_floor_spawned":[1,8,11,16,20,24,30,33,36,37,38],"ascension_level":7}