{"gold_per_floor":[110,35,110,110,129,129,144,155,208,237,253,264,292,304,304,376,376,350,361,375,265,277,277,277],"floor_reached":24,"playtime":1661,"items_purged":["Strike_G"],"score":424,"play_id":"c9654f50-2dbb-47e2-89da-bfa9b5fd3d8d","local_time":"20190514080616","is_ascension_mode":true,"campfire_choices":[{"data":"All Out Attack","floor":6,"key":"SMITH"},{"data":"Skewer","floor":15,"key":"SMITH"},{"floor":23,"key":"REST"}],"neow_cost":"NONE","seed_source_timestamp":1719077218994724,"circlet_count":0,"master_deck":["AscendersBane","Defend_G","Defend_G","Defend_G","Defend_G","Defend_G","Strike_G","Strike_G","Strike_G","Survivor","Neutralize","All Out Attack+1","Backstab","Skewer+1","Escape Plan","Backflip","Malaise+1","Deflect","Adrenaline","Burst","Adrenaline","Dash"],"relics":["Ring of the Snake","NeowsBlessing","Art of War","Juzu Bracelet","Torii","Sozu"],"potions_floor_usage":[10,10,13,14,19],"damage_taken":[{"damage":0,"enemies":"2 Louse","floor":1,"turns":1},{"damage":0,"enemies":"Jaw Worm","floor":5,"turns":1},{"damage":0,"enemies":"Cultist","floor":7,"turns":1},{"damage":0,"enemies":"Exordium Wildlife","floor":8,"turns":1},{"damage":12,"enemies":"3 Sentries","floor":10,"turns":6},{"damage":0,"enemies":"Lots of Slimes","floor":11,"turns":1},{"damage":6,"enemies":"Red Slaver","floor":12,"turns":4},{"damage":10,"enemies":"Lagavulin","floor":13,"turns":7},{"damage":6,"enemies":"3 Louse","floor":14,"turns":7},{"damage":9,"enemies":"The Guardian","floor":16,"turns":17},{"damage":8,"enemies":"2 Thieves","floor":18,"turns":4},{"damage":7,"enemies":"Spheric Guardian","floor":19,"turns":4},{"damage":17,"enemies":"3 Cultists","floor":20,"turns":6},{"damage":2,"enemies":"Cultist and Chosen","floor":22,"turns":8},{"damage":44,"enemies":"Gremlin Leader","floor":24,"turns":10}],"seed_played":"5633194203923245864","potions_obtained":[{"floor":1,"key":"Swift Potion"},{"floor":4,"key":"Fire Potion"},{"floor":11,"key":"Dexterity Potion"},{"floor":12,"key":"Block Potion"},{"floor":13,"key":"Regen Potion"}],"is_trial":false,"path_per_floor":["M","$","?","?","M","R","M","M","T","E","M","M","E","M","R","B",null,"M","M","M","?","M","R","E"],"character_chosen":"THE_SILENT","items_purchased":[],"campfire_rested":1,"item_purchase_floors":[],"current_hp_per_floor":[59,59,59,59,59,59,59,59,59,47,47,41,31,40,40,31,57,49,42,25,25,23,42,0],"gold":277,"neow_bonus":"THREE_ENEMY_KILL","is_prod":false,"is_daily":false,"chose_seed":false,"campfire_upgraded":2,"win_rate":0,"timestamp":1557835576,"path_taken":["M","$","?","?","M","R","?","M","T","E","M","M","E","M","R","BOSS","M","M","M","?","M","R","E"],"build_version":"2019-01-23","purchased_purges":1,"victory":false,"max_hp_per_floor":[66,66,66,66,66,66,66,66,66,66,66,66,66,66,66,66,66,66,66,66,66,66,66,66],"card_choices":[{"not_picked":["Calculated Gamble","Backflip"],"picked":"All Out Attack","floor":1},{"not_picked":["Quick Slash","Finisher"],"picked":"Backstab","floor":5},{"not_picked":["Dodge and Roll","PiercingWail"],"picked":"Skewer","floor":7},{"not_picked":["Tactician","Riddle With Holes"],"picked":"Escape Plan","floor":8},{"not_picked":["Tactician","Blade Dance"],"picked":"Backflip","floor":10},{"not_picked":["Leg Sweep","Dagger Spray"],"picked":"Malaise","floor":11},{"not_picked":["Accuracy","Blade Dance","Backflip"],"picked":"SKIP","floor":12},{"not_picked":["Acrobatics","Masterful Stab"],"picked":"Deflect","floor":13},{"not_picked":["Acrobatics","Poisoned Stab"],"picked":"Adrenaline","floor":14},{"not_picked":["Unload","Wraith Form v2"],"picked":"Burst","floor":16},{"not_picked":["Flying Knee","Dagger Throw","Quick Slash"],"picked":"SKIP","floor":18},{"not_picked":["Slice","Tactician"],"picked":"Adrenaline","floor":19},{"not_picked":["Cloak And Dagger","Concentrate"],"picked":"Dash","floor":20},{"not_picked":["Dagger Spray","Outmaneuver","Blade Dance"],"picked":"SKIP","floor":22}],"player_experience":1502679,"relics_obtained":[{"floor":9,"key":"Art of War"},{"floor":10,"key":"Juzu Bracelet"},{"floor":13,"key":"Torii"}],"event_choices":[{"damage_healed":0,"gold_gain":75,"player_choice":"Gained Gold","damage_taken":0,"max_hp_gain":0,"max_hp_loss":0,"event_name":"Golden Wing","floor":3,"gold_loss":0},{"damage_healed":0,"gold_gain":0,"player_choice":"Got Potions","damage_taken":0,"max_hp_gain":0,"max_hp_loss":0,"event_name":"Lab","floor":4,"gold_loss":0},{"cards_removed":["Strike_G"],"damage_healed":0,"gold_gain":0,"player_choice":"Upgrade and Remove","damage_taken":0,"max_hp_gain":0,"max_hp_loss":0,"event_name":"Designer","floor":21,"gold_loss":110,"cards_upgraded":["Malaise"]}],"is_beta":false,"boss_relics":[{"not_picked":["Runic Dome","Velvet Choker"],"picked":"Sozu"}],"items_purged_floors":[2],"is_endless":false,"potions_floor_spawned":[1,5,11,12,13,18,19,22],"killed_by":"Gremlin Leader","ascension_level":20}