{"gold_per_floor":[115,115,125,139,92,92,112,112,180,190,225,225,250,265,265,364,364,379,391,410,386,386,386,402,414,414,414,427,438,438,448,448,448],"floor_reached":33,"playtime":1190,"items_purged":[],"score":381,"play_id":"08acb0ec-c32b-411d-926f-cdc8b7495abb","local_time":"20180918204519","is_ascension_mode":true,"campfire_choices":[{"data":"Perfected Strike","floor":6,"key":"SMITH"},{"data":"Immolate","floor":8,"key":"SMITH"},{"data":"Armaments","floor":12,"key":"SMITH"},{"data":"Flame Barrier","floor":15,"key":"SMITH"},{"data":"Pommel Strike","floor":23,"key":"SMITH"},{"data":"Twin Strike","floor":27,"key":"SMITH"},{"floor":32,"key":"REST"}],"neow_cost":"","seed_source_timestamp":483011896326369,"circlet_count":0,"master_deck":["Strike_R","Strike_R","Strike_R","Strike_R","Strike_R","Defend_R","Defend_R","Defend_R","Bash","Shrug It Off","Flame Barrier+1","Perfected Strike+1","Pommel Strike+1","Immolate+1","Armaments+1","Power Through","Offering","Pommel Strike","Twin Strike+1","Shrug It Off+1","Twin Strike+1","Doubt","Perfected Strike+1","Perfected Strike+1"],"relics":["Burning Blood","Darkstone Periapt","Blood Vial","Champion Belt","Cursed Key","Prayer Wheel","GremlinMask"],"potions_floor_usage":[16,16,33,33,33,33,33],"damage_taken":[{"damage":13,"enemies":"Small Slimes","floor":1,"turns":5},{"damage":4,"enemies":"Jaw Worm","floor":3,"turns":5},{"damage":1,"enemies":"Cultist","floor":4,"turns":4},{"damage":9,"enemies":"Red Slaver","floor":7,"turns":4},{"damage":0,"enemies":"2 Fungi Beasts","floor":10,"turns":2},{"damage":26,"enemies":"Gremlin Nob","floor":11,"turns":5},{"damage":7,"enemies":"3 Sentries","floor":13,"turns":4},{"damage":13,"enemies":"Gremlin Gang","floor":14,"turns":3},{"damage":35,"enemies":"The Guardian","floor":16,"turns":11},{"damage":0,"enemies":"Chosen","floor":18,"turns":3},{"damage":9,"enemies":"3 Byrds","floor":19,"turns":4},{"damage":10,"enemies":"Centurion and Healer","floor":20,"turns":4},{"damage":9,"enemies":"Snake Plant","floor":24,"turns":2},{"damage":14,"enemies":"Snecko","floor":25,"turns":3},{"damage":29,"enemies":"Centurion and Healer","floor":28,"turns":4},{"damage":7,"enemies":"Cultist and Chosen","floor":29,"turns":4},{"damage":7,"enemies":"Chosen and Byrds","floor":31,"turns":3},{"damage":85,"enemies":"Champ","floor":33,"turns":9}],"seed_played":"-5494672707820788522","potions_obtained":[{"floor":10,"key":"FearPotion"},{"floor":11,"key":"Poison Potion"},{"floor":13,"key":"GamblersBrew"},{"floor":16,"key":"EntropicBrew"},{"floor":18,"key":"Dexterity Potion"},{"floor":31,"key":"PowerPotion"}],"is_trial":false,"path_per_floor":["M","?","M","M","$","R","M","R","T","M","E","R","E","M","R","B",null,"M","M","M","$","?","R","M","M","T","R","M","M","?","M","R"],"character_chosen":"IRONCLAD","items_purchased":["Pommel Strike","Twin Strike"],"campfire_rested":1,"item_purchase_floors":[5,21],"current_hp_per_floor":[65,70,72,77,77,77,74,74,74,80,60,60,61,56,56,29,71,79,78,76,76,76,76,75,69,75,75,54,55,55,56,83,0],"gold":448,"neow_bonus":"","is_prod":false,"is_daily":false,"chose_seed":false,"campfire_upgraded":6,"win_rate":0,"timestamp":1537317919,"path_taken":["M","?","M","M","$","R","M","R","T","M","E","R","E","M","R","BOSS","M","M","M","$","?","R","M","M","T","R","M","?","?","M","R","BOSS"],"build_version":"2018-09-06","purchased_purges":0,"victory":false,"max_hp_per_floor":[80,85,85,85,85,85,85,85,85,85,85,85,85,85,85,85,85,85,85,85,85,85,85,85,85,91,91,91,91,91,91,91,91],"card_choices":[{"not_picked":["Wild Strike","Warcry"],"picked":"Shrug It Off","floor":1},{"not_picked":["Clothesline","Havoc"],"picked":"Flame Barrier","floor":3},{"not_picked":["Sentinel","Power Through"],"picked":"Perfected Strike","floor":4},{"not_picked":["Warcry","Havoc"],"picked":"Immolate","floor":7},{"not_picked":["Blood for Blood","Flex"],"picked":"Armaments","floor":10},{"not_picked":["Anger","Iron Wave","Uppercut"],"picked":"SKIP","floor":11},{"not_picked":["Second Wind","Iron Wave"],"picked":"Power Through","floor":13},{"not_picked":["Rupture","Hemokinesis","Body Slam"],"picked":"SKIP","floor":14},{"not_picked":["Brutality","Demon Form"],"picked":"Offering","floor":16},{"not_picked":["Sword Boomerang","True Grit+1","Shockwave"],"picked":"SKIP","floor":18},{"not_picked":["Clothesline","Searing Blow","Cleave"],"picked":"SKIP","floor":19},{"not_picked":["Corruption","Shrug It Off"],"picked":"Pommel Strike","floor":20},{"not_picked":["Pommel Strike","Sever Soul+1"],"picked":"Shrug It Off+1","floor":24},{"not_picked":["Fiend Fire","Dual Wield"],"picked":"Twin Strike+1","floor":25},{"not_picked":["Clash","Warcry"],"picked":"Perfected Strike+1","floor":28},{"not_picked":["Rampage","Shrug It Off","Berserk"],"picked":"SKIP","floor":28},{"not_picked":["Seeing Red+1","Shrug It Off"],"picked":"Perfected Strike+1","floor":29},{"not_picked":["Clothesline","True Grit","Searing Blow+1"],"picked":"SKIP","floor":29},{"not_picked":["Burning Pact","Sever Soul","True Grit"],"picked":"SKIP","floor":31},{"not_picked":["True Grit","Disarm+1","Clash"],"picked":"SKIP","floor":31}],"player_experience":539906,"relics_obtained":[{"floor":9,"key":"Darkstone Periapt"},{"floor":11,"key":"Blood Vial"},{"floor":13,"key":"Champion Belt"},{"floor":26,"key":"Prayer Wheel"}],"event_choices":[{"event_name":"Big Fish","player_choice":"Donut","floor":2,"damage_taken":0},{"event_name":"Purifier","player_choice":"One Purge","floor":22,"damage_taken":0},{"event_name":"FaceTrader","player_choice":"Trade","floor":30,"damage_taken":0}],"is_beta":false,"boss_relics":[{"not_picked":["Tiny House","White Beast Statue"],"picked":"Cursed Key"}],"items_purged_floors":[],"is_endless":false,"potions_floor_spawned":[10,11,13,16,18,24,28,31],"killed_by":"Champ","ascension_level":9}