{"gold_per_floor":[115,135,152,21,31,31,64,64,64,64,64,83,83,110,110,187,187,202,127,127,142,155,155,173,199,199,217,217,236,250,265,265,342,342,355,366,366,376,376,411,411,438,487,11,11,25,25,60,60,60],"floor_reached":50,"playtime":3465,"items_purged":["Strike_G"],"score":1428,"play_id":"8b501423-36aa-4742-b41c-ef2c631a5f1f","local_time":"20190429105157","is_ascension_mode":true,"campfire_choices":[{"data":"Skewer","floor":6.0,"key":"SMITH"},{"data":"Neutralize","floor":11.0,"key":"SMITH"},{"floor":13.0,"key":"REST"},{"data":"1","floor":15.0,"key":"LIFT"},{"data":"2","floor":23.0,"key":"LIFT"},{"floor":32.0,"key":"REST"},{"floor":41.0,"key":"REST"},{"floor":49,"key":"RECALL"}],"neow_cost":"TEN_PERCENT_HP_LOSS","seed_source_timestamp":430937816476532,"circlet_count":0,"master_deck":["AscendersBane","Defend_G","Defend_G","Defend_G","Defend_G","Survivor","Neutralize+1","A Thousand Cuts+1","Footwork","Skewer+1","Quick Slash","Backstab","Slice","Blur","Cloak And Dagger","Adrenaline","Dagger Spray+1","Calculated Gamble","Blade Dance+1","Deflect","Escape Plan","Bane","Outmaneuver+1","Adrenaline","Backflip","Caltrops","Writhe","Cloak And Dagger+1","Master of Strategy","Leg Sweep","Doubt","Dodge and Roll","Backstab+1"],"special_seed":0,"relics":["Ring of the Snake","Gremlin Horn","Gambling Chip","Girya","Runic Pyramid","Happy Flower","Pocketwatch","Bronze Scales","Runic Dome","Dodecahedron","Sundial","Chemical X","Paper Crane","Anchor"],"potions_floor_usage":[46,50,50],"damage_taken":[{"damage":0.0,"enemies":"2 Louse","floor":1.0,"turns":7.0},{"damage":0.0,"enemies":"Jaw Worm","floor":2.0,"turns":6.0},{"damage":0.0,"enemies":"Small Slimes","floor":3.0,"turns":4.0},{"damage":21.0,"enemies":"Exordium Thugs","floor":5.0,"turns":7.0},{"damage":13.0,"enemies":"3 Sentries","floor":7.0,"turns":7.0},{"damage":0.0,"enemies":"Large Slime","floor":12.0,"turns":2.0},{"damage":20.0,"enemies":"Lagavulin","floor":14.0,"turns":5.0},{"damage":0.0,"enemies":"Slime Boss","floor":16.0,"turns":8.0},{"damage":11.0,"enemies":"3 Byrds","floor":18.0,"turns":6.0},{"damage":0.0,"enemies":"Shell Parasite","floor":21.0,"turns":5.0},{"damage":2.0,"enemies":"Chosen and Byrds","floor":22.0,"turns":4.0},{"damage":9.0,"enemies":"Snake Plant","floor":24.0,"turns":5.0},{"damage":0.0,"enemies":"Gremlin Leader","floor":25.0,"turns":3.0},{"damage":0.0,"enemies":"3 Cultists","floor":27.0,"turns":3.0},{"damage":0.0,"enemies":"Cultist and Chosen","floor":29.0,"turns":4.0},{"damage":0.0,"enemies":"Shelled Parasite and Fungi","floor":30.0,"turns":2.0},{"damage":0.0,"enemies":"Snecko","floor":31.0,"turns":3.0},{"damage":0.0,"enemies":"Collector","floor":33.0,"turns":6.0},{"damage":15.0,"enemies":"3 Darklings","floor":35.0,"turns":4.0},{"damage":9.0,"enemies":"3 Shapes","floor":36.0,"turns":3.0},{"damage":27.0,"enemies":"Transient","floor":38.0,"turns":6.0},{"damage":6.0,"enemies":"Reptomancer","floor":40.0,"turns":4.0},{"damage":4.0,"enemies":"Nemesis","floor":42.0,"turns":6.0},{"damage":0,"enemies":"4 Shapes","floor":46,"turns":4},{"damage":0,"enemies":"Reptomancer","floor":48,"turns":4},{"damage":60,"enemies":"Time Eater","floor":50,"turns":9}],"seed_played":"-9139341485714034335","potions_obtained":[{"floor":3.0,"key":"Ancient Potion"},{"floor":5.0,"key":"Ancient Potion"},{"floor":7.0,"key":"AttackPotion"},{"floor":14.0,"key":"Ancient Potion"},{"floor":21.0,"key":"Energy Potion"},{"floor":24.0,"key":"Strength Potion"},{"floor":27.0,"key":"GhostInAJar"},{"floor":31.0,"key":"EntropicBrew"},{"floor":46,"key":"Weak Potion"}],"is_trial":false,"path_per_floor":["M","M","M","$","M","R","E","?","T","?","R","M","R","E","R","B",null,"M","?","?","M","M","R","M","E","T","M","?","M","M","M","R","B",null,"M","M","?","M","?","E","R","E","T","$","?","M","?","E","R","B"],"character_chosen":"THE_SILENT","items_purchased":["Slice","Chemical X","Paper Crane"],"campfire_rested":3,"item_purchase_floors":[4,44,44],"current_hp_per_floor":[59,59,59,59,38,38,25,25,25,25,25,25,43,23,23,23,51,40,40,40,40,38,38,29,29,29,29,29,29,29,29,47,47,57,42,33,45,18,18,12,30,26,26,26,60,60,60,60,60,0],"gold":60,"neow_bonus":"TRANSFORM_TWO_CARDS","is_prod":false,"is_daily":false,"chose_seed":false,"campfire_upgraded":2,"win_rate":0,"timestamp":1556549517,"path_taken":["M","M","M","$","M","R","E","?","T","?","R","M","R","E","R","BOSS","M","?","?","M","M","R","?","E","T","M","?","M","?","M","R","BOSS","M","M","?","M","?","E","R","E","T","$","?","M","?","E","R","BOSS"],"build_version":"2019-01-23","purchased_purges":1,"victory":false,"max_hp_per_floor":[60,60,60,60,60,60,60,60,60,60,60,60,60,60,60,60,60,60,60,60,60,60,60,60,60,60,60,60,60,60,60,60,60,60,60,60,60,60,60,60,60,60,60,60,60,60,60,60,60,60],"card_choices":[{"not_picked":["Flying Knee","Dagger Spray"],"picked":"Skewer","floor":1.0},{"not_picked":["Distraction","Blur"],"picked":"Quick Slash","floor":2.0},{"not_picked":["Dagger Spray","Backflip"],"picked":"Backstab","floor":3.0},{"not_picked":["Dodge and Roll","Bouncing Flask"],"picked":"Flying Knee","floor":5.0},{"not_picked":["Finisher","Acrobatics","Poisoned Stab"],"picked":"SKIP","floor":7.0},{"not_picked":["Blade Dance","Bane"],"picked":"Blur","floor":12.0},{"not_picked":["Poisoned Stab","Terror"],"picked":"Cloak And Dagger","floor":14.0},{"not_picked":["Envenom","Storm of Steel"],"picked":"Adrenaline","floor":16.0},{"not_picked":["Sucker Punch","Skewer"],"picked":"Dagger Spray+1","floor":18.0},{"not_picked":["Deadly Poison","Dodge and Roll"],"picked":"Calculated Gamble","floor":21.0},{"not_picked":["Flying Knee","Deflect"],"picked":"Blade Dance+1","floor":22.0},{"not_picked":["Dodge and Roll","Reflex"],"picked":"Deflect","floor":24.0},{"not_picked":["Choke+1","Underhanded Strike","Infinite Blades"],"picked":"SKIP","floor":25.0},{"not_picked":["Dodge and Roll","Acrobatics"],"picked":"Escape Plan","floor":27.0},{"not_picked":["Poisoned Stab","Acrobatics","Calculated Gamble+1"],"picked":"SKIP","floor":29.0},{"not_picked":["Endless Agony+1","Glass Knife"],"picked":"Outmaneuver+1","floor":30.0},{"not_picked":["Catalyst","Underhanded Strike","Bane"],"picked":"SKIP","floor":31.0},{"not_picked":["Glass Knife","Burst"],"picked":"Adrenaline","floor":33.0},{"not_picked":["Cloak And Dagger","Slice+1"],"picked":"Backflip","floor":35.0},{"not_picked":["Heel Hook","Poisoned Stab"],"picked":"Caltrops","floor":36.0},{"not_picked":["Sucker Punch","Flechettes"],"picked":"Cloak And Dagger+1","floor":38.0},{"not_picked":["Sadistic Nature","Madness"],"picked":"Master of Strategy","floor":39.0},{"not_picked":["Outmaneuver","Cloak And Dagger","Setup"],"picked":"SKIP","floor":40.0},{"not_picked":["Prepared","Slice"],"picked":"Leg Sweep","floor":42.0},{"not_picked":["Flechettes","Well Laid Plans"],"picked":"Dodge and Roll","floor":46},{"not_picked":["Die Die Die","Burst"],"picked":"Backstab+1","floor":48}],"player_experience":1307877,"relics_obtained":[{"floor":7.0,"key":"Gremlin Horn"},{"floor":9.0,"key":"Gambling Chip"},{"floor":14.0,"key":"Girya"},{"floor":25.0,"key":"Pocketwatch"},{"floor":26.0,"key":"Bronze Scales"},{"floor":40.0,"key":"Dodecahedron"},{"floor":42.0,"key":"Sundial"},{"floor":48,"key":"Anchor"}],"event_choices":[{"damage_healed":0.0,"max_hp_gain":0.0,"max_hp_loss":0.0,"gold_gain":0.0,"event_name":"Living Wall","player_choice":"Grow","floor":8.0,"gold_loss":0.0,"damage_taken":0.0,"cards_upgraded":["A Thousand Cuts"]},{"damage_healed":0.0,"max_hp_gain":0.0,"max_hp_loss":0.0,"gold_gain":0.0,"event_name":"Shining Light","player_choice":"Ignored","floor":10.0,"gold_loss":0.0,"damage_taken":0.0},{"cards_removed":["Strike_G"],"damage_healed":0.0,"max_hp_gain":0.0,"max_hp_loss":0.0,"gold_gain":0.0,"event_name":"Beggar","player_choice":"Gave Gold","floor":19.0,"gold_loss":75.0,"damage_taken":0.0},{"cards_removed":["Flying Knee"],"damage_healed":0.0,"max_hp_gain":0.0,"max_hp_loss":0.0,"gold_gain":0.0,"event_name":"WeMeetAgain","player_choice":"Gave Card","floor":20.0,"gold_loss":0.0,"damage_taken":0.0,"relics_obtained":["Happy Flower"]},{"damage_healed":0.0,"max_hp_gain":0.0,"max_hp_loss":0.0,"gold_gain":0.0,"cards_transformed":["Strike_G"],"event_name":"Transmorgrifier","player_choice":"Transformed","floor":28.0,"gold_loss":0.0,"damage_taken":0.0,"cards_obtained":["Bane"]},{"damage_healed":12.0,"max_hp_gain":0.0,"max_hp_loss":0.0,"gold_gain":0.0,"event_name":"Winding Halls","player_choice":"Writhe","floor":37.0,"gold_loss":0.0,"damage_taken":0.0,"cards_obtained":["Writhe"]},{"damage_healed":0.0,"max_hp_gain":0.0,"max_hp_loss":0.0,"gold_gain":0.0,"event_name":"SensoryStone","player_choice":"Memory 1","floor":39.0,"gold_loss":0.0,"damage_taken":0.0},{"damage_healed":34.0,"max_hp_gain":0.0,"max_hp_loss":0.0,"gold_gain":0.0,"event_name":"MindBloom","player_choice":"Heal","floor":45.0,"gold_loss":0.0,"damage_taken":0.0,"cards_obtained":["Doubt"]},{"cards_removed":["Defend_G"],"damage_healed":0,"gold_gain":0,"player_choice":"Removed Skill","damage_taken":0,"max_hp_gain":0,"max_hp_loss":0,"event_name":"Falling","floor":47,"gold_loss":0}],"is_beta":false,"boss_relics":[{"not_picked":["Empty Cage","Ectoplasm"],"picked":"Runic Pyramid"},{"not_picked":["White Beast Statue","WristBlade"],"picked":"Runic Dome"}],"items_purged_floors":[4],"is_endless":false,"potions_floor_spawned":[3,5,7,14,21,24,27,31,46],"killed_by":"Time Eater","ascension_level":20}