{"gold_per_floor":[20,34,34,52,72,72,90,117,117,133,133],"floor_reached":11,"playtime":564,"items_purged":[],"score":171,"play_id":"aaa8159c-b169-4d5e-a596-7e7238a7cce6","local_time":"20181229020518","is_ascension_mode":true,"campfire_choices":[{"data":"Neutralize","floor":6,"key":"SMITH"}],"neow_cost":"NO_GOLD","seed_source_timestamp":694060038075908,"circlet_count":0,"master_deck":["AscendersBane","Defend_G","Defend_G","Defend_G","Defend_G","Defend_G","Strike_G","Strike_G","Strike_G","Strike_G","Strike_G","Survivor","Neutralize+1","Dagger Spray","Skewer","Flying Knee","Deflect"],"relics":["Ring of the Snake","FaceOfCleric","Happy Flower","Singing Bowl"],"potions_floor_usage":[4,11,11],"damage_taken":[{"damage":21,"enemies":"Jaw Worm","floor":1,"turns":8},{"damage":1,"enemies":"Cultist","floor":2,"turns":5},{"damage":1,"enemies":"2 Louse","floor":4,"turns":2},{"damage":1,"enemies":"Looter","floor":5,"turns":4},{"damage":0,"enemies":"2 Fungi Beasts","floor":7,"turns":2},{"damage":33,"enemies":"3 Sentries","floor":8,"turns":8},{"damage":7,"enemies":"3 Louse","floor":10,"turns":4},{"damage":28,"enemies":"Gremlin Nob","floor":11,"turns":3}],"seed_played":"-4534278794135239899","potions_obtained":[{"floor":1,"key":"SteroidPotion"},{"floor":2,"key":"Energy Potion"},{"floor":4,"key":"SmokeBomb"},{"floor":5,"key":"Dexterity Potion"}],"is_trial":false,"path_per_floor":["M","M","?","M","M","R","M","E","T","M","E"],"character_chosen":"THE_SILENT","items_purchased":[],"campfire_rested":0,"item_purchase_floors":[],"current_hp_per_floor":[50,49,49,49,49,49,50,18,18,14,0],"gold":133,"neow_bonus":"TWENTY_PERCENT_HP_BONUS","is_prod":false,"is_daily":false,"chose_seed":false,"campfire_upgraded":1,"win_rate":0,"timestamp":1546067118,"path_taken":["M","M","?","M","M","R","M","E","T","?","E"],"build_version":"2018-12-20","purchased_purges":0,"victory":false,"max_hp_per_floor":[78,78,78,79,80,80,81,82,82,85,85],"card_choices":[{"not_picked":["Expertise","Predator"],"picked":"Dagger Spray","floor":1},{"not_picked":["Bouncing Flask","PiercingWail"],"picked":"Skewer","floor":2},{"not_picked":["Infinite Blades","Sucker Punch","Outmaneuver"],"picked":"SKIP","floor":4},{"not_picked":["Blur","Masterful Stab"],"picked":"Flying Knee","floor":5},{"not_picked":["Heel Hook","Storm of Steel"],"picked":"Deflect","floor":7},{"not_picked":["Blade Dance","Deflect","Dodge and Roll"],"picked":"SKIP","floor":8},{"not_picked":["Poisoned Stab","Prepared","Slice"],"picked":"Singing Bowl","floor":10}],"player_experience":1081815,"relics_obtained":[{"floor":8,"key":"Happy Flower"},{"floor":9,"key":"Singing Bowl"}],"event_choices":[{"damage_healed":0,"gold_gain":0,"player_choice":"Trade","damage_taken":0,"relics_obtained":["FaceOfCleric"],"max_hp_gain":0,"max_hp_loss":0,"event_name":"FaceTrader","floor":3,"gold_loss":0}],"is_beta":false,"boss_relics":[],"items_purged_floors":[],"is_endless":false,"potions_floor_spawned":[1,2,4,5],"killed_by":"Gremlin Nob","ascension_level":18}