{"gold_per_floor":[365,375,375,60,78,113,127,127,151,166,200,210,240,260,260,360,360,374,389,314,329,71,71,86,115,115,115,115],"floor_reached":28,"playtime":1397,"items_purged":[],"score":344,"play_id":"7c785824-ef4f-4e4e-ae51-87e218b3737f","local_time":"20190429090502","is_ascension_mode":true,"campfire_choices":[{"floor":15,"key":"REST"},{"floor":23,"key":"REST"}],"neow_cost":"TEN_PERCENT_HP_LOSS","seed_source_timestamp":16804313764512,"circlet_count":0,"master_deck":["Bash","Body Slam","Cleave","Pummel","Battle Trance","Metallicize","Immolate","Flex","Armaments+1","Pommel Strike","Infernal Blade","Disarm","Whirlwind","Power Through","Bloodletting","Inflame","Reaper","Limit Break","Cleave","Second Wind","Offering","True Grit","Double Tap","Clothesline","Flex","Armaments","Heavy Blade+1","Shrug It Off","True Grit+1","Clothesline+1"],"relics":["Burning Blood","PreservedInsect","Pen Nib","Oddly Smooth Stone","Anchor","Pandora\u0027s Box","HandDrill","Singing Bowl","Paper Frog"],"potions_floor_usage":[13,13,13,18,24,24,28],"damage_taken":[{"damage":0,"enemies":"2 Louse","floor":1,"turns":2},{"damage":1,"enemies":"Small Slimes","floor":2,"turns":4},{"damage":6,"enemies":"Cultist","floor":5,"turns":3},{"damage":20,"enemies":"Gremlin Nob","floor":6,"turns":4},{"damage":0,"enemies":"2 Fungi Beasts","floor":7,"turns":2},{"damage":14,"enemies":"Looter","floor":10,"turns":3},{"damage":10,"enemies":"3 Sentries","floor":11,"turns":3},{"damage":3,"enemies":"Red Slaver","floor":12,"turns":3},{"damage":22,"enemies":"Lagavulin","floor":13,"turns":3},{"damage":3,"enemies":"3 Louse","floor":14,"turns":3},{"damage":21,"enemies":"The Guardian","floor":16,"turns":13},{"damage":47,"enemies":"3 Byrds","floor":18,"turns":5},{"damage":31,"enemies":"Shell Parasite","floor":19,"turns":5},{"damage":20,"enemies":"Sentry and Sphere","floor":21,"turns":3},{"damage":42,"enemies":"Chosen and Byrds","floor":24,"turns":8},{"damage":6,"enemies":"Slavers","floor":25,"turns":2},{"damage":17,"enemies":"Snake Plant","floor":28,"turns":2}],"seed_played":"6246280341512666326","potions_obtained":[{"floor":2,"key":"SneckoOil"},{"floor":6,"key":"GamblersBrew"},{"floor":7,"key":"Poison Potion"},{"floor":13,"key":"EssenceOfSteel"},{"floor":16,"key":"SkillPotion"},{"floor":18,"key":"LiquidBronze"},{"floor":25,"key":"EssenceOfSteel"}],"is_trial":false,"path_per_floor":["M","M","?","$","M","E","M","?","T","M","E","M","E","M","R","B",null,"M","M","?","M","$","R","M","E","T","?","M"],"character_chosen":"IRONCLAD","items_purchased":["Battle Trance","Metallicize","Immolate","Flex","HandDrill","Shrug It Off"],"campfire_rested":2,"item_purchase_floors":[4,4,4,4,22,22],"current_hp_per_floor":[72,72,72,72,72,58,64,64,64,56,52,55,39,42,63,48,72,49,43,43,29,29,50,14,14,14,14,0],"gold":115,"neow_bonus":"TWO_FIFTY_GOLD","is_prod":false,"is_daily":false,"chose_seed":false,"campfire_upgraded":0,"win_rate":0,"timestamp":1556492702,"path_taken":["M","M","?","$","M","E","M","?","T","?","E","M","E","M","R","BOSS","M","M","?","M","$","R","M","E","T","?","?"],"build_version":"2019-01-23","purchased_purges":0,"victory":false,"max_hp_per_floor":[72,72,72,72,72,72,72,72,72,72,72,72,72,72,72,72,72,72,72,72,72,72,72,72,72,72,72,72],"card_choices":[{"not_picked":["Warcry","Clash"],"picked":"Body Slam","floor":1},{"not_picked":["Sword Boomerang","Infernal Blade"],"picked":"Cleave","floor":2},{"not_picked":["Clash","Burning Pact"],"picked":"Armaments","floor":5},{"not_picked":["Spot Weakness","Second Wind"],"picked":"Pommel Strike","floor":6},{"not_picked":["Anger","Armaments"],"picked":"Infernal Blade","floor":7},{"not_picked":["Ghostly Armor","Pommel Strike"],"picked":"Disarm","floor":10},{"not_picked":["Fiend Fire","Perfected Strike"],"picked":"Whirlwind","floor":11},{"not_picked":["Dropkick","Shrug It Off"],"picked":"Power Through","floor":12},{"not_picked":["Carnage","Disarm"],"picked":"Bloodletting","floor":13},{"not_picked":["Iron Wave","Disarm"],"picked":"Inflame","floor":14},{"not_picked":["Exhume","Brutality"],"picked":"Reaper","floor":16},{"not_picked":["Cleave","Clash"],"picked":"Flex","floor":18},{"not_picked":["Perfected Strike","Bludgeon"],"picked":"Armaments","floor":19},{"not_picked":["Cleave","Flex"],"picked":"Heavy Blade+1","floor":21},{"not_picked":["Iron Wave","Pummel"],"picked":"True Grit+1","floor":24},{"not_picked":["Blood for Blood+1","Armaments"],"picked":"Clothesline+1","floor":25}],"player_experience":502432,"relics_obtained":[{"floor":6,"key":"PreservedInsect"},{"floor":9,"key":"Pen Nib"},{"floor":11,"key":"Oddly Smooth Stone"},{"floor":13,"key":"Anchor"},{"floor":25,"key":"Singing Bowl"},{"floor":26,"key":"Paper Frog"}],"event_choices":[{"damage_healed":0,"gold_gain":0,"cards_transformed":["Strike_R"],"player_choice":"Change","damage_taken":0,"max_hp_gain":0,"max_hp_loss":0,"event_name":"Living Wall","floor":3,"gold_loss":0,"cards_obtained":["Pummel"]},{"damage_healed":0,"gold_gain":0,"player_choice":"Upgraded","damage_taken":0,"max_hp_gain":0,"max_hp_loss":0,"event_name":"Upgrade Shrine","floor":8,"gold_loss":0,"cards_upgraded":["Armaments"]},{"cards_removed":["Corruption"],"damage_healed":0,"gold_gain":0,"player_choice":"Gave Gold","damage_taken":0,"max_hp_gain":0,"max_hp_loss":0,"event_name":"Beggar","floor":20,"gold_loss":75},{"damage_healed":0,"gold_gain":0,"player_choice":"Ignored","damage_taken":0,"max_hp_gain":0,"max_hp_loss":0,"event_name":"Upgrade Shrine","floor":27,"gold_loss":0}],"is_beta":false,"boss_relics":[{"not_picked":["Snecko Eye","Tiny House"],"picked":"Pandora\u0027s Box"}],"items_purged_floors":[],"is_endless":false,"potions_floor_spawned":[2,6,7,10,13,16,18,25],"killed_by":"Snake Plant","ascension_level":4}