{"gold_per_floor":[110,110,120,120,295,295,308,308,308,338,355,374,389,62,62,157,157,169,169,1,12,12,12,25,25,25,25,36,47,47,47,47,152,152,170,28,28,28,28,28,58,8,8,8,41,55,55,55,55,55],"floor_reached":50,"playtime":4580,"items_purged":["Doubt","Strike_R","Defend_R","Defend_R"],"score":780,"play_id":"2e0db520-7f0f-4650-aae1-348690b9c912","local_time":"20180827154919","is_ascension_mode":true,"campfire_choices":[{"data":"Ghostly Armor","floor":6,"key":"SMITH"},{"data":"Flex","floor":8,"key":"SMITH"},{"data":"Heavy Blade","floor":15,"key":"SMITH"},{"data":"Feed","floor":23,"key":"SMITH"},{"data":"Inflame","floor":25,"key":"SMITH"},{"data":"Spot Weakness","floor":27,"key":"SMITH"},{"data":"Bash","floor":32,"key":"SMITH"},{"data":"Ghostly","floor":40,"key":"SMITH"},{"data":"Flame Barrier","floor":44,"key":"SMITH"},{"data":"Ghostly","floor":47,"key":"SMITH"},{"data":"Ghostly","floor":49,"key":"SMITH"}],"neow_cost":"NONE","seed_source_timestamp":680258906223257,"circlet_count":0,"master_deck":["Strike_R","Strike_R","Strike_R","Defend_R","Defend_R","Bash+1","Twin Strike+1","Ghostly Armor+1","Flex+1","Heavy Blade+1","Berserk","Spot Weakness+1","Flame Barrier+1","Feed+1","Ghostly","Ghostly+1","Ghostly","Ghostly+1","Ghostly+1","Inflame+1","Demon Form+1","Madness","Madness"],"relics":["Black Blood","Strawberry","Meat on the Bone","The Courier","Pantograph","Tiny Chest","Bronze Scales","Frozen Egg 2","Busted Crown","Smiling Mask","Centennial Puzzle","Turnip","Bottled Flame"],"potions_floor_usage":[10,12,16,28,33,33,50,50,50],"damage_taken":[{"damage":5,"enemies":"Small Slimes","floor":1,"turns":4},{"damage":8,"enemies":"Jaw Worm","floor":3,"turns":6},{"damage":5,"enemies":"Cultist","floor":7,"turns":4},{"damage":60,"enemies":"3 Sentries","floor":10,"turns":11},{"damage":3,"enemies":"Blue Slaver","floor":11,"turns":3},{"damage":0,"enemies":"2 Fungi Beasts","floor":12,"turns":3},{"damage":28,"enemies":"Lots of Slimes","floor":13,"turns":5},{"damage":65,"enemies":"Slime Boss","floor":16,"turns":9},{"damage":49,"enemies":"Chosen","floor":18,"turns":7},{"damage":13,"enemies":"2 Thieves","floor":21,"turns":4},{"damage":30,"enemies":"3 Cultists","floor":24,"turns":7},{"damage":3,"enemies":"Centurion and Healer","floor":28,"turns":8},{"damage":4,"enemies":"Sentry and Sphere","floor":29,"turns":6},{"damage":7,"enemies":"Collector","floor":33,"turns":7},{"damage":3,"enemies":"3 Shapes","floor":35,"turns":6},{"damage":42,"enemies":"Giant Head","floor":41,"turns":7},{"damage":3,"enemies":"Nemesis","floor":45,"turns":5},{"damage":1,"enemies":"3 Darklings","floor":46,"turns":4},{"damage":76,"enemies":"Donu and Deca","floor":50,"turns":6}],"seed_played":"-3552908958131794649","potions_obtained":[{"floor":7,"key":"Swift Potion"},{"floor":11,"key":"Fire Potion"},{"floor":13,"key":"Swift Potion"},{"floor":21,"key":"FearPotion"},{"floor":24,"key":"GamblersBrew"},{"floor":29,"key":"SkillPotion"},{"floor":41,"key":"LiquidBronze"},{"floor":45,"key":"Block Potion"}],"is_trial":false,"path_per_floor":["M","?","M","?","?","R","M","R","T","E","M","M","M","$","R","B",null,"M","?","$","M","?","R","M","R","T","R","M","M","?","T","R","B",null,"M","$","?","T","?","R","E","$","T","R","E","M","R","?","R"],"character_chosen":"IRONCLAD","items_purchased":["Pantograph","Flame Barrier","Tiny Chest","Strength Potion"],"campfire_rested":0,"item_purchase_floors":[14,14,20,36],"current_hp_per_floor":[80,73,71,71,71,71,72,72,72,30,45,51,41,41,41,19,70,43,43,43,43,36,36,32,32,32,32,43,53,53,53,53,67,67,71,71,62,62,62,62,42,42,42,42,49,58,58,58,58,0],"gold":55,"neow_bonus":"RANDOM_COMMON_RELIC","is_prod":false,"is_daily":false,"chose_seed":false,"campfire_upgraded":11,"win_rate":0,"timestamp":1535399359,"path_taken":["M","?","M","?","?","R","M","R","T","E","?","M","M","$","R","BOSS","M","?","$","M","?","R","M","R","T","R","M","M","?","?","R","BOSS","M","$","?","?","?","R","E","?","T","R","E","M","R","?","R","BOSS"],"build_version":"2018-08-23v2","purchased_purges":4,"victory":false,"max_hp_per_floor":[87,87,87,87,87,87,87,87,87,87,87,87,87,87,87,87,87,87,43,43,46,51,51,55,55,55,55,59,63,63,63,63,67,67,71,71,71,71,71,71,71,71,71,71,71,71,71,71,71,71],"card_choices":[{"not_picked":["Headbutt","Havoc"],"picked":"Twin Strike","floor":1},{"not_picked":["Headbutt","Warcry"],"picked":"Ghostly Armor","floor":3},{"not_picked":["Headbutt","Entrench"],"picked":"Flex","floor":7},{"not_picked":["Armaments","Flex"],"picked":"Heavy Blade","floor":10},{"not_picked":["Pommel Strike","Intimidate"],"picked":"Berserk","floor":11},{"not_picked":["Headbutt","Corruption","Wild Strike"],"picked":"SKIP","floor":12},{"not_picked":["Second Wind","Burning Pact"],"picked":"Spot Weakness","floor":13},{"not_picked":["Barricade","Fiend Fire"],"picked":"Feed","floor":16},{"not_picked":["Body Slam+1","Havoc"],"picked":"Clash","floor":18},{"not_picked":["Clothesline","Anger"],"picked":"Inflame","floor":21},{"not_picked":["Carnage","Armaments","Wild Strike"],"picked":"SKIP","floor":24},{"not_picked":["Carnage+1","Flame Barrier","Cleave+1"],"picked":"SKIP","floor":28},{"not_picked":["Entrench+1","True Grit+1","Headbutt"],"picked":"SKIP","floor":29},{"not_picked":["Impervious","Brutality+1"],"picked":"Demon Form+1","floor":33},{"not_picked":["Sentinel+1"],"picked":"SKIP","floor":35},{"not_picked":["True Grit"],"picked":"SKIP","floor":41},{"not_picked":["Reckless Charge+1"],"picked":"SKIP","floor":45},{"not_picked":["Cleave+1"],"picked":"SKIP","floor":46}],"player_experience":513020,"relics_obtained":[{"floor":9,"key":"Meat on the Bone"},{"floor":10,"key":"The Courier"},{"floor":26,"key":"Bronze Scales"},{"floor":31,"key":"Frozen Egg 2"},{"floor":38,"key":"Smiling Mask"},{"floor":41,"key":"Centennial Puzzle"},{"floor":43,"key":"Turnip"},{"floor":45,"key":"Bottled Flame"}],"event_choices":[{"event_name":"Golden Wing","player_choice":"Card Removal","floor":2,"damage_taken":0},{"event_name":"Accursed Blacksmith","player_choice":"Forge","floor":4,"damage_taken":0},{"event_name":"Liars Game","player_choice":"agreed","floor":5,"damage_taken":0},{"event_name":"Ghosts","player_choice":"Became a Ghost","floor":19,"damage_taken":0},{"event_name":"Forgotten Altar","player_choice":"Shed Blood","floor":22,"damage_taken":0},{"event_name":"Winding Halls","player_choice":"Embrace Madness","floor":37,"damage_taken":0},{"event_name":"Falling","player_choice":"Removed Attack","floor":39,"damage_taken":0},{"event_name":"SensoryStone","player_choice":"Memory 1","floor":48,"damage_taken":0}],"is_beta":false,"boss_relics":[{"not_picked":["Eternal Feather","Runic Cube"],"picked":"Black Blood"},{"not_picked":["Mark of Pain","Calling Bell"],"picked":"Busted Crown"}],"items_purged_floors":[14,20,36,42],"is_endless":false,"potions_floor_spawned":[7,11,13,21,24,29,41,45],"killed_by":"Donu and Deca","ascension_level":9}