{"gold_per_floor":[212,1,17,17,17,17,49,65,65,65,65,65,65,83,83,160,160,140,159,159,159],"floor_reached":21,"playtime":1229,"items_purged":[],"score":354,"play_id":"f66d7c4b-72f8-4983-9ca3-4512eff21e14","local_time":"20181231005605","is_ascension_mode":true,"campfire_choices":[{"data":"Terror","floor":6.0,"key":"SMITH"},{"floor":10,"key":"REST"},{"floor":13,"key":"REST"},{"floor":15,"key":"REST"}],"neow_cost":"NONE","seed_source_timestamp":862000275412225,"circlet_count":0,"master_deck":["AscendersBane","Defend_G","Defend_G","Defend_G","Defend_G","Defend_G","Strike_G","Strike_G","Strike_G+1","Strike_G","Strike_G","Survivor","Neutralize+1","PiercingWail","Terror+1","Sucker Punch","Storm of Steel","Night Terror","Injury","Setup","Die Die Die","Cloak And Dagger"],"special_seed":0,"relics":["Ring of the Snake","Pen Nib","Kunai","The Courier","Strawberry","Black Star"],"potions_floor_usage":[16,16,19],"damage_taken":[{"damage":1.0,"enemies":"Cultist","floor":1.0,"turns":4.0},{"damage":0.0,"enemies":"2 Louse","floor":3.0,"turns":3.0},{"damage":37,"enemies":"3 Sentries","floor":7,"turns":12},{"damage":0,"enemies":"Small Slimes","floor":8,"turns":2},{"damage":2,"enemies":"2 Fungi Beasts","floor":14,"turns":4},{"damage":42,"enemies":"Hexaghost","floor":16,"turns":15},{"damage":19,"enemies":"2 Thieves","floor":18,"turns":4},{"damage":40,"enemies":"Shell Parasite","floor":19,"turns":10},{"damage":17,"enemies":"Snake Plant","floor":21,"turns":4}],"seed_played":"462216086397808140","potions_obtained":[{"floor":7,"key":"FearPotion"},{"floor":8,"key":"SkillPotion"},{"floor":16,"key":"Regen Potion"}],"is_trial":false,"path_per_floor":["M","$","M","$","?","R","E","M","T","R","?","?","R","M","R","B",null,"M","M","?","M"],"character_chosen":"THE_SILENT","items_purchased":["Pen Nib","Terror"],"campfire_rested":3,"item_purchase_floors":[2,2],"current_hp_per_floor":[58,58,58,58,38,38,1,1,1,20,9,9,30,28,49,7,57,38,13,13,0],"gold":159,"neow_bonus":"HUNDRED_GOLD","is_prod":false,"is_daily":false,"chose_seed":false,"campfire_upgraded":1,"win_rate":0,"timestamp":1546235765,"path_taken":["M","$","M","?","?","R","E","M","T","R","?","?","R","?","R","BOSS","M","M","?","M"],"build_version":"2018-12-20","purchased_purges":0,"victory":false,"max_hp_per_floor":[66,66,66,66,66,66,66,66,66,66,73,73,73,73,73,73,73,73,73,73,73],"card_choices":[{"not_picked":["Heel Hook","Dodge and Roll"],"picked":"PiercingWail","floor":1.0},{"not_picked":["Poisoned Stab","Dodge and Roll"],"picked":"Sucker Punch","floor":3.0},{"not_picked":["Underhanded Strike","Deadly Poison"],"picked":"Storm of Steel","floor":7},{"not_picked":["Terror","Dagger Throw","Flechettes"],"picked":"SKIP","floor":8},{"not_picked":["Bane","Bouncing Flask"],"picked":"Setup","floor":14},{"not_picked":["Wraith Form v2","Malaise"],"picked":"Die Die Die","floor":16},{"not_picked":["Bane","Deadly Poison"],"picked":"Cloak And Dagger","floor":18},{"not_picked":["Heel Hook","Outmaneuver","Deadly Poison"],"picked":"SKIP","floor":19}],"player_experience":1130295,"relics_obtained":[{"floor":7,"key":"Kunai"},{"floor":9,"key":"The Courier"}],"event_choices":[{"damage_healed":0.0,"max_hp_gain":0.0,"max_hp_loss":0.0,"gold_gain":0.0,"event_name":"Shining Light","player_choice":"Entered Light","floor":5.0,"gold_loss":0.0,"damage_taken":20.0,"cards_upgraded":["Neutralize","Strike_G"]},{"damage_healed":0,"gold_gain":0,"player_choice":"Success","damage_taken":18,"relics_obtained":["Strawberry"],"max_hp_gain":0,"max_hp_loss":0,"event_name":"Scrap Ooze","floor":11,"gold_loss":0},{"damage_healed":0,"gold_gain":0,"player_choice":"2 cards matched","damage_taken":0,"max_hp_gain":0,"max_hp_loss":0,"event_name":"Match and Keep!","floor":12,"gold_loss":0,"cards_obtained":["Night Terror","Injury"]},{"damage_healed":0,"gold_gain":0,"player_choice":"Ignored","damage_taken":0,"max_hp_gain":0,"max_hp_loss":0,"event_name":"WeMeetAgain","floor":20,"gold_loss":0}],"is_beta":false,"boss_relics":[{"not_picked":["Calling Bell","Coffee Dripper"],"picked":"Black Star"}],"items_purged_floors":[],"is_endless":false,"potions_floor_spawned":[7,8,16],"killed_by":"Snake Plant","ascension_level":20}