{"gold_per_floor":[111,131,94,112,131,131,165,165,165,165,181,208,224,95,95,169,219,234,149,149,149,128,128,157,157,157,176,176],"floor_reached":28,"playtime":1203,"items_purged":["Strike_R"],"score":452,"play_id":"a8c13e1a-6617-4198-8e7c-a1a496dd8c88","local_time":"20190407133205","is_ascension_mode":true,"campfire_choices":[{"data":"Heavy Blade","floor":6,"key":"SMITH"},{"data":"Spot Weakness","floor":8,"key":"SMITH"},{"floor":10,"key":"REST"},{"floor":15,"key":"REST"},{"data":"Pommel Strike","floor":23,"key":"SMITH"},{"floor":25,"key":"REST"}],"neow_cost":"TEN_PERCENT_HP_LOSS","seed_source_timestamp":182564707252100,"circlet_count":0,"master_deck":["AscendersBane","Strike_R","Strike_R","Defend_R","Defend_R","Defend_R","Defend_R","Bash","Headbutt","Combust","Spot Weakness+1","Heavy Blade+1","Anger+1","Blood for Blood","Armaments","Demon Form","Pummel","Pommel Strike+1","Warcry+1"],"relics":["Burning Blood","Oddly Smooth Stone","Bronze Scales","Odd Mushroom","Tiny House","Kunai","Boot","Toxic Egg 2"],"potions_floor_usage":[5,7,18,21,22,22,28,28],"damage_taken":[{"damage":12,"enemies":"Small Slimes","floor":1,"turns":5},{"damage":8,"enemies":"2 Louse","floor":2,"turns":2},{"damage":5,"enemies":"Jaw Worm","floor":4,"turns":6},{"damage":11,"enemies":"Large Slime","floor":5,"turns":5},{"damage":38,"enemies":"Gremlin Nob","floor":7,"turns":4},{"damage":16,"enemies":"Lots of Slimes","floor":11,"turns":3},{"damage":13,"enemies":"The Mushroom Lair","floor":12,"turns":3},{"damage":11,"enemies":"Looter","floor":13,"turns":2},{"damage":26,"enemies":"Hexaghost","floor":16,"turns":7},{"damage":4,"enemies":"3 Byrds","floor":18,"turns":4},{"damage":8,"enemies":"2 Thieves","floor":22,"turns":4},{"damage":51,"enemies":"Slavers","floor":24,"turns":4},{"damage":11,"enemies":"Snecko","floor":27,"turns":3},{"damage":42,"enemies":"Book of Stabbing","floor":28,"turns":3}],"seed_played":"-774839349371467630","potions_obtained":[{"floor":1,"key":"Weak Potion"},{"floor":2,"key":"BloodPotion"},{"floor":5,"key":"Strength Potion"},{"floor":12,"key":"SpeedPotion"},{"floor":17,"key":"Block Potion"},{"floor":21,"key":"Fruit Juice"},{"floor":21,"key":"EssenceOfSteel"},{"floor":24,"key":"SteroidPotion"},{"floor":27,"key":"SneckoOil"}],"is_trial":false,"path_per_floor":["M","M","$","M","M","R","E","R","T","R","M","?","M","$","R","B",null,"M","?","?","?","M","R","E","R","T","M","E"],"character_chosen":"IRONCLAD","items_purchased":["Combust","Armaments"],"campfire_rested":3,"item_purchase_floors":[3,14],"current_hp_per_floor":[62,60,60,61,56,56,24,24,24,44,34,27,22,22,42,22,62,64,64,64,69,67,67,22,45,45,40,0],"gold":176,"neow_bonus":"REMOVE_TWO","is_prod":false,"is_daily":false,"chose_seed":false,"campfire_upgraded":3,"win_rate":0,"timestamp":1554669125,"path_taken":["M","M","$","M","M","R","E","R","T","R","M","?","M","$","R","BOSS","M","?","?","?","M","R","E","R","T","M","E"],"build_version":"2019-01-23","purchased_purges":1,"victory":false,"max_hp_per_floor":[68,68,68,68,68,68,68,68,68,68,68,68,68,68,68,68,73,73,73,73,78,78,78,78,78,78,78,78],"card_choices":[{"not_picked":["Rupture","Pommel Strike"],"picked":"Headbutt","floor":1},{"not_picked":["Sentinel","Rage","Headbutt"],"picked":"SKIP","floor":2},{"not_picked":["Hemokinesis","Pummel"],"picked":"Spot Weakness","floor":4},{"not_picked":["Clothesline","Body Slam"],"picked":"Heavy Blade","floor":5},{"not_picked":["Shockwave","Heavy Blade","Double Tap"],"picked":"SKIP","floor":7},{"not_picked":["Flex","True Grit"],"picked":"Anger","floor":11},{"not_picked":["Seeing Red","Clothesline"],"picked":"Blood for Blood","floor":12},{"not_picked":["Clothesline","Intimidate","Headbutt"],"picked":"SKIP","floor":13},{"not_picked":["Exhume","Fiend Fire"],"picked":"Demon Form","floor":16},{"not_picked":["Wild Strike","Havoc"],"picked":"Pummel","floor":17},{"not_picked":["Carnage","Reckless Charge","Heavy Blade"],"picked":"SKIP","floor":18},{"not_picked":["Armaments","Rage"],"picked":"Pommel Strike","floor":22},{"not_picked":["Brutality","Armaments"],"picked":"Warcry+1","floor":24},{"not_picked":["Second Wind+1","Burning Pact+1","Twin Strike"],"picked":"SKIP","floor":27}],"player_experience":454209,"relics_obtained":[{"floor":7,"key":"Oddly Smooth Stone"},{"floor":9,"key":"Bronze Scales"},{"floor":12,"key":"Odd Mushroom"},{"floor":24,"key":"Boot"},{"floor":26,"key":"Toxic Egg 2"}],"event_choices":[{"damage_healed":0,"gold_gain":0,"player_choice":"Fought Mushrooms","damage_taken":0,"max_hp_gain":0,"max_hp_loss":0,"event_name":"Mushrooms","floor":12,"gold_loss":0},{"damage_healed":0,"gold_gain":0,"player_choice":"Obtained Relic","damage_taken":0,"relics_obtained":["Kunai"],"max_hp_gain":0,"max_hp_loss":0,"event_name":"Addict","floor":19,"gold_loss":85},{"damage_healed":0,"gold_gain":0,"player_choice":"Ignored","damage_taken":0,"max_hp_gain":0,"max_hp_loss":0,"event_name":"Vampires","floor":20,"gold_loss":0},{"damage_healed":0,"gold_gain":0,"player_choice":"Got Potions","damage_taken":0,"max_hp_gain":0,"max_hp_loss":0,"event_name":"Lab","floor":21,"gold_loss":0}],"is_beta":false,"boss_relics":[{"not_picked":["Astrolabe","White Beast Statue"],"picked":"Tiny House"}],"items_purged_floors":[14],"is_endless":false,"potions_floor_spawned":[1,2,5,12,24,27],"killed_by":"Book of Stabbing","ascension_level":18}