{"gold_per_floor":[119,132,145,145,160,160,189,202,202,236,249,1,20,33,33,33],"floor_reached":16,"playtime":567,"items_purged":[],"score":220,"play_id":"ccb00048-42a5-4c10-92c7-afb7c956eddf","local_time":"20190720202140","is_ascension_mode":true,"campfire_choices":[{"data":"Perfected Strike","floor":6,"key":"SMITH"},{"floor":15,"key":"REST"}],"neow_cost":"NONE","seed_source_timestamp":762912963333410,"circlet_count":0,"master_deck":["AscendersBane","Strike_R","Strike_R","Strike_R+1","Strike_R","Strike_R","Defend_R","Defend_R","Defend_R","Defend_R","Bash","Perfected Strike+1","Headbutt+1","Pommel Strike","Battle Trance","Bloodletting","Cleave","Seeing Red","Sentinel","Ghostly Armor","Pommel Strike"],"relics":["Burning Blood","Dodecahedron","Kunai","The Courier","Bronze Scales"],"potions_floor_usage":[3,11,16],"damage_taken":[{"damage":7,"enemies":"Jaw Worm","floor":1,"turns":3},{"damage":14,"enemies":"Small Slimes","floor":2,"turns":3},{"damage":0,"enemies":"2 Louse","floor":3,"turns":1},{"damage":12,"enemies":"2 Fungi Beasts","floor":5,"turns":4},{"damage":30,"enemies":"Lagavulin","floor":7,"turns":5},{"damage":3,"enemies":"Large Slime","floor":8,"turns":4},{"damage":8,"enemies":"Gremlin Nob","floor":10,"turns":3},{"damage":8,"enemies":"Looter","floor":11,"turns":2},{"damage":14,"enemies":"Exordium Wildlife","floor":13,"turns":2},{"damage":0,"enemies":"Large Slime","floor":14,"turns":2},{"damage":38,"enemies":"Hexaghost","floor":16,"turns":9}],"seed_played":"-7473528530569491099","potions_obtained":[{"floor":2,"key":"Explosive Potion"},{"floor":7,"key":"Weak Potion"},{"floor":13,"key":"Fire Potion"}],"is_trial":false,"path_per_floor":["M","M","M","?","M","R","E","M","T","E","M","$","M","M","R","B"],"character_chosen":"IRONCLAD","items_purchased":["Bronze Scales","Ghostly Armor","Pommel Strike"],"campfire_rested":1,"item_purchase_floors":[12,12,12],"current_hp_per_floor":[74,66,72,47,41,41,17,20,20,18,16,16,8,14,38,0],"gold":33,"neow_bonus":"TEN_PERCENT_HP_BONUS","is_prod":false,"is_daily":false,"chose_seed":false,"campfire_upgraded":1,"win_rate":0,"timestamp":1563668500,"path_taken":["M","M","M","?","M","R","E","M","T","E","M","$","M","M","R","BOSS"],"build_version":"2019-07-17","purchased_purges":0,"victory":false,"max_hp_per_floor":[82,82,82,82,82,82,82,82,82,82,82,82,82,82,82,82],"card_choices":[{"not_picked":["Disarm","Infernal Blade"],"picked":"Perfected Strike","floor":1},{"not_picked":["Burning Pact","Heavy Blade"],"picked":"Headbutt","floor":2},{"not_picked":["Thunderclap","Warcry"],"picked":"Pommel Strike","floor":3},{"not_picked":["Searing Blow","Pummel"],"picked":"Battle Trance","floor":5},{"not_picked":["Anger","Warcry"],"picked":"Bloodletting","floor":7},{"not_picked":["Heavy Blade","Dropkick"],"picked":"Cleave","floor":8},{"not_picked":["Headbutt","Burning Pact"],"picked":"Seeing Red","floor":10},{"not_picked":["Warcry","Entrench"],"picked":"Sentinel","floor":11},{"not_picked":["Flex","Infernal Blade","Dropkick"],"picked":"SKIP","floor":13},{"not_picked":["Headbutt","Combust","Limit Break"],"picked":"SKIP","floor":14}],"player_experience":1609295,"relics_obtained":[{"floor":7,"key":"Dodecahedron"},{"floor":9,"key":"Kunai"},{"floor":10,"key":"The Courier"}],"event_choices":[{"damage_healed":0,"gold_gain":0,"player_choice":"Entered Light","damage_taken":25,"max_hp_gain":0,"max_hp_loss":0,"event_name":"Shining Light","floor":4,"gold_loss":0,"cards_upgraded":["Headbutt","Strike_R"]}],"is_beta":false,"boss_relics":[],"items_purged_floors":[],"is_endless":false,"potions_floor_spawned":[2,7,13],"killed_by":"Hexaghost","ascension_level":18}