{"gold_per_floor":[114,133,149,163,113,148,148,163,163,163,11,11,11,29,29,29],"floor_reached":16,"playtime":2910,"items_purged":[],"score":143,"play_id":"30101c63-a07d-4924-979f-5bee6430d432","local_time":"20190601212437","is_ascension_mode":true,"campfire_choices":[{"floor":7,"key":"REST"},{"floor":10,"key":"REST"},{"floor":15,"key":"REST"}],"neow_cost":"NONE","seed_source_timestamp":8546775326889,"circlet_count":0,"master_deck":["Defend_G","Defend_G","Defend_G","Defend_G","Defend_G","Strike_G","Strike_G","Strike_G","Strike_G","Survivor","Neutralize","Prepared","Bane","Flying Knee","Backstab","Prepared","Corpse Explosion","Acrobatics"],"relics":["Ring of the Snake","NeowsBlessing","Bird Faced Urn","Matryoshka","Dream Catcher","Golden Idol","Bag of Preparation"],"potions_floor_usage":[16,16],"damage_taken":[{"damage":0,"enemies":"Small Slimes","floor":1,"turns":1},{"damage":0,"enemies":"Jaw Worm","floor":2,"turns":1},{"damage":0,"enemies":"Cultist","floor":3,"turns":1},{"damage":5,"enemies":"Looter","floor":4,"turns":4},{"damage":46,"enemies":"Gremlin Nob","floor":6,"turns":5},{"damage":12,"enemies":"2 Fungi Beasts","floor":8,"turns":4},{"damage":9,"enemies":"Exordium Thugs","floor":14,"turns":5},{"damage":53,"enemies":"Slime Boss","floor":16,"turns":12}],"seed_played":"6041336375359897169","potions_obtained":[{"floor":2,"key":"EssenceOfSteel"},{"floor":3,"key":"Ancient Potion"},{"floor":14,"key":"Energy Potion"}],"is_trial":false,"path_per_floor":["M","M","M","M","?","E","R","M","T","R","$","?","?","M","R","B"],"character_chosen":"THE_SILENT","items_purchased":["Dream Catcher"],"campfire_rested":3,"item_purchase_floors":[11],"current_hp_per_floor":[63,63,63,58,58,12,33,21,21,42,42,42,42,33,52,0],"gold":29,"neow_bonus":"THREE_ENEMY_KILL","is_prod":false,"is_daily":false,"chose_seed":false,"campfire_upgraded":0,"win_rate":0,"timestamp":1559388277,"path_taken":["M","M","M","M","?","E","R","M","T","R","$","?","?","?","R","BOSS"],"build_version":"2019-01-23","purchased_purges":0,"victory":false,"max_hp_per_floor":[70,70,70,70,70,70,70,70,70,70,70,65,65,65,65,65],"card_choices":[{"not_picked":["Deflect","Terror"],"picked":"Prepared","floor":1},{"not_picked":["Accuracy","Prepared"],"picked":"Bane","floor":2},{"not_picked":["Deflect","Concentrate"],"picked":"Underhanded Strike","floor":3},{"not_picked":["Terror","Slice"],"picked":"Flying Knee","floor":4},{"not_picked":["Reflex","Slice"],"picked":"Backstab","floor":6},{"not_picked":["Bane","Concentrate"],"picked":"Prepared","floor":8},{"not_picked":["Deadly Poison","Well Laid Plans"],"picked":"Corpse Explosion","floor":14},{"not_picked":["Skewer","Dodge and Roll"],"picked":"Acrobatics","floor":15}],"player_experience":775861,"relics_obtained":[{"floor":6,"key":"Bird Faced Urn"},{"floor":9,"key":"Matryoshka"}],"event_choices":[{"cards_removed":["Strike_G"],"damage_healed":0,"gold_gain":0,"player_choice":"Card Removal","damage_taken":0,"max_hp_gain":0,"max_hp_loss":0,"event_name":"The Cleric","floor":5,"gold_loss":50},{"damage_healed":0,"gold_gain":0,"player_choice":"Lose Max HP","damage_taken":0,"relics_obtained":["Golden Idol"],"max_hp_gain":0,"max_hp_loss":5,"event_name":"Golden Idol","floor":12,"gold_loss":0},{"cards_removed":["Underhanded Strike"],"damage_healed":0,"gold_gain":0,"player_choice":"Gave Card","damage_taken":0,"relics_obtained":["Bag of Preparation"],"max_hp_gain":0,"max_hp_loss":0,"event_name":"WeMeetAgain","floor":13,"gold_loss":0}],"is_beta":false,"boss_relics":[],"items_purged_floors":[],"is_endless":false,"potions_floor_spawned":[2,3,14],"killed_by":"Slime Boss","ascension_level":8}