{"gold_per_floor":[119,129,129,279,41,41,70,70,70,95,95,95,115,125,125,199,199,210,210,222,65,83,83,83,83,110,110,15,35,69,87,87,87],"floor_reached":33,"playtime":1699,"items_purged":["Doubt"],"score":546,"play_id":"64709405-2266-4f8e-bcf9-4bffdd49e29a","local_time":"20181229231900","is_ascension_mode":true,"campfire_choices":[{"data":"Underhanded Strike","floor":6.0,"key":"SMITH"},{"floor":8,"key":"REST"},{"floor":11,"key":"REST"},{"data":"Bouncing Flask","floor":15,"key":"SMITH"},{"floor":23,"key":"REST"},{"data":"Eviscerate","floor":27,"key":"SMITH"},{"floor":32,"key":"REST"}],"neow_cost":"NONE","seed_source_timestamp":769142966053302,"circlet_count":0,"master_deck":["AscendersBane","Survivor","Neutralize","Underhanded Strike+1","Setup","Acrobatics","Bouncing Flask+1","Bane","Unload","Predator","Footwork","Dagger Spray","Concentrate","Noxious Fumes","Distraction","Heel Hook","Setup","Eviscerate+1","PiercingWail","Necronomicurse","Escape Plan","Acrobatics","Leg Sweep+1"],"special_seed":0,"relics":["Ring of the Snake","Centennial Puzzle","Letter Opener","Regal Pillow","Juzu Bracelet","Torii","Mummified Hand","Pandora\u0027s Box","Necronomicon","Bag of Marbles","Ancient Tea Set","Vajra","PreservedInsect","Anchor"],"potions_floor_usage":[7,16,18,30,33,33],"damage_taken":[{"damage":1.0,"enemies":"Small Slimes","floor":1.0,"turns":3.0},{"damage":1.0,"enemies":"2 Louse","floor":2.0,"turns":4.0},{"damage":33,"enemies":"3 Sentries","floor":7,"turns":13},{"damage":44,"enemies":"Gremlin Nob","floor":10,"turns":5},{"damage":1,"enemies":"Cultist","floor":13,"turns":3},{"damage":2,"enemies":"Blue Slaver","floor":14,"turns":4},{"damage":19,"enemies":"Hexaghost","floor":16,"turns":8},{"damage":0,"enemies":"Chosen","floor":18,"turns":3},{"damage":11,"enemies":"Spheric Guardian","floor":20,"turns":3},{"damage":7,"enemies":"Snecko","floor":22,"turns":3},{"damage":0,"enemies":"Chosen and Byrds","floor":29,"turns":2},{"damage":19,"enemies":"Slavers","floor":30,"turns":4},{"damage":9,"enemies":"Centurion and Healer","floor":31,"turns":5},{"damage":62,"enemies":"Automaton","floor":33,"turns":6}],"seed_played":"-8126299086786797098","potions_obtained":[{"floor":2.0,"key":"GamblersBrew"},{"floor":13,"key":"Block Potion"},{"floor":14,"key":"Explosive Potion"},{"floor":16,"key":"Dexterity Potion"},{"floor":18,"key":"PowerPotion"},{"floor":30,"key":"AttackPotion"}],"is_trial":false,"path_per_floor":["M","M","?","?","$","R","E","R","T","E","R","?","M","M","R","B",null,"M","?","M","$","M","R","?","?","T","R","?","M","E","M","R","B"],"character_chosen":"THE_SILENT","items_purchased":["Regal Pillow","Bag of Marbles"],"campfire_rested":4,"item_purchase_floors":[5,21],"current_hp_per_floor":[58,57,52,52,52,52,19,53,53,9,43,43,42,40,40,21,55,55,34,23,23,16,50,50,50,50,50,50,50,31,22,56,0],"gold":87,"neow_bonus":"RANDOM_COMMON_RELIC","is_prod":false,"is_daily":false,"chose_seed":false,"campfire_upgraded":3,"win_rate":0,"timestamp":1546143540,"path_taken":["M","M","?","?","$","R","E","R","T","E","R","?","M","M","R","BOSS","M","?","M","$","M","R","?","?","T","R","?","M","E","M","R","BOSS"],"build_version":"2018-12-20","purchased_purges":1,"victory":false,"max_hp_per_floor":[66,66,66,66,66,66,66,66,66,66,66,66,66,66,66,66,66,66,66,66,66,66,66,66,66,66,66,66,66,66,66,66,66],"card_choices":[{"not_picked":["Sucker Punch","Deadly Poison"],"picked":"Underhanded Strike","floor":1.0},{"not_picked":["Underhanded Strike","Sucker Punch"],"picked":"Setup","floor":2.0},{"not_picked":["Accuracy","Calculated Gamble"],"picked":"Acrobatics","floor":7},{"not_picked":["Flying Knee","Deflect"],"picked":"Bouncing Flask","floor":10},{"not_picked":["Distraction","Endless Agony","Outmaneuver"],"picked":"SKIP","floor":13},{"not_picked":["Outmaneuver","Dodge and Roll"],"picked":"Bane","floor":14},{"not_picked":["A Thousand Cuts","Corpse Explosion"],"picked":"Unload","floor":16},{"not_picked":["Noxious Fumes","Dagger Spray"],"picked":"PiercingWail","floor":18},{"not_picked":["Blade Dance+1","Slice","Footwork"],"picked":"SKIP","floor":20},{"not_picked":["Prepared","Deadly Poison"],"picked":"Escape Plan","floor":22},{"not_picked":["Flying Knee","Blade Dance"],"picked":"Acrobatics","floor":29},{"not_picked":["Flying Knee","Corpse Explosion"],"picked":"Leg Sweep+1","floor":30},{"not_picked":["Bouncing Flask","Noxious Fumes","Flying Knee"],"picked":"SKIP","floor":31}],"player_experience":1113447,"relics_obtained":[{"floor":7,"key":"Juzu Bracelet"},{"floor":9,"key":"Torii"},{"floor":10,"key":"Mummified Hand"},{"floor":19,"key":"Necronomicon"},{"floor":26,"key":"Vajra"},{"floor":30,"key":"Anchor"}],"event_choices":[{"damage_healed":0.0,"max_hp_gain":0.0,"max_hp_loss":0.0,"gold_gain":0.0,"event_name":"Scrap Ooze","player_choice":"Success","floor":3.0,"gold_loss":0.0,"damage_taken":5.0,"relics_obtained":["Letter Opener"]},{"damage_healed":0.0,"max_hp_gain":0.0,"max_hp_loss":0.0,"gold_gain":150.0,"event_name":"Liars Game","player_choice":"AGREE","floor":4.0,"gold_loss":0.0,"damage_taken":0.0,"cards_obtained":["Doubt"]},{"cards_removed":["Strike_G"],"damage_healed":0,"gold_gain":0,"player_choice":"Purged","damage_taken":0,"max_hp_gain":0,"max_hp_loss":0,"event_name":"Purifier","floor":12,"gold_loss":0},{"damage_healed":0,"gold_gain":0,"player_choice":"Obtained Book","damage_taken":21,"max_hp_gain":0,"max_hp_loss":0,"event_name":"Cursed Tome","floor":19,"gold_loss":0},{"damage_healed":0,"gold_gain":0,"player_choice":"Stole Relic","damage_taken":0,"relics_obtained":["Ancient Tea Set"],"max_hp_gain":0,"max_hp_loss":0,"event_name":"Addict","floor":24,"gold_loss":0,"cards_obtained":["Shame"]},{"cards_removed":["Shame"],"damage_healed":0,"gold_gain":0,"player_choice":"Purged","damage_taken":0,"max_hp_gain":0,"max_hp_loss":0,"event_name":"Purifier","floor":25,"gold_loss":0},{"damage_healed":0,"gold_gain":0,"player_choice":"Paid Gold","damage_taken":0,"relics_obtained":["PreservedInsect"],"max_hp_gain":0,"max_hp_loss":0,"event_name":"WeMeetAgain","floor":28,"gold_loss":95}],"is_beta":false,"boss_relics":[{"not_picked":["Ectoplasm","Orrery"],"picked":"Pandora\u0027s Box"}],"items_purged_floors":[5],"is_endless":false,"potions_floor_spawned":[2,13,14,16,18,20,29,30],"killed_by":"Automaton","ascension_level":20}