{"gold_per_floor":[115,115,128,153,180,192,214,226,261,17,46,46,65,97,97,195,195,205,215,215,130,130,161,161,189,189,189,389,423,423,439,439,538,538,552,477,477,0,12,39,66,93,117,129,129,148,160,160,160,265],"floor_reached":50,"playtime":2427,"items_purged":["Strike_B"],"score":1315,"play_id":"508084cf-e659-4075-bd32-845d93dd59dc","local_time":"20181029225320","daily_mods":["Chimera","Shiny","Vintage","Diverse","Colorless Cards","Heirloom","Flight"],"is_ascension_mode":true,"campfire_choices":[{"data":"Demon Form","floor":6,"key":"SMITH"},{"data":"Reaper","floor":8,"key":"SMITH"},{"data":"Bludgeon","floor":12,"key":"SMITH"},{"data":"Juggernaut","floor":15,"key":"SMITH"},{"data":"Double Tap","floor":24,"key":"SMITH"},{"data":"Offering","floor":27,"key":"SMITH"},{"data":"Berserk","floor":30,"key":"SMITH"},{"data":"Immolate","floor":32,"key":"SMITH"},{"floor":49,"key":"REST"}],"neow_cost":"","seed_source_timestamp":0,"circlet_count":0,"master_deck":["Bash+1","Zap+1","Defend_G+1","Defend_B+1","Double Tap+1","Demon Form+1","Bludgeon+1","Feed+1","Limit Break+1","Barricade+1","Fiend Fire+1","Dark Embrace+1","Berserk+1","Impervious+1","Juggernaut+1","Brutality+1","Reaper+1","Exhume+1","Offering+1","Immolate+1","Discovery+1","Buffer+1","Blur+1","Anger+1","Exhume+1","Inflame+1","Limit Break+1","Coolheaded+1"],"special_seed":0,"relics":["Burning Blood","Calipers","PreservedInsect","Art of War","MawBank","Ornamental Fan","Mummified Hand","Letter Opener","Boot","Frozen Egg 2","Odd Mushroom","Lantern","Potion Belt","Astrolabe","Bottled Lightning","Incense Burner","MutagenicStrength","Pear","Prayer Wheel","Whetstone","Question Card","Gremlin Horn","Happy Flower","Bag of Preparation","Philosopher\u0027s Stone","War Paint","Mark of the Bloom","Red Mask","Oddly Smooth Stone","Ancient Tea Set","Orichalcum","Anchor","Regal Pillow","Centennial Puzzle","Pen Nib","Juzu Bracelet"],"potions_floor_usage":[16,16,33,35,42,50,50],"damage_taken":[{"damage":8.0,"enemies":"Small Slimes","floor":1.0,"turns":3.0},{"damage":6.0,"enemies":"Jaw Worm","floor":3.0,"turns":1.0},{"damage":0.0,"enemies":"Cultist","floor":4.0,"turns":2.0},{"damage":6,"enemies":"Large Slime","floor":5,"turns":3},{"damage":2,"enemies":"Blue Slaver","floor":7,"turns":3},{"damage":5,"enemies":"The Mushroom Lair","floor":11,"turns":4},{"damage":6,"enemies":"Looter","floor":13,"turns":3},{"damage":12,"enemies":"3 Sentries","floor":14,"turns":3},{"damage":43,"enemies":"Hexaghost","floor":16,"turns":6},{"damage":5,"enemies":"3 Byrds","floor":18,"turns":4},{"damage":18,"enemies":"Shell Parasite","floor":19,"turns":1},{"damage":12,"enemies":"Book of Stabbing","floor":23,"turns":1},{"damage":1,"enemies":"Slavers","floor":25,"turns":2},{"damage":6,"enemies":"Book of Stabbing","floor":29,"turns":2},{"damage":2,"enemies":"Centurion and Healer","floor":31,"turns":1},{"damage":12,"enemies":"Champ","floor":33,"turns":4},{"damage":6,"enemies":"Orb Walker","floor":35,"turns":2},{"damage":7,"enemies":"3 Darklings","floor":39,"turns":2},{"damage":6,"enemies":"Giant Head","floor":40,"turns":1},{"damage":6,"enemies":"Nemesis","floor":42,"turns":1},{"damage":8,"enemies":"Transient","floor":44,"turns":5},{"damage":7,"enemies":"4 Shapes","floor":46,"turns":2},{"damage":2,"enemies":"Writhing Mass","floor":47,"turns":2},{"damage":17,"enemies":"Time Eater","floor":50,"turns":3}],"seed_played":"1695173695956100007","potions_obtained":[{"floor":3.0,"key":"Fire Potion"},{"floor":4.0,"key":"FearPotion"},{"floor":5,"key":"Explosive Potion"},{"floor":14,"key":"Weak Potion"},{"floor":18,"key":"Strength Potion"},{"floor":25,"key":"Block Potion"},{"floor":40,"key":"Block Potion"},{"floor":42,"key":"Swift Potion"},{"floor":44,"key":"AttackPotion"}],"is_trial":true,"path_per_floor":["M","?","M","M","M","R","M","R","T","$","?","R","M","E","R","B",null,"M","M","?","?","?","E","R","E","T","R","?","E","R","M","R","B",null,"M","$","?","?","M","E","T","E","T","M","$","M","M","?","R"],"character_chosen":"IRONCLAD","items_purchased":["Frozen Egg 2"],"campfire_rested":1,"item_purchase_floors":[10],"current_hp_per_floor":[81,63,63,69,77,77,81,81,81,81,86,86,89,89,89,55,92,92,80,80,90,90,87,87,92,92,92,92,92,92,109,109,107,113,117,117,117,117,110,104,104,98,98,90,90,83,81,81,81,64],"gold":265,"neow_bonus":"","is_prod":false,"is_daily":false,"chose_seed":false,"campfire_upgraded":8,"win_rate":0,"timestamp":1540868000,"path_taken":["M","?","M","M","M","R","?","R","T","$","?","R","M","E","R","BOSS","M","M","?","?","?","E","R","E","T","R","?","E","R","M","R","BOSS","M","$","?","?","M","E","?","E","T","?","$","?","M","?","R","BOSS"],"build_version":"2018-10-25v2","purchased_purges":1,"victory":false,"max_hp_per_floor":[83,83,83,83,83,83,83,83,83,83,86,86,89,89,89,92,92,92,92,92,102,102,105,105,105,105,105,105,105,105,109,109,113,113,117,117,117,117,117,121,121,121,121,121,121,121,121,121,121,121],"card_choices":[{"not_picked":["Impatience","Clothesline"],"picked":"Discovery","floor":14},{"not_picked":["Transmutation","Exhume"],"picked":"Buffer+1","floor":16},{"not_picked":["Tempest","Ball Lightning"],"picked":"Inflame+1","floor":23},{"not_picked":["Combust+1","Armaments","Warcry"],"picked":"SKIP","floor":25},{"not_picked":["Clothesline","Rebound","Cleave","Setup"],"picked":"SKIP","floor":29},{"not_picked":["Fiend Fire","Reaper","Amplify"],"picked":"Limit Break","floor":33},{"not_picked":["Recycle","Streamline","Body Slam","Underhanded Strike+1"],"picked":"SKIP","floor":40},{"not_picked":["All For One","True Grit+1","Flying Knee"],"picked":"Coolheaded+1","floor":42}],"player_experience":565649,"relics_obtained":[{"floor":1.0,"key":"PreservedInsect"},{"floor":3.0,"key":"MawBank"},{"floor":4.0,"key":"Ornamental Fan"},{"floor":5,"key":"Mummified Hand"},{"floor":7,"key":"Letter Opener"},{"floor":9,"key":"Boot"},{"floor":11,"key":"Odd Mushroom"},{"floor":13,"key":"Lantern"},{"floor":14,"key":"Potion Belt"},{"floor":18,"key":"Bottled Lightning"},{"floor":19,"key":"Incense Burner"},{"floor":23,"key":"Whetstone"},{"floor":25,"key":"Question Card"},{"floor":26,"key":"Gremlin Horn"},{"floor":29,"key":"Happy Flower"},{"floor":31,"key":"Bag of Preparation"},{"floor":35,"key":"War Paint"},{"floor":39,"key":"Oddly Smooth Stone"},{"floor":40,"key":"Ancient Tea Set"},{"floor":41,"key":"Orichalcum"},{"floor":42,"key":"Anchor"},{"floor":43,"key":"Regal Pillow"},{"floor":44,"key":"Centennial Puzzle"},{"floor":46,"key":"Pen Nib"},{"floor":47,"key":"Juzu Bracelet"}],"event_choices":[{"damage_healed":0.0,"max_hp_gain":0.0,"max_hp_loss":0.0,"gold_gain":0.0,"event_name":"Scrap Ooze","player_choice":"Success","floor":2.0,"gold_loss":0.0,"damage_taken":18.0,"relics_obtained":["Art of War"]},{"damage_healed":0,"gold_gain":0,"player_choice":"Fought Mushrooms","damage_taken":0,"max_hp_gain":0,"max_hp_loss":0,"event_name":"Mushrooms","floor":11,"gold_loss":0},{"damage_healed":0,"gold_gain":0,"player_choice":"Inject Mutagens","damage_taken":0,"relics_obtained":["MutagenicStrength"],"max_hp_gain":0,"max_hp_loss":0,"event_name":"Drug Dealer","floor":20,"gold_loss":0},{"damage_healed":0,"gold_gain":0,"player_choice":"Obtained Relic","damage_taken":0,"relics_obtained":["Pear"],"max_hp_gain":0,"max_hp_loss":0,"event_name":"Addict","floor":21,"gold_loss":85},{"damage_healed":0,"gold_gain":0,"player_choice":"Opened","damage_taken":0,"relics_obtained":["Prayer Wheel"],"max_hp_gain":0,"max_hp_loss":0,"event_name":"The Mausoleum","floor":22,"gold_loss":0},{"damage_healed":0,"gold_gain":250,"player_choice":"Bet on Owner","damage_taken":0,"max_hp_gain":0,"max_hp_loss":0,"event_name":"The Joust","floor":28,"gold_loss":50},{"damage_healed":0,"gold_gain":0,"player_choice":"Upgrade","damage_taken":0,"relics_obtained":["Mark of the Bloom"],"max_hp_gain":0,"max_hp_loss":0,"event_name":"MindBloom","floor":37,"gold_loss":0,"cards_upgraded":["Bash","Survivor","Defend_G","Defend_B","Barricade","Dark Embrace","Impervious","Brutality","Exhume","Discovery","Limit Break"]},{"damage_healed":0,"gold_gain":0,"player_choice":"Paid","damage_taken":0,"relics_obtained":["Red Mask"],"max_hp_gain":0,"max_hp_loss":0,"event_name":"Tomb of Lord Red Mask","floor":38,"gold_loss":477},{"cards_removed":["Survivor"],"damage_healed":0,"gold_gain":0,"player_choice":"Removed Skill","damage_taken":0,"max_hp_gain":0,"max_hp_loss":0,"event_name":"Falling","floor":48,"gold_loss":0}],"is_beta":false,"boss_relics":[{"not_picked":["Black Star","Black Blood"],"picked":"Astrolabe"},{"not_picked":["White Beast Statue","Mark of Pain"],"picked":"Philosopher\u0027s Stone"}],"items_purged_floors":[36],"is_endless":true,"potions_floor_spawned":[3,4,5,14,18,25,40,42,44],"killed_by":"Time Eater","ascension_level":1}