{"gold_per_floor":[112,112,112,126,145,145,170,170,170,187,171,188,201,20,20,20],"floor_reached":16,"playtime":1906,"items_purged":[],"score":104,"play_id":"f160a56f-cd1d-42a8-9d87-59748536c7e2","local_time":"20190911060829","is_ascension_mode":false,"campfire_choices":[{"data":"White Noise","floor":6,"key":"SMITH"},{"floor":8,"key":"REST"},{"data":"Chrysalis","floor":15,"key":"SMITH"}],"neow_cost":"NONE","seed_source_timestamp":57934563785081,"circlet_count":0,"master_deck":["Strike_B","Strike_B","Strike_B","Defend_B","Defend_B","Defend_B","Defend_B","Zap","Dualcast","Multi-Cast","Stack+1","Skim","White Noise+1","Gash","Cold Snap","Loop","Leap","Aggregate","Chrysalis+1"],"relics":["Cracked Core","Letter Opener","Bottled Lightning"],"potions_floor_usage":[16,16,16],"damage_taken":[{"damage":0,"enemies":"Small Slimes","floor":1,"turns":2},{"damage":3,"enemies":"Cultist","floor":4,"turns":5},{"damage":1,"enemies":"2 Louse","floor":5,"turns":3},{"damage":31,"enemies":"Lagavulin","floor":7,"turns":8},{"damage":0,"enemies":"Looter","floor":10,"turns":3},{"damage":17,"enemies":"Exordium Thugs","floor":11,"turns":4},{"damage":0,"enemies":"Exordium Wildlife","floor":12,"turns":1},{"damage":0,"enemies":"Large Slime","floor":13,"turns":6},{"damage":45,"enemies":"The Guardian","floor":16,"turns":15}],"seed_played":"-2916093632921501033","potions_obtained":[{"floor":5,"key":"AttackPotion"},{"floor":10,"key":"PowerPotion"},{"floor":11,"key":"Swift Potion"},{"floor":12,"key":"Block Potion"}],"is_trial":false,"path_per_floor":["M","?","?","M","M","R","E","R","T","M","M","M","M","$","R","B"],"character_chosen":"DEFECT","items_purchased":["Chrysalis"],"campfire_rested":1,"item_purchase_floors":[14],"current_hp_per_floor":[75,75,75,72,71,71,40,62,62,62,45,45,45,45,45,0],"gold":20,"neow_bonus":"TRANSFORM_CARD","is_prod":false,"is_daily":false,"chose_seed":false,"campfire_upgraded":2,"win_rate":0,"timestamp":1568192909,"path_taken":["M","?","?","M","?","R","E","R","T","M","M","M","?","$","R","BOSS"],"build_version":"2019-07-17","purchased_purges":0,"victory":false,"max_hp_per_floor":[75,75,75,75,75,75,75,75,75,75,75,75,75,75,75,75],"card_choices":[{"not_picked":["Leap","Steam"],"picked":"Stack","floor":1},{"not_picked":["Sweeping Beam","Barrage"],"picked":"Skim","floor":4},{"not_picked":["Streamline","Steam"],"picked":"White Noise","floor":5},{"not_picked":["Chaos","Static Discharge"],"picked":"Gash","floor":7},{"not_picked":["Ball Lightning","Recycle"],"picked":"Cold Snap","floor":10},{"not_picked":["Beam Cell","Scrape"],"picked":"Loop","floor":11},{"not_picked":["Barrage","Skim"],"picked":"Leap","floor":12},{"not_picked":["Doom and Gloom","Beam Cell"],"picked":"Aggregate","floor":13}],"player_experience":125376,"relics_obtained":[{"floor":7,"key":"Letter Opener"},{"floor":9,"key":"Bottled Lightning"}],"event_choices":[{"damage_healed":0,"gold_gain":0,"player_choice":"Ignored","damage_taken":0,"max_hp_gain":0,"max_hp_loss":0,"event_name":"Shining Light","floor":2,"gold_loss":0},{"damage_healed":0,"gold_gain":0,"player_choice":"Forge","damage_taken":0,"max_hp_gain":0,"max_hp_loss":0,"event_name":"Accursed Blacksmith","floor":3,"gold_loss":0,"cards_upgraded":["Stack"]}],"is_beta":false,"boss_relics":[],"items_purged_floors":[],"is_endless":false,"potions_floor_spawned":[5,10,11,12],"killed_by":"The Guardian","ascension_level":0}