{"gold_per_floor":[112,129,145,145,69,69,104,104,104,117,117,117,131,154,154,282,282,298,298,323,323,338,338,374,374,397,478,491,491,511,511],"floor_reached":31,"playtime":1132,"items_purged":[],"score":308,"play_id":"5f4ed354-d37c-403d-b575-11dacee28956","local_time":"20190424062410","is_ascension_mode":true,"campfire_choices":[{"data":"Envenom","floor":6,"key":"SMITH"},{"data":"Adrenaline","floor":8,"key":"SMITH"},{"data":"Neutralize","floor":12,"key":"SMITH"},{"floor":15,"key":"REST"},{"floor":23,"key":"REST"},{"floor":25,"key":"REST"},{"floor":29,"key":"REST"}],"neow_cost":"CURSE","seed_source_timestamp":74346515141081,"circlet_count":0,"master_deck":["Defend_G","Defend_G","Defend_G","Defend_G","Defend_G","Strike_G","Strike_G","Strike_G","Survivor","Neutralize+1","Adrenaline+1","Predator","Dagger Spray","PiercingWail+1","Dagger Spray","Envenom+1","Glass Knife","Well Laid Plans","Injury","Leg Sweep","Dagger Throw","After Image","Caltrops","Blur+1","Poisoned Stab+1","Pain","Pain","Poisoned Stab","Acrobatics+1"],"relics":["Ring of the Snake","Dodecahedron","Pen Nib","Golden Idol","Cursed Key","War Paint","Potion Belt","Pantograph"],"potions_floor_usage":[7,16,20,24,31],"damage_taken":[{"damage":4,"enemies":"Jaw Worm","floor":1,"turns":2},{"damage":1,"enemies":"Cultist","floor":2,"turns":3},{"damage":0,"enemies":"2 Louse","floor":3,"turns":2},{"damage":18,"enemies":"Lagavulin","floor":7,"turns":5},{"damage":1,"enemies":"Lots of Slimes","floor":10,"turns":3},{"damage":23,"enemies":"Exordium Thugs","floor":13,"turns":4},{"damage":8,"enemies":"Blue Slaver","floor":14,"turns":3},{"damage":16,"enemies":"Hexaghost","floor":16,"turns":10},{"damage":0,"enemies":"2 Thieves","floor":18,"turns":3},{"damage":10,"enemies":"Spheric Guardian","floor":20,"turns":4},{"damage":29,"enemies":"Snecko","floor":22,"turns":5},{"damage":23,"enemies":"Book of Stabbing","floor":24,"turns":5},{"damage":22,"enemies":"Snake Plant","floor":28,"turns":5},{"damage":14,"enemies":"Centurion and Healer","floor":30,"turns":6},{"damage":37,"enemies":"Gremlin Leader","floor":31,"turns":8}],"seed_played":"-1913941121683903241","potions_obtained":[{"floor":1,"key":"SteroidPotion"},{"floor":2,"key":"FearPotion"},{"floor":14,"key":"Weak Potion"},{"floor":18,"key":"Swift Potion"},{"floor":28,"key":"Weak Potion"}],"is_trial":false,"path_per_floor":["M","M","M","?","$","R","E","R","T","M","?","R","M","M","R","B",null,"M","?","M","?","M","R","E","R","T","T","M","R","M","E"],"character_chosen":"THE_SILENT","items_purchased":["Envenom"],"campfire_rested":4,"item_purchase_floors":[5],"current_hp_per_floor":[66,65,65,65,65,65,47,47,47,46,46,46,23,15,36,20,70,70,70,60,60,31,52,29,50,50,50,28,49,35,0],"gold":511,"neow_bonus":"TRANSFORM_TWO_CARDS","is_prod":false,"is_daily":false,"chose_seed":false,"campfire_upgraded":3,"win_rate":0,"timestamp":1556051050,"path_taken":["M","M","M","?","$","R","E","R","T","M","?","R","M","M","R","BOSS","M","?","?","?","?","R","E","R","T","?","?","R","M","E"],"build_version":"2019-01-23","purchased_purges":0,"victory":false,"max_hp_per_floor":[70,70,70,70,70,70,70,70,70,70,70,70,70,70,70,70,70,70,70,70,70,70,70,70,70,70,70,70,70,70,70],"card_choices":[{"not_picked":["Accuracy","Flying Knee"],"picked":"Dagger Spray","floor":1},{"not_picked":["Flying Knee","Accuracy"],"picked":"PiercingWail","floor":2},{"not_picked":["Dodge and Roll","Bane"],"picked":"Dagger Spray","floor":3},{"not_picked":["Concentrate","Sucker Punch"],"picked":"Glass Knife","floor":7},{"not_picked":["Infinite Blades","Deflect"],"picked":"Well Laid Plans","floor":10},{"not_picked":["Backflip","Dagger Throw"],"picked":"Leg Sweep","floor":13},{"not_picked":["Slice","Blade Dance"],"picked":"Dagger Throw","floor":14},{"not_picked":["Phantasmal Killer","Corpse Explosion"],"picked":"After Image","floor":16},{"not_picked":["PiercingWail+1","Underhanded Strike+1"],"picked":"Caltrops","floor":18},{"not_picked":["Skewer","Eviscerate+1"],"picked":"Blur","floor":20},{"not_picked":["Deadly Poison+1","Backflip"],"picked":"Poisoned Stab+1","floor":22},{"not_picked":["Setup","Reflex+1","Dodge and Roll"],"picked":"SKIP","floor":24},{"not_picked":["Dagger Spray","Blade Dance"],"picked":"Poisoned Stab","floor":28},{"not_picked":["PiercingWail","Poisoned Stab+1"],"picked":"Acrobatics+1","floor":30}],"player_experience":451546,"relics_obtained":[{"floor":7,"key":"Dodecahedron"},{"floor":9,"key":"Pen Nib"},{"floor":24,"key":"War Paint"},{"floor":26,"key":"Potion Belt"},{"floor":27,"key":"Pantograph"}],"event_choices":[{"damage_healed":0,"gold_gain":0,"player_choice":"Leave","damage_taken":0,"max_hp_gain":0,"max_hp_loss":0,"event_name":"The Cleric","floor":4,"gold_loss":0},{"damage_healed":0,"gold_gain":0,"player_choice":"Take Wound","damage_taken":0,"relics_obtained":["Golden Idol"],"max_hp_gain":0,"max_hp_loss":0,"event_name":"Golden Idol","floor":11,"gold_loss":0,"cards_obtained":["Injury"]},{"damage_healed":0,"gold_gain":0,"player_choice":"Bought 0 Potions","damage_taken":0,"max_hp_gain":0,"max_hp_loss":0,"event_name":"The Woman in Blue","floor":19,"gold_loss":0},{"cards_removed":["Shame"],"damage_healed":0,"gold_gain":0,"player_choice":"Purged","damage_taken":0,"max_hp_gain":0,"max_hp_loss":0,"event_name":"Purifier","floor":21,"gold_loss":0}],"is_beta":false,"boss_relics":[{"not_picked":["White Beast Statue","Ring of the Serpent"],"picked":"Cursed Key"}],"items_purged_floors":[],"is_endless":false,"potions_floor_spawned":[1,2,14,18,28],"killed_by":"Gremlin Leader","ascension_level":4}