{"gold_per_floor":[114,114,8,56,69,94,94,94,94,94,127,47,47,82,94,106],"floor_reached":16,"playtime":490,"items_purged":[],"score":271,"play_id":"6675d25c-2e9b-44c5-8de7-46b2e1affcce","local_time":"20190801133433","is_ascension_mode":true,"campfire_choices":[{"data":"Flex","floor":8,"key":"SMITH"},{"data":"Thunderclap","floor":10,"key":"SMITH"},{"data":"Corruption","floor":13,"key":"SMITH"},{"data":"Flex","floor":15,"key":"SMITH"}],"neow_cost":"NONE","seed_source_timestamp":425389093131460,"circlet_count":0,"master_deck":["AscendersBane","Strike_R","Strike_R","Strike_R","Strike_R","Strike_R","Defend_R","Defend_R","Defend_R","Defend_R","Bash","Combust","Thunderclap+1","Flex+1","Limit Break","Corruption+1","Flex+1","Sword Boomerang"],"relics":["Burning Blood","NeowsBlessing","Ancient Tea Set","Centennial Puzzle","Bag of Marbles","Shuriken","MawBank"],"potions_floor_usage":[16,16],"damage_taken":[{"damage":0,"enemies":"Jaw Worm","floor":1,"turns":1},{"damage":0,"enemies":"Cultist","floor":5,"turns":1},{"damage":0,"enemies":"Gremlin Nob","floor":6,"turns":1},{"damage":32,"enemies":"Lagavulin","floor":11,"turns":4},{"damage":11,"enemies":"3 Sentries","floor":14,"turns":3},{"damage":51,"enemies":"Slime Boss","floor":16,"turns":6}],"seed_played":"2474395384147134960","potions_obtained":[{"floor":5,"key":"SneckoOil"},{"floor":11,"key":"FearPotion"}],"is_trial":false,"path_per_floor":["M","?","$","T","M","E","?","R","T","R","E","$","R","E","R","B"],"character_chosen":"IRONCLAD","items_purchased":["Thunderclap","Flex","Flex","Sword Boomerang"],"campfire_rested":0,"item_purchase_floors":[3,3,12,12],"current_hp_per_floor":[74,74,74,74,75,75,80,80,80,80,54,54,54,49,49,0],"gold":106,"neow_bonus":"THREE_ENEMY_KILL","is_prod":false,"is_daily":false,"chose_seed":false,"campfire_upgraded":4,"win_rate":0,"timestamp":1564680873,"path_taken":["M","?","$","?","?","E","?","R","T","R","E","$","R","E","R","BOSS"],"build_version":"2019-07-17","purchased_purges":0,"victory":false,"max_hp_per_floor":[75,75,75,75,75,75,80,80,80,80,80,80,80,80,80,80],"card_choices":[{"not_picked":["Perfected Strike","Sever Soul"],"picked":"Combust","floor":1},{"not_picked":["Burning Pact","Feel No Pain","Body Slam"],"picked":"SKIP","floor":5},{"not_picked":["Immolate","Flex"],"picked":"Limit Break","floor":6},{"not_picked":["Sword Boomerang","Sever Soul"],"picked":"Corruption","floor":11},{"not_picked":["Warcry","Uppercut","Perfected Strike"],"picked":"SKIP","floor":14}],"player_experience":1665641,"relics_obtained":[{"floor":2,"key":"Ancient Tea Set"},{"floor":6,"key":"Centennial Puzzle"},{"floor":9,"key":"Bag of Marbles"},{"floor":11,"key":"Shuriken"},{"floor":14,"key":"MawBank"}],"event_choices":[{"damage_healed":0,"gold_gain":0,"player_choice":"Relic","damage_taken":0,"max_hp_gain":0,"max_hp_loss":0,"event_name":"Wheel of Change","floor":2,"gold_loss":0},{"damage_healed":0,"gold_gain":0,"player_choice":"Donut","damage_taken":0,"max_hp_gain":5,"max_hp_loss":0,"event_name":"Big Fish","floor":7,"gold_loss":0}],"is_beta":false,"boss_relics":[],"items_purged_floors":[],"is_endless":false,"potions_floor_spawned":[5,11],"killed_by":"Slime Boss","ascension_level":19}