{"gold_per_floor":[117,71,71,2,13,13,39,39,62,77,2,13,41,41,41,146,146,158,158,178,193,193],"floor_reached":22,"playtime":858,"items_purged":["Strike_G"],"score":230,"play_id":"f13fb354-6488-47ab-95df-40809cb29620","local_time":"20190421005542","is_ascension_mode":true,"campfire_choices":[{"data":"Poisoned Stab","floor":6,"key":"SMITH"},{"data":"Noxious Fumes","floor":8,"key":"SMITH"},{"data":"Neutralize","floor":15,"key":"SMITH"}],"neow_cost":"NONE","seed_source_timestamp":39220564861711,"circlet_count":0,"master_deck":["Defend_G","Defend_G","Defend_G","Defend_G","Defend_G","Strike_G","Strike_G","Survivor","Neutralize+1","Backstab","Deadly Poison","Well Laid Plans","Poisoned Stab+1","Noxious Fumes+1","Poisoned Stab","Bouncing Flask","Quick Slash","Infinite Blades+1","Malaise+1","Deadly Poison+1","Bane","Infinite Blades"],"relics":["Ring of the Snake","NeowsBlessing","Vajra","Blood Vial","Dream Catcher","Omamori","Astrolabe"],"potions_floor_usage":[13,16,20,21,22],"damage_taken":[{"damage":0,"enemies":"2 Louse","floor":1,"turns":1},{"damage":0,"enemies":"Jaw Worm","floor":5,"turns":1},{"damage":0,"enemies":"Gremlin Nob","floor":7,"turns":1},{"damage":0,"enemies":"Cultist","floor":10,"turns":3},{"damage":9,"enemies":"Exordium Thugs","floor":12,"turns":4},{"damage":10,"enemies":"Lagavulin","floor":13,"turns":5},{"damage":31,"enemies":"Slime Boss","floor":16,"turns":9},{"damage":13,"enemies":"Chosen","floor":18,"turns":5},{"damage":25,"enemies":"3 Byrds","floor":20,"turns":4},{"damage":32,"enemies":"Centurion and Healer","floor":21,"turns":7},{"damage":7,"enemies":"Chosen and Byrds","floor":22,"turns":4}],"seed_played":"3043674903390620717","potions_obtained":[{"floor":1,"key":"Explosive Potion"},{"floor":7,"key":"GhostInAJar"},{"floor":13,"key":"EssenceOfSteel"},{"floor":16,"key":"SmokeBomb"},{"floor":20,"key":"SteroidPotion"},{"floor":21,"key":"GamblersBrew"}],"is_trial":false,"path_per_floor":["M","$","?","$","M","R","E","R","T","M","$","M","E","$","R","B",null,"M","T","M","M","M"],"character_chosen":"THE_SILENT","items_purchased":["Deadly Poison","Well Laid Plans"],"campfire_rested":0,"item_purchase_floors":[2,4],"current_hp_per_floor":[70,70,70,70,70,70,70,70,70,70,70,61,53,53,53,24,70,57,57,34,4,0],"gold":193,"neow_bonus":"THREE_ENEMY_KILL","is_prod":false,"is_daily":false,"chose_seed":false,"campfire_upgraded":3,"win_rate":0,"timestamp":1555772142,"path_taken":["M","$","?","$","M","R","E","R","T","M","$","M","E","?","R","BOSS","M","?","?","M","M"],"build_version":"2019-01-23","purchased_purges":1,"victory":false,"max_hp_per_floor":[70,70,70,70,70,70,70,70,70,70,70,70,70,70,70,70,70,70,70,70,70,70],"card_choices":[{"not_picked":["Underhanded Strike","Endless Agony"],"picked":"Backstab","floor":1},{"not_picked":["Well Laid Plans","Flying Knee"],"picked":"Poisoned Stab","floor":5},{"not_picked":["Escape Plan","Acrobatics"],"picked":"Noxious Fumes","floor":7},{"not_picked":["Dodge and Roll","Setup"],"picked":"Poisoned Stab","floor":10},{"not_picked":["Sucker Punch","Cloak And Dagger"],"picked":"Bouncing Flask","floor":12},{"not_picked":["Accuracy","Dodge and Roll"],"picked":"Quick Slash","floor":13},{"not_picked":["Skewer","Masterful Stab"],"picked":"Deadly Poison+1","floor":18},{"not_picked":["PiercingWail+1","Cloak And Dagger"],"picked":"Bane","floor":20},{"not_picked":["All Out Attack+1","Dagger Throw"],"picked":"Infinite Blades","floor":21}],"player_experience":369971,"relics_obtained":[{"floor":7,"key":"Blood Vial"},{"floor":9,"key":"Dream Catcher"},{"floor":13,"key":"Omamori"}],"event_choices":[{"damage_healed":0,"gold_gain":0,"player_choice":"Box","damage_taken":0,"relics_obtained":["Vajra"],"max_hp_gain":0,"max_hp_loss":0,"event_name":"Big Fish","floor":3,"gold_loss":0,"cards_obtained":["Regret"]}],"is_beta":false,"boss_relics":[{"not_picked":["Snecko Eye","HoveringKite"],"picked":"Astrolabe"}],"items_purged_floors":[11],"is_endless":false,"potions_floor_spawned":[1,7,13,16,20,21],"killed_by":"Chosen and Byrds","ascension_level":1}