{"gold_per_floor":[113,127,144,144,154,154,28,63,63,63,63,89,109,136,136,213,213,224,184,184,74,87,120,120,120],"floor_reached":25,"playtime":1154,"items_purged":["Strike_B"],"score":470,"play_id":"9e82142c-8651-467b-8c4a-4078080521a3","local_time":"20190729173858","is_ascension_mode":true,"campfire_choices":[{"data":"Doom and Gloom","floor":6,"key":"SMITH"},{"data":"Redo","floor":11,"key":"SMITH"},{"data":"Dualcast","floor":15,"key":"SMITH"},{"floor":24,"key":"REST"}],"neow_cost":"NONE","seed_source_timestamp":180186685740256,"circlet_count":0,"master_deck":["AscendersBane","Strike_B","Strike_B+1","Strike_B+1","Defend_B","Defend_B","Defend_B","Defend_B","Zap","Dualcast+1","Barrage","Doom and Gloom+1","Reinforced Body","Conserve Battery","Hologram","Redo+1","Steam","Biased Cognition","All For One","Glacier","Beam Cell","Sunder","Go for the Eyes"],"relics":["Cracked Core","Whetstone","PreservedInsect","Centennial Puzzle","Question Card","Orichalcum","Cursed Key","Enchiridion","Smiling Mask"],"potions_floor_usage":[5,8,16,23],"damage_taken":[{"damage":7,"enemies":"Jaw Worm","floor":1,"turns":3},{"damage":0,"enemies":"Cultist","floor":2,"turns":2},{"damage":3,"enemies":"2 Louse","floor":3,"turns":2},{"damage":5,"enemies":"Looter","floor":5,"turns":4},{"damage":9,"enemies":"Lagavulin","floor":8,"turns":7},{"damage":10,"enemies":"3 Sentries","floor":12,"turns":3},{"damage":2,"enemies":"3 Louse","floor":13,"turns":3},{"damage":8,"enemies":"Gremlin Nob","floor":14,"turns":3},{"damage":10,"enemies":"The Guardian","floor":16,"turns":10},{"damage":32,"enemies":"Chosen","floor":18,"turns":6},{"damage":1,"enemies":"2 Thieves","floor":19,"turns":5},{"damage":0,"enemies":"Sentry and Sphere","floor":22,"turns":4},{"damage":9,"enemies":"Book of Stabbing","floor":23,"turns":4},{"damage":35,"enemies":"Gremlin Leader","floor":25,"turns":2}],"seed_played":"7169933813764717232","potions_obtained":[{"floor":2,"key":"SpeedPotion"},{"floor":3,"key":"Weak Potion"},{"floor":5,"key":"Fruit Juice"},{"floor":13,"key":"GamblersBrew"},{"floor":22,"key":"Explosive Potion"}],"is_trial":false,"path_per_floor":["M","M","M","?","M","R","$","E","T","?","R","E","M","E","R","B",null,"M","M","?","$","M","E","R","E"],"character_chosen":"DEFECT","items_purchased":["Hologram","AttackPotion","FearPotion"],"campfire_rested":1,"item_purchase_floors":[7,21,21],"current_hp_per_floor":[57,57,54,54,54,54,54,45,45,76,76,66,64,56,56,46,69,37,36,15,15,15,6,28,0],"gold":120,"neow_bonus":"RANDOM_COMMON_RELIC","is_prod":false,"is_daily":false,"chose_seed":false,"campfire_upgraded":3,"win_rate":0,"timestamp":1564436338,"path_taken":["M","M","M","?","M","R","$","E","T","?","R","E","?","E","R","BOSS","M","M","?","$","M","E","R","E"],"build_version":"2019-07-17","purchased_purges":1,"victory":false,"max_hp_per_floor":[71,71,71,71,76,76,76,76,76,76,76,76,76,76,76,76,76,76,76,76,76,76,76,76,76],"card_choices":[{"not_picked":["Scrape","Hello World"],"picked":"Barrage","floor":1},{"not_picked":["Conserve Battery","Leap"],"picked":"Doom and Gloom","floor":2},{"not_picked":["Ball Lightning","Barrage"],"picked":"Reinforced Body","floor":3},{"not_picked":["Barrage","Steam Power"],"picked":"Conserve Battery","floor":5},{"not_picked":["Auto Shields","Doom and Gloom"],"picked":"Redo","floor":8},{"not_picked":["Steam Power","Rebound","Undo"],"picked":"SKIP","floor":12},{"not_picked":["Conserve Battery","Tempest","Stack"],"picked":"Steam","floor":13},{"not_picked":["Tempest","Hello World","Gash"],"picked":"Biased Cognition","floor":14},{"not_picked":["Machine Learning","Electrodynamics","Amplify"],"picked":"All For One","floor":16},{"not_picked":["Barrage","Rip and Tear","Aggregate"],"picked":"Glacier","floor":18},{"not_picked":["Steam","Coolheaded","Doom and Gloom"],"picked":"Beam Cell","floor":19},{"not_picked":["Rebound","Streamline","Compile Driver"],"picked":"Sunder","floor":22},{"not_picked":["Hyperbeam","Turbo","Rebound"],"picked":"Go for the Eyes","floor":23}],"player_experience":1654604,"relics_obtained":[{"floor":8,"key":"PreservedInsect"},{"floor":9,"key":"Centennial Puzzle"},{"floor":12,"key":"Question Card"},{"floor":14,"key":"Orichalcum"},{"floor":20,"key":"Enchiridion"},{"floor":23,"key":"Smiling Mask"}],"event_choices":[{"damage_healed":0,"gold_gain":0,"player_choice":"Ignored","damage_taken":0,"max_hp_gain":0,"max_hp_loss":0,"event_name":"Shining Light","floor":4,"gold_loss":0},{"damage_healed":31,"gold_gain":0,"player_choice":"Full Heal","damage_taken":0,"max_hp_gain":0,"max_hp_loss":0,"event_name":"Wheel of Change","floor":10,"gold_loss":0},{"damage_healed":0,"gold_gain":0,"player_choice":"Obtained Book","damage_taken":21,"max_hp_gain":0,"max_hp_loss":0,"event_name":"Cursed Tome","floor":20,"gold_loss":0}],"is_beta":false,"boss_relics":[{"not_picked":["Ectoplasm","Coffee Dripper"],"picked":"Cursed Key"}],"items_purged_floors":[7],"is_endless":false,"potions_floor_spawned":[2,3,5,13,22],"killed_by":"Gremlin Leader","ascension_level":19}