{"gold_per_floor":[110,110,110,158,173,173,184,184,235,235,252,271,305,318,318,414,414,429,429,528,547,557,557,572,572,572,572,572,589,616,629,629,629],"floor_reached":33,"playtime":3943,"items_purged":[],"score":294,"play_id":"dfccbccd-8eb0-4c5f-b679-f0af1cd1038b","local_time":"20190830190629","is_ascension_mode":false,"campfire_choices":[{"data":"Bash","floor":6,"key":"SMITH"},{"data":"Armaments","floor":8,"key":"SMITH"},{"floor":10,"key":"RECALL"},{"data":"Intimidate","floor":15,"key":"SMITH"},{"data":"Reaper","floor":23,"key":"SMITH"},{"data":"Shrug It Off","floor":25,"key":"SMITH"},{"data":"Spot Weakness","floor":27,"key":"SMITH"},{"floor":32,"key":"REST"}],"neow_cost":"NONE","seed_source_timestamp":767364300000,"circlet_count":0,"master_deck":["Strike_R","Strike_R","Strike_R","Strike_R","Strike_R","Defend_R","Defend_R","Defend_R","Defend_R","Bash+1","Perfected Strike","Disarm","Armaments+1","Cleave","Intimidate+1","Shrug It Off+1","Twin Strike","Reaper+1","Flex","Inflame","Spot Weakness+1","Rampage","Armaments+1","Whirlwind"],"relics":["Black Blood","Oddly Smooth Stone","Happy Flower","Ancient Tea Set","Pear","Blood Vial"],"potions_floor_usage":[13,16,21,21,24,29,30,33],"damage_taken":[{"damage":8,"enemies":"Jaw Worm","floor":1,"turns":4},{"damage":9,"enemies":"Small Slimes","floor":5,"turns":4},{"damage":0,"enemies":"2 Louse","floor":7,"turns":2},{"damage":3,"enemies":"2 Fungi Beasts","floor":11,"turns":3},{"damage":10,"enemies":"Large Slime","floor":12,"turns":5},{"damage":39,"enemies":"Lagavulin","floor":13,"turns":6},{"damage":1,"enemies":"Looter","floor":14,"turns":4},{"damage":19,"enemies":"Hexaghost","floor":16,"turns":9},{"damage":31,"enemies":"2 Thieves","floor":18,"turns":5},{"damage":24,"enemies":"Spheric Guardian","floor":21,"turns":5},{"damage":23,"enemies":"Centurion and Healer","floor":22,"turns":9},{"damage":25,"enemies":"Shelled Parasite and Fungi","floor":24,"turns":6},{"damage":10,"enemies":"Cultist and Chosen","floor":29,"turns":4},{"damage":71,"enemies":"Slavers","floor":30,"turns":6},{"damage":19,"enemies":"Centurion and Healer","floor":31,"turns":6},{"damage":102,"enemies":"Collector","floor":33,"turns":7}],"seed_played":"-8778463258260636021","potions_obtained":[{"floor":7,"key":"PowerPotion"},{"floor":11,"key":"Ancient Potion"},{"floor":12,"key":"Poison Potion"},{"floor":14,"key":"Fire Potion"},{"floor":21,"key":"Fruit Juice"},{"floor":22,"key":"SpeedPotion"},{"floor":24,"key":"Regen Potion"},{"floor":31,"key":"EssenceOfSteel"}],"is_trial":false,"path_per_floor":["M","?","?","T","M","R","M","R","T","R","M","M","E","M","R","B",null,"M","?","?","M","M","R","M","R","T","R","?","M","E","M","R","B"],"character_chosen":"IRONCLAD","items_purchased":[],"campfire_rested":1,"item_purchase_floors":[],"current_hp_per_floor":[86,91,79,79,76,76,82,82,82,82,85,81,58,63,63,50,103,82,82,82,73,72,72,71,71,71,71,71,108,70,63,95,0],"gold":629,"neow_bonus":"TEN_PERCENT_HP_BONUS","is_prod":false,"is_daily":false,"chose_seed":false,"campfire_upgraded":6,"win_rate":0,"timestamp":1567188389,"path_taken":["M","?","?","?","?","R","M","R","T","R","M","M","E","M","R","BOSS","M","?","?","M","M","R","M","R","T","R","?","M","E","M","R","BOSS"],"build_version":"2019-07-17","purchased_purges":0,"victory":false,"max_hp_per_floor":[88,93,93,93,93,93,93,93,93,93,93,93,103,103,103,103,103,103,103,103,108,108,108,108,108,108,108,108,108,108,108,108,108],"card_choices":[{"not_picked":["Warcry","Power Through"],"picked":"Perfected Strike","floor":1},{"not_picked":["Combust","Headbutt"],"picked":"Disarm","floor":5},{"not_picked":["Evolve","Disarm"],"picked":"Armaments","floor":7},{"not_picked":["Evolve","Body Slam"],"picked":"Cleave","floor":11},{"not_picked":["Twin Strike","Wild Strike"],"picked":"Intimidate","floor":12},{"not_picked":["Armaments","Iron Wave"],"picked":"Shrug It Off","floor":13},{"not_picked":["Headbutt","Searing Blow"],"picked":"Twin Strike","floor":14},{"not_picked":["Exhume","Juggernaut"],"picked":"Reaper","floor":16},{"not_picked":["Anger+1","Wild Strike"],"picked":"Flex","floor":18},{"not_picked":["Combust+1","True Grit","Thunderclap"],"picked":"SKIP","floor":21},{"not_picked":["Rupture","Warcry"],"picked":"Spot Weakness","floor":22},{"not_picked":["Perfected Strike+1","Carnage","Body Slam"],"picked":"SKIP","floor":24},{"not_picked":["Cleave","Clash"],"picked":"Rampage","floor":29},{"not_picked":["Cleave","Rupture"],"picked":"Armaments+1","floor":30},{"not_picked":["Wild Strike","Pummel"],"picked":"Whirlwind","floor":31}],"player_experience":113821,"relics_obtained":[{"floor":4,"key":"Happy Flower"},{"floor":9,"key":"Ancient Tea Set"},{"floor":13,"key":"Pear"},{"floor":30,"key":"Blood Vial"}],"event_choices":[{"damage_healed":0,"gold_gain":0,"player_choice":"Donut","damage_taken":0,"max_hp_gain":5,"max_hp_loss":0,"event_name":"Big Fish","floor":2,"gold_loss":0},{"damage_healed":0,"gold_gain":0,"player_choice":"Success","damage_taken":12,"relics_obtained":["Oddly Smooth Stone"],"max_hp_gain":0,"max_hp_loss":0,"event_name":"Scrap Ooze","floor":3,"gold_loss":0},{"damage_healed":0,"gold_gain":0,"player_choice":"Read","damage_taken":0,"max_hp_gain":0,"max_hp_loss":0,"event_name":"The Library","floor":19,"gold_loss":0,"cards_obtained":["Inflame"]},{"damage_healed":0,"gold_gain":99,"player_choice":"Stole From Cult","damage_taken":0,"max_hp_gain":0,"max_hp_loss":0,"event_name":"Nest","floor":20,"gold_loss":0},{"damage_healed":0,"gold_gain":0,"player_choice":"Ignored","damage_taken":0,"max_hp_gain":0,"max_hp_loss":0,"event_name":"Ghosts","floor":28,"gold_loss":0}],"is_beta":false,"boss_relics":[{"not_picked":["Sozu","Coffee Dripper"],"picked":"Black Blood"}],"items_purged_floors":[],"is_endless":false,"potions_floor_spawned":[7,11,12,14,21,22,24,31],"killed_by":"Collector","ascension_level":0}