{"gold_per_floor":[210,222,242,254,254,254,272,302,302,302,326,326,326],"floor_reached":13,"playtime":528,"items_purged":[],"score":170,"play_id":"7f01b81e-5e90-47d9-b985-e41a240fb33f","local_time":"20190902132829","is_ascension_mode":true,"campfire_choices":[{"data":"Zap","floor":6,"key":"SMITH"},{"floor":10,"key":"REST"}],"neow_cost":"NONE","seed_source_timestamp":335175981994936,"circlet_count":0,"master_deck":["AscendersBane","Strike_B","Strike_B","Strike_B","Strike_B","Defend_B","Defend_B","Defend_B","Defend_B","Zap+1","Dualcast","Rebound","Streamline","Core Surge","BootSequence","Doubt","Consume","Auto Shields","Sweeping Beam"],"relics":["Cracked Core","Blood Vial","Odd Mushroom"],"potions_floor_usage":[8,11],"damage_taken":[{"damage":9,"enemies":"Jaw Worm","floor":1,"turns":4},{"damage":0,"enemies":"Cultist","floor":2,"turns":4},{"damage":0,"enemies":"2 Louse","floor":3,"turns":2},{"damage":8,"enemies":"Large Slime","floor":4,"turns":5},{"damage":6,"enemies":"Looter","floor":7,"turns":3},{"damage":32,"enemies":"Gremlin Nob","floor":8,"turns":4},{"damage":12,"enemies":"The Mushroom Lair","floor":11,"turns":6},{"damage":56,"enemies":"Lagavulin","floor":13,"turns":7}],"seed_played":"565672099232435641","potions_obtained":[{"floor":3,"key":"EssenceOfSteel"},{"floor":7,"key":"GamblersBrew"}],"is_trial":false,"path_per_floor":["M","M","M","M","?","R","M","E","T","R","?","?","E"],"character_chosen":"DEFECT","items_purchased":[],"campfire_rested":1,"item_purchase_floors":[],"current_hp_per_floor":[55,55,55,47,47,47,41,9,9,30,20,43,0],"gold":326,"neow_bonus":"HUNDRED_GOLD","is_prod":false,"is_daily":false,"chose_seed":false,"campfire_upgraded":1,"win_rate":0,"timestamp":1567445309,"path_taken":["M","M","M","M","?","R","?","E","T","R","?","?","E"],"build_version":"2019-07-17","purchased_purges":0,"victory":false,"max_hp_per_floor":[71,71,71,71,71,71,71,71,71,71,71,71,71],"card_choices":[{"not_picked":["Stack","Beam Cell"],"picked":"Rebound","floor":1},{"not_picked":["Steam","Gash"],"picked":"Streamline","floor":2},{"not_picked":["Rip and Tear","Hologram"],"picked":"Core Surge","floor":3},{"not_picked":["Capacitor","Coolheaded"],"picked":"BootSequence","floor":4},{"not_picked":["Tempest","Heatsinks"],"picked":"Consume","floor":7},{"not_picked":["Beam Cell","Streamline"],"picked":"Auto Shields","floor":8},{"not_picked":["Streamline","Stack"],"picked":"Sweeping Beam","floor":11}],"player_experience":1939682,"relics_obtained":[{"floor":8,"key":"Blood Vial"},{"floor":11,"key":"Odd Mushroom"}],"event_choices":[{"damage_healed":0,"gold_gain":0,"player_choice":"1 cards matched","damage_taken":0,"max_hp_gain":0,"max_hp_loss":0,"event_name":"Match and Keep!","floor":5,"gold_loss":0,"cards_obtained":["Doubt"]},{"damage_healed":0,"gold_gain":0,"player_choice":"Fought Mushrooms","damage_taken":0,"max_hp_gain":0,"max_hp_loss":0,"event_name":"Mushrooms","floor":11,"gold_loss":0},{"damage_healed":23,"gold_gain":0,"player_choice":"Banana","damage_taken":0,"max_hp_gain":0,"max_hp_loss":0,"event_name":"Big Fish","floor":12,"gold_loss":0}],"is_beta":false,"boss_relics":[],"items_purged_floors":[],"is_endless":false,"potions_floor_spawned":[3,7],"killed_by":"Lagavulin","ascension_level":20}