{"gold_per_floor":[116,129,304,318,288,319,319,337,390,402,402,415,432,445,445,445],"floor_reached":16,"playtime":1256,"items_purged":[],"score":106,"play_id":"b9f1a610-c617-4e00-9e70-8e1582dfaad8","local_time":"20190323075907","is_ascension_mode":false,"campfire_choices":[{"floor":7,"key":"REST"},{"floor":15,"key":"REST"}],"neow_cost":"TEN_PERCENT_HP_LOSS","seed_source_timestamp":35257065151505,"circlet_count":0,"master_deck":["Strike_R","Strike_R","Strike_R","Strike_R","Strike_R","Defend_R","Defend_R","Defend_R","Defend_R","Bash","Shrug It Off","Iron Wave","Doubt","Thunderclap","Clash","Double Tap","Body Slam","Shrug It Off","Pommel Strike","Flame Barrier","Evolve"],"relics":["Burning Blood","Turnip","Anchor","Tiny Chest"],"potions_floor_usage":[6,6,16,16,16,16,16],"damage_taken":[{"damage":4,"enemies":"Small Slimes","floor":1,"turns":4},{"damage":13,"enemies":"Cultist","floor":2,"turns":5},{"damage":9,"enemies":"Jaw Worm","floor":4,"turns":7},{"damage":7,"enemies":"Looter","floor":5,"turns":4},{"damage":29,"enemies":"Lagavulin","floor":6,"turns":10},{"damage":11,"enemies":"Red Slaver","floor":8,"turns":4},{"damage":36,"enemies":"Gremlin Gang","floor":10,"turns":7},{"damage":16,"enemies":"Large Slime","floor":12,"turns":8},{"damage":9,"enemies":"Red Slaver","floor":13,"turns":6},{"damage":10,"enemies":"Exordium Thugs","floor":14,"turns":4},{"damage":62,"enemies":"The Guardian","floor":16,"turns":10}],"seed_played":"1615021324772218586","potions_obtained":[{"floor":1,"key":"BloodPotion"},{"floor":4,"key":"Strength Potion"},{"floor":8,"key":"Regen Potion"},{"floor":10,"key":"EntropicBrew"},{"floor":13,"key":"SmokeBomb"}],"is_trial":false,"path_per_floor":["M","M","?","M","M","E","R","M","T","M","?","M","M","M","R","B"],"character_chosen":"IRONCLAD","items_purchased":[],"campfire_rested":2,"item_purchase_floors":[],"current_hp_per_floor":[72,65,65,62,61,45,66,61,61,31,31,21,18,14,35,0],"gold":445,"neow_bonus":"ONE_RARE_RELIC","is_prod":false,"is_daily":false,"chose_seed":false,"campfire_upgraded":0,"win_rate":0.0,"timestamp":1553291947,"path_taken":["M","M","?","M","M","E","R","M","T","M","?","?","M","M","R","BOSS"],"build_version":"2019-01-23","purchased_purges":0,"victory":false,"max_hp_per_floor":[72,72,72,72,72,72,72,72,72,72,72,72,72,72,72,72],"card_choices":[{"not_picked":["Fire Breathing","Armaments"],"picked":"Shrug It Off","floor":1},{"not_picked":["Second Wind","Clothesline"],"picked":"Iron Wave","floor":2},{"not_picked":["Entrench","Heavy Blade"],"picked":"Thunderclap","floor":4},{"not_picked":["Body Slam","Sever Soul"],"picked":"Clash","floor":5},{"not_picked":["Thunderclap","Corruption"],"picked":"Double Tap","floor":6},{"not_picked":["Headbutt","Havoc"],"picked":"Body Slam","floor":8},{"not_picked":["Armaments","Sword Boomerang"],"picked":"Shrug It Off","floor":10},{"not_picked":["Flame Barrier","Thunderclap"],"picked":"Pommel Strike","floor":12},{"not_picked":["Rupture","Bloodletting"],"picked":"Flame Barrier","floor":13},{"not_picked":["Heavy Blade","Iron Wave"],"picked":"Evolve","floor":14}],"player_experience":71717,"relics_obtained":[{"floor":6,"key":"Anchor"},{"floor":9,"key":"Tiny Chest"}],"event_choices":[{"damage_healed":0,"gold_gain":175,"player_choice":"AGREE","damage_taken":0,"max_hp_gain":0,"max_hp_loss":0,"event_name":"Liars Game","floor":3,"gold_loss":0,"cards_obtained":["Doubt"]},{"damage_healed":0,"gold_gain":0,"player_choice":"Ignored","damage_taken":0,"max_hp_gain":0,"max_hp_loss":0,"event_name":"NoteForYourself","floor":11,"gold_loss":0}],"is_beta":false,"boss_relics":[],"items_purged_floors":[],"is_endless":false,"potions_floor_spawned":[1,4,8,10,13],"killed_by":"The Guardian","ascension_level":0}