{"gold_per_floor":[118,43,60,79,97,97,97,97,97,97],"floor_reached":10,"playtime":616,"items_purged":["Writhe"],"score":116,"play_id":"ea180b70-672b-4617-94dd-748b58c270ca","local_time":"20190506072154","is_ascension_mode":true,"campfire_choices":[{"data":"Neutralize","floor":6,"key":"SMITH"}],"neow_cost":"CURSE","seed_source_timestamp":1026193973962342,"circlet_count":0,"master_deck":["AscendersBane","Defend_G","Defend_G","Defend_G","Defend_G","Defend_G","Strike_G","Strike_G","Strike_G","Strike_G","Strike_G","Survivor","Neutralize+1","Dagger Spray","Blade Dance","Infinite Blades","Predator"],"relics":["Ring of the Snake","Dead Branch","Frozen Egg 2","Shuriken"],"potions_floor_usage":[4,10],"damage_taken":[{"damage":6,"enemies":"Jaw Worm","floor":1,"turns":6},{"damage":0,"enemies":"2 Louse","floor":3,"turns":3},{"damage":0,"enemies":"Cultist","floor":4,"turns":2},{"damage":22,"enemies":"3 Louse","floor":5,"turns":3},{"damage":24,"enemies":"Gremlin Nob","floor":10,"turns":3}],"seed_played":"1873246745069262398","potions_obtained":[{"floor":1,"key":"PowerPotion"},{"floor":3,"key":"Strength Potion"}],"is_trial":false,"path_per_floor":["M","$","M","M","M","R","?","?","T","E"],"character_chosen":"THE_SILENT","items_purchased":[],"campfire_rested":0,"item_purchase_floors":[],"current_hp_per_floor":[53,53,53,53,31,31,20,20,20,0],"gold":97,"neow_bonus":"ONE_RARE_RELIC","is_prod":false,"is_daily":false,"chose_seed":false,"campfire_upgraded":1,"win_rate":0,"timestamp":1557141714,"path_taken":["M","$","M","M","M","R","?","?","T","E"],"build_version":"2019-01-23","purchased_purges":1,"victory":false,"max_hp_per_floor":[66,66,66,66,66,66,66,66,66,66],"card_choices":[{"not_picked":["Crippling Poison","Dagger Throw"],"picked":"Dagger Spray","floor":1},{"not_picked":["PiercingWail","Dodge and Roll"],"picked":"Blade Dance","floor":3},{"not_picked":["Deadly Poison","PiercingWail"],"picked":"Infinite Blades","floor":4},{"not_picked":["Tactician","Expertise"],"picked":"Predator","floor":5}],"player_experience":1453884,"relics_obtained":[{"floor":9,"key":"Shuriken"}],"event_choices":[{"damage_healed":0,"gold_gain":0,"player_choice":"Success","damage_taken":11,"relics_obtained":["Frozen Egg 2"],"max_hp_gain":0,"max_hp_loss":0,"event_name":"Scrap Ooze","floor":7,"gold_loss":0},{"damage_healed":0,"gold_gain":0,"player_choice":"0 cards matched","damage_taken":0,"max_hp_gain":0,"max_hp_loss":0,"event_name":"Match and Keep!","floor":8,"gold_loss":0,"cards_obtained":[]},{"damage_healed":0,"gold_gain":0,"player_choice":"0 cards matched","damage_taken":0,"max_hp_gain":0,"max_hp_loss":0,"event_name":"Match and Keep!","floor":8,"gold_loss":0,"cards_obtained":[]}],"is_beta":false,"boss_relics":[],"items_purged_floors":[2],"is_endless":false,"potions_floor_spawned":[1,3],"killed_by":"Gremlin Nob","ascension_level":20}