{"gold_per_floor":[111,12,32,51,71,105,121,46,46,46,61,61,81,93,93,191,191,191,191,191,4,0,0,0,0,0,0,0],"floor_reached":28,"playtime":966,"items_purged":["Strike_G"],"score":276,"play_id":"6430cea3-51f0-477d-9f5e-aeda82e4bf4e","local_time":"20190422072429","is_ascension_mode":true,"campfire_choices":[{"floor":10,"key":"REST"},{"data":"Cloak And Dagger","floor":12,"key":"SMITH"},{"data":"Envenom","floor":15,"key":"SMITH"},{"floor":24,"key":"REST"},{"floor":27,"key":"REST"}],"neow_cost":"NONE","seed_source_timestamp":57563811148864,"circlet_count":0,"master_deck":["Defend_G","Defend_G","Defend_G","Defend_G","Defend_G","Strike_G","Strike_G","Strike_G","Strike_G","Survivor","Neutralize+1","Dagger Throw","Noxious Fumes","Dagger Spray","Caltrops","Dodge and Roll","Dagger Throw","Caltrops","PiercingWail","Cloak And Dagger+1","Poisoned Stab","Envenom+1","Accuracy+1","Backstab","Necronomicurse","Accuracy"],"relics":["Ring of the Snake","Singing Bowl","Mercury Hourglass","Ectoplasm","Necronomicon","Snake Skull","Juzu Bracelet","Tiny Chest"],"potions_floor_usage":[7,7,16,16,23],"damage_taken":[{"damage":2,"enemies":"Cultist","floor":1,"turns":4},{"damage":0,"enemies":"Jaw Worm","floor":3,"turns":4},{"damage":4,"enemies":"2 Louse","floor":4,"turns":3},{"damage":7,"enemies":"Looter","floor":5,"turns":3},{"damage":25,"enemies":"Lagavulin","floor":6,"turns":7},{"damage":13,"enemies":"Gremlin Gang","floor":7,"turns":2},{"damage":0,"enemies":"Lots of Slimes","floor":11,"turns":1},{"damage":0,"enemies":"2 Fungi Beasts","floor":13,"turns":3},{"damage":4,"enemies":"Blue Slaver","floor":14,"turns":3},{"damage":9,"enemies":"Hexaghost","floor":16,"turns":8},{"damage":30,"enemies":"Spheric Guardian","floor":18,"turns":4},{"damage":8,"enemies":"Shell Parasite","floor":19,"turns":6},{"damage":15,"enemies":"Gremlin Leader","floor":23,"turns":6},{"damage":25,"enemies":"Colosseum Slavers","floor":25,"turns":3},{"damage":34,"enemies":"Sentry and Sphere","floor":28,"turns":4}],"seed_played":"4300060364393499114","potions_obtained":[{"floor":4,"key":"Strength Potion"},{"floor":5,"key":"Explosive Potion"},{"floor":6,"key":"Regen Potion"},{"floor":11,"key":"Weak Potion"},{"floor":19,"key":"Explosive Potion"}],"is_trial":false,"path_per_floor":["M","$","M","M","M","E","M","$","T","R","M","R","M","M","R","B",null,"M","M","?","$","?","E","R","?","T","R","M"],"character_chosen":"THE_SILENT","items_purchased":["Noxious Fumes","Dagger Spray","Snake Skull","Accuracy"],"campfire_rested":3,"item_purchase_floors":[2,2,21,21],"current_hp_per_floor":[68,68,68,64,57,32,28,28,28,49,49,49,49,45,45,38,72,42,34,18,18,18,5,27,2,2,24,0],"gold":0,"neow_bonus":"UPGRADE_CARD","is_prod":false,"is_daily":false,"chose_seed":false,"campfire_upgraded":2,"win_rate":0,"timestamp":1555881869,"path_taken":["M","?","?","M","M","E","M","$","T","R","M","R","M","M","R","BOSS","M","M","?","$","?","E","R","?","T","R","M"],"build_version":"2019-01-23","purchased_purges":1,"victory":false,"max_hp_per_floor":[70,70,70,70,70,70,70,70,70,70,70,70,70,70,70,72,72,72,72,72,72,72,74,74,74,74,74,74],"card_choices":[{"not_picked":["Predator","Accuracy"],"picked":"Dagger Throw","floor":1},{"not_picked":["Blade Dance","Dagger Spray"],"picked":"Caltrops","floor":3},{"not_picked":["Quick Slash","Blade Dance"],"picked":"Dodge and Roll","floor":4},{"not_picked":["Sucker Punch","Quick Slash"],"picked":"Dagger Throw","floor":5},{"not_picked":["PiercingWail","Skewer"],"picked":"Caltrops","floor":6},{"not_picked":["Dagger Spray","Dash"],"picked":"PiercingWail","floor":7},{"not_picked":["Deflect","Masterful Stab"],"picked":"Cloak And Dagger","floor":11},{"not_picked":["Endless Agony","Accuracy"],"picked":"Poisoned Stab","floor":13},{"not_picked":["Blade Dance","Cloak And Dagger"],"picked":"Envenom","floor":14},{"not_picked":["Doppelganger","Grand Finale","Glass Knife"],"picked":"Singing Bowl","floor":16},{"not_picked":["Outmaneuver","Poisoned Stab"],"picked":"Accuracy+1","floor":18},{"not_picked":["Acrobatics","Deadly Poison"],"picked":"Backstab","floor":19},{"not_picked":["Venomology","Outmaneuver","Crippling Poison"],"picked":"Singing Bowl","floor":23}],"player_experience":435074,"relics_obtained":[{"floor":6,"key":"Singing Bowl"},{"floor":9,"key":"Mercury Hourglass"},{"floor":20,"key":"Necronomicon"},{"floor":23,"key":"Juzu Bracelet"},{"floor":26,"key":"Tiny Chest"}],"event_choices":[{"damage_healed":0,"gold_gain":0,"player_choice":"Obtained Book","damage_taken":16,"max_hp_gain":0,"max_hp_loss":0,"event_name":"Cursed Tome","floor":20,"gold_loss":0},{"damage_healed":0,"gold_gain":0,"player_choice":"Paid Fearfully","damage_taken":0,"max_hp_gain":0,"max_hp_loss":0,"event_name":"Masked Bandits","floor":22,"gold_loss":4},{"damage_healed":0,"gold_gain":0,"player_choice":"Fight","damage_taken":0,"max_hp_gain":0,"max_hp_loss":0,"event_name":"Colosseum","floor":25,"gold_loss":0},{"damage_healed":0,"gold_gain":0,"player_choice":"Fled From Nobs","damage_taken":0,"max_hp_gain":0,"max_hp_loss":0,"event_name":"Colosseum","floor":25,"gold_loss":0}],"is_beta":false,"boss_relics":[{"not_picked":["Busted Crown","Fusion Hammer"],"picked":"Ectoplasm"}],"items_purged_floors":[8],"is_endless":false,"potions_floor_spawned":[4,5,6,11,19,25],"killed_by":"Sentry and Sphere","ascension_level":3}