{"gold_per_floor":[110,124,144,161,161,197,217,217,243,268,302,302,302,315,315,444,444,460,474,474,490,87,87],"floor_reached":23,"playtime":918,"items_purged":["Strike_B"],"score":236,"play_id":"73d9789b-a45c-41b2-bd42-f6c68e723225","local_time":"20190430143237","is_ascension_mode":true,"campfire_choices":[{"floor":8,"key":"REST"},{"data":"Static Discharge","floor":12,"key":"SMITH"},{"data":"Zap","floor":15,"key":"SMITH"}],"neow_cost":"NONE","seed_source_timestamp":23634649012683,"circlet_count":0,"master_deck":["Strike_B","Strike_B","Strike_B","Defend_B","Defend_B","Defend_B","Defend_B","Zap+1","Dualcast","Turbo","Self Repair","Leap","Conserve Battery","Auto Shields","Static Discharge+1","Sunder","Core Surge","BootSequence","Biased Cognition","Chill","Go for the Eyes+1","Chaos","Storm"],"relics":["Cracked Core","NeowsBlessing","Golden Idol","Juzu Bracelet","Smiling Mask","Boot","Runic Pyramid","Nilry\u0027s Codex","Prayer Wheel"],"potions_floor_usage":[11,21,23,23],"damage_taken":[{"damage":0,"enemies":"Small Slimes","floor":1,"turns":1},{"damage":0,"enemies":"Jaw Worm","floor":2,"turns":1},{"damage":0,"enemies":"Cultist","floor":3,"turns":1},{"damage":15,"enemies":"Large Slime","floor":4,"turns":8},{"damage":51,"enemies":"Gremlin Nob","floor":6,"turns":5},{"damage":12,"enemies":"Lots of Slimes","floor":7,"turns":6},{"damage":8,"enemies":"Looter","floor":10,"turns":5},{"damage":8,"enemies":"Lagavulin","floor":11,"turns":5},{"damage":10,"enemies":"3 Louse","floor":14,"turns":2},{"damage":32,"enemies":"Hexaghost","floor":16,"turns":9},{"damage":1,"enemies":"Chosen","floor":18,"turns":4},{"damage":18,"enemies":"2 Thieves","floor":19,"turns":3},{"damage":42,"enemies":"Chosen and Byrds","floor":21,"turns":9},{"damage":17,"enemies":"Slavers","floor":23,"turns":2}],"seed_played":"-4238964543807969189","potions_obtained":[{"floor":7,"key":"Block Potion"},{"floor":10,"key":"AttackPotion"},{"floor":11,"key":"Fruit Juice"},{"floor":14,"key":"Energy Potion"}],"is_trial":false,"path_per_floor":["M","M","M","M","?","E","M","R","T","M","E","R","?","M","R","B",null,"M","M","?","M","$","E"],"character_chosen":"DEFECT","items_purchased":["Prayer Wheel","Storm"],"campfire_rested":1,"item_purchase_floors":[22,22],"current_hp_per_floor":[75,75,75,67,67,23,18,38,38,37,41,41,65,55,55,30,74,74,63,47,12,12,0],"gold":87,"neow_bonus":"THREE_ENEMY_KILL","is_prod":false,"is_daily":false,"chose_seed":false,"campfire_upgraded":2,"win_rate":0,"timestamp":1556598757,"path_taken":["M","M","M","M","?","E","M","R","T","M","E","R","?","M","R","BOSS","M","M","?","M","$","E"],"build_version":"2019-01-23","purchased_purges":1,"victory":false,"max_hp_per_floor":[75,75,75,75,69,69,69,69,69,69,74,74,74,74,74,74,74,74,74,74,74,74,74],"card_choices":[{"not_picked":["Stack","Compile Driver"],"picked":"Turbo","floor":1},{"not_picked":["Rebound","Leap"],"picked":"Self Repair","floor":2},{"not_picked":["Steam","Compile Driver"],"picked":"Leap","floor":3},{"not_picked":["Coolheaded","Go for the Eyes"],"picked":"Conserve Battery","floor":4},{"not_picked":["Steam","Barrage"],"picked":"Auto Shields","floor":6},{"not_picked":["Conserve Battery","Sunder"],"picked":"Static Discharge","floor":7},{"not_picked":["Beam Cell","Sweeping Beam"],"picked":"Sunder","floor":10},{"not_picked":["Steam","Barrage"],"picked":"Core Surge","floor":11},{"not_picked":["Steam","Ball Lightning"],"picked":"BootSequence","floor":14},{"not_picked":["Machine Learning","Fission"],"picked":"Biased Cognition","floor":16},{"not_picked":["Rebound","Steam+1"],"picked":"Chill","floor":18},{"not_picked":["Coolheaded","Double Energy"],"picked":"Go for the Eyes+1","floor":19},{"not_picked":["Chill","Auto Shields"],"picked":"Chaos","floor":21}],"player_experience":526406,"relics_obtained":[{"floor":6,"key":"Juzu Bracelet"},{"floor":9,"key":"Smiling Mask"},{"floor":11,"key":"Boot"},{"floor":20,"key":"Nilry\u0027s Codex"}],"event_choices":[{"damage_healed":0,"gold_gain":0,"player_choice":"Lose Max HP","damage_taken":0,"relics_obtained":["Golden Idol"],"max_hp_gain":0,"max_hp_loss":6,"event_name":"Golden Idol","floor":5,"gold_loss":0},{"damage_healed":24,"gold_gain":0,"player_choice":"Banana","damage_taken":0,"max_hp_gain":0,"max_hp_loss":0,"event_name":"Big Fish","floor":13,"gold_loss":0},{"damage_healed":0,"gold_gain":0,"player_choice":"Obtained Book","damage_taken":16,"max_hp_gain":0,"max_hp_loss":0,"event_name":"Cursed Tome","floor":20,"gold_loss":0}],"is_beta":false,"boss_relics":[{"not_picked":["Pandora\u0027s Box","FrozenCore"],"picked":"Runic Pyramid"}],"items_purged_floors":[22],"is_endless":false,"potions_floor_spawned":[7,10,11,14,19],"killed_by":"Slavers","ascension_level":3}