{"path_per_floor":["M","M","M","M","?","E","M","R","T","?","M","$","M","?","R","B",null,"M","?","M","$","M","T","?","E","T","?","R","M","E","M","R","B",null,"M","M","$","M","$","E","M","R","T","?","E","M","?","M","R","B"],"character_chosen":"THE_SILENT","items_purchased":["War Paint","Infinite Blades","Cloak And Dagger","Endless Agony","Kunai","Prepared"],"gold_per_floor":[144,156,174,189,264,294,309,309,309,309,329,23,36,36,36,138,138,158,158,172,24,40,64,64,97,178,178,178,194,223,238,238,335,335,348,362,307,317,84,119,129,129,129,0,30,47,92,103,103,103],"floor_reached":51,"campfire_rested":5,"playtime":4836,"current_hp_per_floor":[70,65,65,63,52,33,1,23,23,23,23,23,23,23,45,24,75,63,63,62,62,50,50,50,23,23,9,33,12,15,19,43,66,80,75,57,57,55,55,59,63,80,80,80,76,76,66,70,70,50],"items_purged":["Defend_G","Strike_G"],"gold":103,"score":851,"play_id":"6d66e2e5-e53c-43cc-959f-0d0d55a15f11","local_time":"20180327043742","is_prod":false,"is_daily":false,"is_ascension_mode":true,"campfire_upgraded":1,"timestamp":1522139862,"path_taken":["M","M","M","M","?","E","?","R","T","?","M","$","M","?","R","BOSS","M","?","?","$","M","?","?","E","T","?","R","M","E","M","R","BOSS","M","M","?","M","$","E","?","R","T","?","E","M","?","M","R","BOSS"],"build_version":"2018-03-22v2","purchased_purges":3,"victory":true,"master_deck":["Defend_G","Defend_G","Defend_G","Defend_G","Strike_G","Strike_G+1","Strike_G","Survivor+1","Neutralize","Catalyst","Acrobatics+1","Backstab","Accuracy+1","Blur","Adrenaline","Infinite Blades","Skewer","Concentrate","Infinite Blades","Cloak And Dagger","Adrenaline","Outmaneuver+1","After Image","Bandage Up","Backstab+1","Cloak And Dagger","Cloak And Dagger","Quick Slash","Leg Sweep","Accuracy+1","Adrenaline","Reflex","Malaise","Endless Agony","Underhanded Strike+1","Prepared","Leg Sweep+1","Acrobatics+1","Blur+1","Blade Dance+1","Dagger Spray+1"],"max_hp_per_floor":[75,75,75,75,75,75,75,75,75,75,75,75,75,75,75,75,75,75,75,75,75,75,75,75,75,75,80,80,80,80,80,80,80,80,80,80,80,80,80,80,80,80,80,80,80,80,80,80,80,80],"relics":["Tiny House","Anchor","Dead Branch","War Paint","Runic Dome","Bronze Scales","The Courier","Pantograph","Art of War","Philosopher\u0027s Stone","Kunai","Dodecahedron","Toolbox","Red Mask","Regal Pillow","Peace Pipe"],"card_choices":[{"not_picked":["Calculated Gamble","Dodge and Roll"],"picked":"Catalyst","floor":0},{"not_picked":["Deflect","Underhanded Strike"],"picked":"Acrobatics","floor":1},{"not_picked":["Phantasmal Killer","Sucker Punch"],"picked":"Backstab","floor":2},{"not_picked":["Eviscerate","Underhanded Strike"],"picked":"Accuracy","floor":3},{"not_picked":["Dagger Spray","Quick Slash"],"picked":"Blur","floor":4},{"not_picked":["Dodge and Roll","Masterful Stab"],"picked":"Adrenaline","floor":6},{"not_picked":["Outmaneuver","Dagger Spray"],"picked":"Infinite Blades","floor":7},{"not_picked":["Bane","Dagger Throw"],"picked":"Concentrate","floor":11},{"not_picked":["Dodge and Roll","Distraction"],"picked":"Cloak And Dagger","floor":13},{"not_picked":["Grand Finale","Unload"],"picked":"Adrenaline","floor":16},{"not_picked":["Dagger Throw","Poisoned Stab"],"picked":"Outmaneuver","floor":18},{"not_picked":["Deflect","Terror"],"picked":"Backstab","floor":20},{"not_picked":["Deflect","Poisoned Stab"],"picked":"Cloak And Dagger","floor":22},{"not_picked":["Poisoned Stab","Predator"],"picked":"Quick Slash","floor":25},{"not_picked":["Storm of Steel","Sucker Punch"],"picked":"Leg Sweep","floor":29},{"not_picked":["Infinite Blades","Backstab"],"picked":"Accuracy","floor":31},{"not_picked":["A Thousand Cuts","Corpse Explosion"],"picked":"Adrenaline","floor":33},{"not_picked":["Underhanded Strike","Acrobatics"],"picked":"Reflex","floor":35},{"not_picked":["Acrobatics","Slice"],"picked":"Malaise","floor":36},{"not_picked":["Dagger Throw","Outmaneuver"],"picked":"Underhanded Strike","floor":38},{"not_picked":["Night Terror","PiercingWail"],"picked":"Leg Sweep","floor":40},{"not_picked":["Dagger Throw","Flechettes"],"picked":"Acrobatics","floor":45},{"not_picked":["Deadly Poison","Crippling Poison"],"picked":"Blur","floor":46},{"not_picked":["Acrobatics","Flying Knee"],"picked":"Blade Dance","floor":47},{"not_picked":["Dodge and Roll","Reflex"],"picked":"Dagger Spray","floor":48}],"player_experience":120081,"potions_floor_usage":[6,7,11,16,25,25,29,31,33,36,36,38,38,40,41,47,50,50],"damage_taken":[{"damage":5,"enemies":"2 Louse","floor":1,"turns":3},{"damage":5,"enemies":"Jaw Worm","floor":2,"turns":5},{"damage":0,"enemies":"Cultist","floor":3,"turns":3},{"damage":2,"enemies":"Blue Slaver","floor":4,"turns":4},{"damage":19,"enemies":"Gremlin Nob","floor":6,"turns":5},{"damage":32,"enemies":"Exordium Thugs","floor":7,"turns":10},{"damage":0,"enemies":"2 Fungi Beasts","floor":11,"turns":2},{"damage":0,"enemies":"Blue Slaver","floor":13,"turns":2},{"damage":21,"enemies":"Hexaghost","floor":16,"turns":8},{"damage":12,"enemies":"2 Thieves","floor":18,"turns":4},{"damage":5,"enemies":"3 Byrds","floor":20,"turns":5},{"damage":12,"enemies":"Snecko","floor":22,"turns":6},{"damage":31,"enemies":"Gremlin Leader","floor":25,"turns":4},{"damage":25,"enemies":"Slaver and Parasite","floor":29,"turns":5},{"damage":1,"enemies":"Book of Stabbing","floor":30,"turns":5},{"damage":0,"enemies":"Centurion and Healer","floor":31,"turns":4},{"damage":6,"enemies":"Automaton","floor":33,"turns":8},{"damage":9,"enemies":"3 Shapes","floor":35,"turns":3},{"damage":34,"enemies":"3 Darklings","floor":36,"turns":5},{"damage":18,"enemies":"4 Shapes","floor":38,"turns":6},{"damage":0,"enemies":"Giant Head","floor":40,"turns":5},{"damage":0,"enemies":"Maw","floor":41,"turns":6},{"damage":8,"enemies":"2 Orb Walkers","floor":45,"turns":4},{"damage":4,"enemies":"3 Darklings","floor":46,"turns":5},{"damage":14,"enemies":"Mysterious Sphere","floor":47,"turns":5},{"damage":0,"enemies":"Sphere and 2 Shapes","floor":48,"turns":4},{"damage":34,"enemies":"Awakened One","floor":50,"turns":10}],"event_choices":[{"event_name":"World of Goop","player_choice":"Gather Gold","floor":5,"damage_taken":0},{"event_name":"Living Wall","player_choice":"Change","floor":10,"damage_taken":0},{"event_name":"Shining Light","player_choice":"Ignored","floor":14,"damage_taken":0},{"event_name":"Match and Keep!","player_choice":"2 cards matched","floor":19,"damage_taken":0},{"event_name":"Vampires","player_choice":"Ignored","floor":24,"damage_taken":0},{"event_name":"Forgotten Altar","player_choice":"Shed Blood","floor":27,"damage_taken":0},{"event_name":"Tomb of Lord Red Mask","player_choice":"Paid","floor":44,"damage_taken":0},{"event_name":"Mysterious Sphere","player_choice":"Fight","floor":47,"damage_taken":0}],"boss_relics":[{"not_picked":["Pandora\u0027s Box","Snecko Eye"],"picked":"Runic Dome"},{"not_picked":["The Specimen","Lizard Tail"],"picked":"Philosopher\u0027s Stone"}],"potions_floor_spawned":[1,6,7,16,22,25,30,31,33,35,36,40,46],"seed_played":"1468915728675248125","ascension_level":2,"is_trial":false}