{"gold_per_floor":[114,189,206,218,33,33,65,83,83,83,101,119,144,157,157,255,255,266,266,75,95,114,114,144,144,198,198,215,124,141,158,158,158],"floor_reached":33,"playtime":2020,"items_purged":[],"score":295,"play_id":"08b4938c-a15f-4cf7-82cb-0c32198ad80f","local_time":"20190501151810","is_ascension_mode":true,"campfire_choices":[{"data":"Noxious Fumes","floor":6.0,"key":"SMITH"},{"floor":15.0,"key":"REST"},{"floor":23.0,"key":"REST"},{"floor":27.0,"key":"REST"},{"floor":32.0,"key":"REST"}],"neow_cost":"NONE","seed_source_timestamp":0,"circlet_count":0,"master_deck":["Defend_G","Defend_G","Defend_G","Defend_G","Defend_G","Strike_G","Strike_G","Strike_G","Survivor","Neutralize+1","Noxious Fumes+1","Deadly Poison","Deadly Poison","Well Laid Plans","Backflip","Cloak And Dagger","Dagger Spray","Poisoned Stab","Blur","Sucker Punch","A Thousand Cuts","Bouncing Flask","Tactician","Neutralize+1","Poisoned Stab","Blur+1","Dagger Spray+1","Tactician+1","Prepared","Dagger Throw","Bane","Cloak And Dagger"],"special_seed":0,"relics":["Ring of the Serpent","Anchor","Shovel","Mango","Matryoshka","DollysMirror","Paper Crane","Gremlin Horn"],"potions_floor_usage":[],"damage_taken":[{"damage":0.0,"enemies":"Jaw Worm","floor":1.0,"turns":5.0},{"damage":0.0,"enemies":"Small Slimes","floor":3.0,"turns":4.0},{"damage":0.0,"enemies":"2 Louse","floor":4.0,"turns":3.0},{"damage":16.0,"enemies":"3 Sentries","floor":7.0,"turns":7.0},{"damage":3.0,"enemies":"Red Slaver","floor":8.0,"turns":4.0},{"damage":0.0,"enemies":"Blue Slaver","floor":11.0,"turns":4.0},{"damage":0.0,"enemies":"Lots of Slimes","floor":12.0,"turns":2.0},{"damage":10.0,"enemies":"Gremlin Nob","floor":13.0,"turns":4.0},{"damage":6.0,"enemies":"Exordium Wildlife","floor":14.0,"turns":4.0},{"damage":12.0,"enemies":"Hexaghost","floor":16.0,"turns":9.0},{"damage":18.0,"enemies":"2 Thieves","floor":18.0,"turns":5.0},{"damage":11.0,"enemies":"3 Byrds","floor":21.0,"turns":5.0},{"damage":11.0,"enemies":"Snake Plant","floor":22.0,"turns":4.0},{"damage":13.0,"enemies":"Gremlin Leader","floor":24.0,"turns":8.0},{"damage":31.0,"enemies":"Sentry and Sphere","floor":28.0,"turns":6.0},{"damage":17.0,"enemies":"3 Cultists","floor":30.0,"turns":5.0},{"damage":0.0,"enemies":"Cultist and Chosen","floor":31.0,"turns":5.0},{"damage":50,"enemies":"Automaton","floor":33,"turns":10}],"seed_played":"-2657223792374619173","potions_obtained":[{"floor":1.0,"key":"GamblersBrew"},{"floor":4.0,"key":"Weak Potion"},{"floor":8.0,"key":"Energy Potion"},{"floor":11.0,"key":"Ancient Potion"},{"floor":21.0,"key":"Dexterity Potion"},{"floor":22.0,"key":"Fire Potion"}],"is_trial":false,"path_per_floor":["M","?","M","M","$","R","E","M","T","?","M","M","E","M","R","B",null,"M","?","$","M","M","R","E","?","T","R","M","$","M","M","R","B"],"character_chosen":"THE_SILENT","items_purchased":["Well Laid Plans","Anchor","DollysMirror","Prepared","Dagger Throw"],"campfire_rested":4,"item_purchase_floors":[5,5,20,29,29],"current_hp_per_floor":[70,59,59,59,59,59,43,40,54,47,47,47,37,31,56,44,84,66,66,66,55,44,69,56,48,48,73,42,42,25,25,50,0],"gold":158,"neow_bonus":"UPGRADE_CARD","is_prod":false,"is_daily":false,"chose_seed":false,"campfire_upgraded":1,"win_rate":0,"timestamp":1556687890,"path_taken":["M","?","M","M","$","R","E","M","T","?","M","M","E","M","R","BOSS","M","?","$","M","?","R","E","?","T","R","M","$","?","M","R","BOSS"],"build_version":"2019-01-23","purchased_purges":0,"victory":false,"max_hp_per_floor":[70,70,70,70,70,70,70,70,84,84,84,84,84,84,84,84,84,84,84,84,84,84,84,84,84,84,84,84,84,84,84,84,84],"card_choices":[{"not_picked":["Dodge and Roll","Deflect"],"picked":"Noxious Fumes","floor":1.0},{"not_picked":["Concentrate","Dagger Spray"],"picked":"Deadly Poison","floor":3.0},{"not_picked":["Acrobatics","Flying Knee"],"picked":"Deadly Poison","floor":4.0},{"not_picked":["Choke","Flying Knee"],"picked":"Backflip","floor":7.0},{"not_picked":["Choke","Deadly Poison"],"picked":"Cloak And Dagger","floor":8.0},{"not_picked":["Noxious Fumes","Deadly Poison"],"picked":"Dagger Spray","floor":11.0},{"not_picked":["Slice","Noxious Fumes"],"picked":"Poisoned Stab","floor":12.0},{"not_picked":["Dagger Spray","Deflect"],"picked":"Blur","floor":13.0},{"not_picked":["Flechettes","Slice"],"picked":"Sucker Punch","floor":14.0},{"not_picked":["Malaise","Doppelganger"],"picked":"A Thousand Cuts","floor":16.0},{"not_picked":["Calculated Gamble","Dagger Throw"],"picked":"Bouncing Flask","floor":18.0},{"not_picked":["Underhanded Strike","Deadly Poison"],"picked":"Poisoned Stab","floor":21.0},{"not_picked":["Flying Knee","Eviscerate"],"picked":"Blur+1","floor":22.0},{"not_picked":["Slice+1","Masterful Stab"],"picked":"Dagger Spray+1","floor":24.0},{"not_picked":["Flechettes","Prepared"],"picked":"Tactician+1","floor":28.0},{"not_picked":["Slice+1","PiercingWail"],"picked":"Bane","floor":30.0},{"not_picked":["Dagger Throw","Sucker Punch"],"picked":"Cloak And Dagger","floor":31.0}],"player_experience":555354,"relics_obtained":[{"floor":7.0,"key":"Shovel"},{"floor":9.0,"key":"Mango"},{"floor":13.0,"key":"Matryoshka"},{"floor":24.0,"key":"Paper Crane"},{"floor":26.0,"key":"Gremlin Horn"}],"event_choices":[{"damage_healed":0.0,"max_hp_gain":0.0,"max_hp_loss":0.0,"gold_gain":75.0,"event_name":"World of Goop","player_choice":"Gather Gold","floor":2.0,"gold_loss":0.0,"damage_taken":11.0},{"cards_removed":["Strike_G"],"damage_healed":0.0,"max_hp_gain":0.0,"max_hp_loss":0.0,"gold_gain":0.0,"event_name":"Golden Wing","player_choice":"Card Removal","floor":10.0,"gold_loss":0.0,"damage_taken":7.0},{"damage_healed":0.0,"max_hp_gain":0.0,"max_hp_loss":0.0,"gold_gain":0.0,"cards_transformed":["Strike_G"],"event_name":"Transmorgrifier","player_choice":"Transformed","floor":19.0,"gold_loss":0.0,"damage_taken":0.0,"cards_obtained":["Tactician"]},{"damage_healed":0.0,"max_hp_gain":0.0,"max_hp_loss":0.0,"gold_gain":0.0,"event_name":"Knowing Skull","player_choice":"","floor":25.0,"potions_obtained":[],"gold_loss":0.0,"damage_taken":8.0,"cards_obtained":[]}],"is_beta":false,"boss_relics":[{"not_picked":["Velvet Choker","Sozu"],"picked":"Ring of the Serpent"}],"items_purged_floors":[],"is_endless":false,"potions_floor_spawned":[1,4,8,11,14,21,22],"killed_by":"Automaton","ascension_level":1}