{"path_per_floor":["M","M","?","$","M","E","R","E","T","?","M","$","?","M","R","B",null,"M","M","?","T","?"],"character_chosen":"THE_SILENT","items_purchased":["Poisoned Stab","Adrenaline"],"gold_per_floor":[111,125,125,71,84,109,109,134,187,212,226,6,6,18,18,118,118,102,117,117,117,117,117],"floor_reached":23,"campfire_rested":2,"playtime":1688,"current_hp_per_floor":[68,61,54,54,53,34,55,43,43,41,41,41,41,41,62,59,70,61,52,36,36,36,0],"items_purged":["Defend_G"],"gold":117,"score":219,"play_id":"8f7e98c1-85c3-4f88-a9ec-15efd7fc20ea","local_time":"20180327021821","is_prod":false,"is_daily":false,"is_ascension_mode":true,"campfire_upgraded":0,"timestamp":1522131501,"path_taken":["M","M","?","$","M","E","R","E","T","?","M","$","?","M","R","BOSS","M","M","?","?","?","E"],"build_version":"2018-03-22v2","purchased_purges":1,"victory":false,"master_deck":["Defend_G","Defend_G","Defend_G","Strike_G","Strike_G","Strike_G","Strike_G","Strike_G","Survivor","Neutralize","Deadly Poison","Well Laid Plans","Poisoned Stab","Catalyst","Bane","Backflip","Bane","Blur","Adrenaline","Catalyst","Acrobatics","PiercingWail+1","Trip","Writhe"],"max_hp_per_floor":[70,70,70,70,70,70,70,70,70,70,70,70,70,70,70,70,70,70,70,70,70,70,70],"relics":["White Beast Statue","Sundial","Ornamental Fan","Anchor","Odd Mushroom","Black Star","Bag of Preparation","Dream Catcher"],"card_choices":[{"not_picked":["Setup","Sucker Punch"],"picked":"Deadly Poison","floor":1},{"not_picked":["Unload","All Out Attack"],"picked":"Well Laid Plans","floor":2},{"not_picked":["Dagger Throw","Deflect"],"picked":"Catalyst","floor":5},{"not_picked":["Heel Hook","Underhanded Strike"],"picked":"Bane","floor":6},{"not_picked":["Choke","Eviscerate"],"picked":"Backflip","floor":8},{"not_picked":["Sucker Punch","Blade Dance"],"picked":"Bane","floor":10},{"not_picked":["Dodge and Roll","Underhanded Strike"],"picked":"Blur","floor":11},{"not_picked":["Blade Dance","Dagger Spray"],"picked":"Catalyst","floor":14},{"not_picked":["Dash","Terror"],"picked":"Acrobatics","floor":18},{"not_picked":["Dodge and Roll","Outmaneuver"],"picked":"PiercingWail","floor":19}],"player_experience":114941,"potions_floor_usage":[5,8,8,10,11,14,16,16,16,19,19,23],"damage_taken":[{"damage":2,"enemies":"Small Slimes","floor":1,"turns":6},{"damage":7,"enemies":"Jaw Worm","floor":2,"turns":5},{"damage":7,"enemies":"2 Louse","floor":5,"turns":4},{"damage":19,"enemies":"3 Sentries","floor":6,"turns":10},{"damage":12,"enemies":"Lagavulin","floor":8,"turns":6},{"damage":17,"enemies":"The Mushroom Lair","floor":10,"turns":6},{"damage":0,"enemies":"Large Slime","floor":11,"turns":5},{"damage":0,"enemies":"Blue Slaver","floor":14,"turns":2},{"damage":3,"enemies":"Hexaghost","floor":16,"turns":8},{"damage":9,"enemies":"2 Thieves","floor":18,"turns":4},{"damage":9,"enemies":"Spheric Guardian","floor":19,"turns":7},{"damage":37,"enemies":"Gremlin Leader","floor":23,"turns":6}],"event_choices":[{"event_name":"Golden Wing","player_choice":"Card Removal","floor":3,"damage_taken":0},{"event_name":"Mushrooms","player_choice":"Fought Mushrooms","floor":10,"damage_taken":0},{"event_name":"The Lab","player_choice":"Got Potions","floor":13,"damage_taken":0},{"event_name":"Knowing Skull","player_choice":"CARD ","floor":20,"damage_taken":0},{"event_name":"The Mausoleum","player_choice":"Yes","floor":22,"damage_taken":0}],"boss_relics":[{"not_picked":["Tiny House","Philosopher\u0027s Stone"],"picked":"Black Star"}],"potions_floor_spawned":[1,2,5,6,8,10,11,14,16,18,19],"seed_played":"1441182672242641492","killed_by":"Gremlin Leader","ascension_level":2,"is_trial":false}