{"gold_per_floor":[118,19,194,213,213,213,246,261,261,289,302,302,302,335,335,463,463,482,19,42,67,92,92,133,148,173,173,173,173,173,187,187,311,311,336,461,461,174,174,174,209,209,509,532,48,62,100,124,124,124],"floor_reached":51,"playtime":3801,"items_purged":["Injury","Doubt"],"score":890,"play_id":"ba83255f-f663-47c4-81f8-b5e13dc07de7","local_time":"20190421201632","is_ascension_mode":true,"campfire_choices":[{"data":"Armaments","floor":6,"key":"SMITH"},{"data":"Armaments","floor":12,"key":"SMITH"},{"data":"Metallicize","floor":15,"key":"SMITH"},{"data":"Bash","floor":23,"key":"SMITH"},{"data":"Reaper","floor":27,"key":"SMITH"},{"floor":29,"key":"REST"},{"data":"Flame Barrier","floor":32,"key":"SMITH"},{"data":"Intimidate","floor":40,"key":"SMITH"},{"floor":42,"key":"REST"},{"data":"Demon Form","floor":49,"key":"SMITH"}],"neow_cost":"NONE","seed_source_timestamp":14640010997366,"circlet_count":0,"master_deck":["Strike_R+1","Strike_R+1","Strike_R","Defend_R","Defend_R","Defend_R","Defend_R","Bash+1","Armaments+1","Infernal Blade","Iron Wave","Twin Strike","Impervious","Metallicize+1","Armaments+1","Cleave","Iron Wave","Reaper+1","Headbutt+1","Exhume","Wild Strike+1","Feel No Pain","Flame Barrier+1","Warcry","Intimidate+1","Carnage","Flex+1","Demon Form+1","Armaments+1","Sentinel+1","Warcry","Panache","Flash of Steel","Bash","Armaments+1","Burning Pact+1","Injury","Entrench+1","Secret Weapon","Uppercut+1","Reaper","Metallicize+1"],"relics":["Burning Blood","NeowsBlessing","Dead Branch","Charon\u0027s Ashes","Whetstone","Golden Idol","Dream Catcher","Cursed Key","Thread and Needle","Orichalcum","Bag of Marbles","Black Star","Mango","Shuriken","Letter Opener","Old Coin","Ice Cream","Pear","PreservedInsect"],"potions_floor_usage":[10,14,16,16,21,24,33,47,50,50],"damage_taken":[{"damage":0,"enemies":"Jaw Worm","floor":1,"turns":1},{"damage":0,"enemies":"Small Slimes","floor":4,"turns":1},{"damage":0,"enemies":"Lagavulin","floor":7,"turns":1},{"damage":0,"enemies":"Cultist","floor":8,"turns":3},{"damage":1,"enemies":"3 Sentries","floor":10,"turns":7},{"damage":11,"enemies":"Looter","floor":11,"turns":2},{"damage":21,"enemies":"Lagavulin","floor":14,"turns":9},{"damage":9,"enemies":"The Guardian","floor":16,"turns":15},{"damage":16,"enemies":"2 Thieves","floor":18,"turns":4},{"damage":18,"enemies":"Spheric Guardian","floor":20,"turns":4},{"damage":15,"enemies":"Centurion and Healer","floor":21,"turns":7},{"damage":0,"enemies":"Chosen and Byrds","floor":22,"turns":6},{"damage":14,"enemies":"Gremlin Leader","floor":24,"turns":9},{"damage":39,"enemies":"3 Cultists","floor":25,"turns":6},{"damage":1,"enemies":"Centurion and Healer","floor":31,"turns":6},{"damage":70,"enemies":"Collector","floor":33,"turns":18},{"damage":4,"enemies":"Orb Walker","floor":35,"turns":5},{"damage":6,"enemies":"Mind Bloom Boss Battle","floor":36,"turns":9},{"damage":80,"enemies":"Giant Head","floor":41,"turns":10},{"damage":5,"enemies":"3 Darklings","floor":44,"turns":5},{"damage":50,"enemies":"Jaw Worm Horde","floor":46,"turns":6},{"damage":19,"enemies":"Reptomancer","floor":47,"turns":5},{"damage":17,"enemies":"Sphere and 2 Shapes","floor":48,"turns":5},{"damage":90,"enemies":"Donu and Deca","floor":50,"turns":10}],"seed_played":"7488550311292267385","potions_obtained":[{"floor":4,"key":"AttackPotion"},{"floor":7,"key":"Poison Potion"},{"floor":8,"key":"Dexterity Potion"},{"floor":14,"key":"Swift Potion"},{"floor":18,"key":"FearPotion"},{"floor":22,"key":"GamblersBrew"},{"floor":31,"key":"EssenceOfSteel"},{"floor":46,"key":"Dexterity Potion"},{"floor":47,"key":"LiquidBronze"},{"floor":48,"key":"Swift Potion"}],"is_trial":false,"path_per_floor":["M","$","?","M","?","R","E","M","T","E","M","R","?","E","R","B",null,"M","$","M","M","M","R","E","M","T","R","?","R","?","M","R","B",null,"M","?","?","$","?","R","E","R","T","M","$","M","E","M","R","B",null],"character_chosen":"IRONCLAD","items_purchased":["Infernal Blade","Iron Wave","Thread and Needle","Exhume","Warcry","Panache","Ice Cream","Secret Weapon"],"campfire_rested":2,"item_purchase_floors":[2,2,19,19,38,38,45,45],"current_hp_per_floor":[80,80,80,80,80,80,80,80,80,80,75,75,75,60,60,57,80,70,70,58,71,77,77,80,55,55,55,55,79,79,80,80,16,80,80,94,94,94,94,94,50,78,78,94,94,55,68,92,92,37],"gold":124,"neow_bonus":"THREE_ENEMY_KILL","is_prod":false,"is_daily":false,"chose_seed":false,"campfire_upgraded":8,"win_rate":0,"timestamp":1555841792,"path_taken":["M","$","?","M","?","R","E","M","T","E","?","R","?","E","R","BOSS","M","$","M","M","M","R","E","M","T","R","?","R","?","M","R","BOSS","M","?","?","$","?","R","E","R","T","?","$","M","E","M","R","BOSS"],"build_version":"2019-01-23","purchased_purges":2,"victory":true,"max_hp_per_floor":[80,80,80,80,80,80,80,80,80,80,80,80,80,80,80,80,80,80,80,80,80,80,80,80,80,80,80,80,80,80,80,80,80,80,80,94,94,94,94,94,94,94,94,94,94,94,104,104,104,104],"card_choices":[{"not_picked":["Warcry","Flex"],"picked":"Armaments","floor":1},{"not_picked":["Thunderclap","Disarm"],"picked":"Twin Strike","floor":4},{"not_picked":["Twin Strike","Whirlwind"],"picked":"Impervious","floor":7},{"not_picked":["Seeing Red","Warcry"],"picked":"Metallicize","floor":8},{"not_picked":["Pommel Strike","Thunderclap"],"picked":"Armaments","floor":10},{"not_picked":["Perfected Strike","Anger"],"picked":"Cleave","floor":11},{"not_picked":["Thunderclap","Twin Strike"],"picked":"Iron Wave","floor":14},{"not_picked":["Immolate","Bludgeon"],"picked":"Reaper","floor":16},{"not_picked":["Shrug It Off","Twin Strike"],"picked":"Headbutt+1","floor":18},{"not_picked":["Sever Soul","Twin Strike"],"picked":"Wild Strike+1","floor":20},{"not_picked":["Dual Wield","Havoc"],"picked":"Feel No Pain","floor":21},{"not_picked":["Fire Breathing","Perfected Strike+1"],"picked":"Flame Barrier","floor":22},{"not_picked":["Havoc","Dual Wield"],"picked":"Rampage","floor":24},{"not_picked":["Anger","Wild Strike+1"],"picked":"Warcry","floor":25},{"not_picked":["True Grit","Sever Soul"],"picked":"Flex+1","floor":31},{"not_picked":["Impervious","Offering"],"picked":"Demon Form","floor":33},{"not_picked":["Body Slam","Shrug It Off"],"picked":"Armaments+1","floor":35},{"not_picked":["Armaments","Pommel Strike"],"picked":"Sentinel+1","floor":36},{"not_picked":["Blood for Blood","Pummel"],"picked":"Armaments+1","floor":41},{"not_picked":["Anger","Searing Blow"],"picked":"Burning Pact+1","floor":42},{"not_picked":["Iron Wave","Clothesline"],"picked":"Entrench+1","floor":44},{"not_picked":["Carnage+1","Entrench"],"picked":"Uppercut+1","floor":46},{"not_picked":["Blood for Blood+1","Rupture"],"picked":"Reaper","floor":47},{"not_picked":["Feel No Pain","Cleave"],"picked":"Metallicize+1","floor":48}],"player_experience":393240,"relics_obtained":[{"floor":7,"key":"Dead Branch"},{"floor":9,"key":"Charon\u0027s Ashes"},{"floor":10,"key":"Whetstone"},{"floor":14,"key":"Dream Catcher"},{"floor":24,"key":"Orichalcum"},{"floor":26,"key":"Bag of Marbles"},{"floor":36,"key":"Mango"},{"floor":41,"key":"Shuriken"},{"floor":41,"key":"Letter Opener"},{"floor":43,"key":"Old Coin"},{"floor":47,"key":"Pear"},{"floor":47,"key":"PreservedInsect"}],"event_choices":[{"damage_healed":0,"gold_gain":175,"player_choice":"AGREE","damage_taken":0,"max_hp_gain":0,"max_hp_loss":0,"event_name":"Liars Game","floor":3,"gold_loss":0,"cards_obtained":["Doubt"]},{"cards_removed":["Doubt"],"damage_healed":0,"gold_gain":0,"player_choice":"Purged","damage_taken":0,"max_hp_gain":0,"max_hp_loss":0,"event_name":"Purifier","floor":5,"gold_loss":0},{"damage_healed":0,"gold_gain":0,"player_choice":"Take Wound","damage_taken":0,"relics_obtained":["Golden Idol"],"max_hp_gain":0,"max_hp_loss":0,"event_name":"Golden Idol","floor":13,"gold_loss":0,"cards_obtained":["Injury"]},{"damage_healed":0,"gold_gain":0,"player_choice":"Ignored","damage_taken":0,"max_hp_gain":0,"max_hp_loss":0,"event_name":"Vampires","floor":28,"gold_loss":0},{"damage_healed":0,"gold_gain":0,"cards_transformed":["Strike_R","Strike_R"],"player_choice":"Became Test Subject","damage_taken":0,"max_hp_gain":0,"max_hp_loss":0,"event_name":"Drug Dealer","floor":30,"gold_loss":0,"cards_obtained":["Intimidate","Carnage"]},{"damage_healed":0,"gold_gain":0,"player_choice":"Fight","damage_taken":0,"max_hp_gain":0,"max_hp_loss":0,"event_name":"MindBloom","floor":36,"gold_loss":0},{"cards_removed":["Rampage"],"damage_healed":0,"gold_gain":0,"player_choice":"Removed Attack","damage_taken":0,"max_hp_gain":0,"max_hp_loss":0,"event_name":"Falling","floor":37,"gold_loss":0},{"damage_healed":0,"gold_gain":0,"player_choice":"2 cards matched","damage_taken":0,"max_hp_gain":0,"max_hp_loss":0,"event_name":"Match and Keep!","floor":39,"gold_loss":0,"cards_obtained":["Flash of Steel","Bash"]}],"is_beta":false,"boss_relics":[{"not_picked":["Runic Pyramid","Ectoplasm"],"picked":"Cursed Key"},{"not_picked":["Coffee Dripper","Runic Cube"],"picked":"Black Star"}],"items_purged_floors":[19,38],"is_endless":false,"potions_floor_spawned":[4,7,8,14,18,22,31,46,47,48],"ascension_level":2}