{"gold_per_floor":[110,128,145,160,174,174,208,208,235,235,247,247,266,296,296,296],"floor_reached":16,"playtime":805,"items_purged":[],"score":177,"play_id":"aa78c546-5ade-4aad-a874-5597e9f42b9d","local_time":"20181201222851","is_ascension_mode":true,"campfire_choices":[{"data":"All Out Attack","floor":6,"key":"SMITH"},{"data":"Crippling Poison","floor":8,"key":"SMITH"},{"floor":10,"key":"REST"},{"floor":15,"key":"REST"}],"neow_cost":"NONE","seed_source_timestamp":85116763283364,"circlet_count":0,"master_deck":["AscendersBane","Defend_G","Defend_G","Defend_G","Defend_G","Defend_G","Strike_G","Strike_G","Strike_G","Strike_G","Strike_G","Survivor","Neutralize","All Out Attack+1","Quick Slash","Underhanded Strike","Cloak And Dagger","Crippling Poison+1","Sucker Punch+1","Calculated Gamble"],"relics":["Ring of the Snake","Blood Vial","Art of War","Boot"],"potions_floor_usage":[4,7,7],"damage_taken":[{"damage":0,"enemies":"2 Louse","floor":1,"turns":3},{"damage":5,"enemies":"Cultist","floor":2,"turns":4},{"damage":5,"enemies":"Jaw Worm","floor":3,"turns":5},{"damage":4,"enemies":"Large Slime","floor":4,"turns":8},{"damage":9,"enemies":"Exordium Thugs","floor":5,"turns":4},{"damage":29,"enemies":"Gremlin Nob","floor":7,"turns":4},{"damage":1,"enemies":"Blue Slaver","floor":11,"turns":3},{"damage":9,"enemies":"2 Fungi Beasts","floor":13,"turns":3},{"damage":38,"enemies":"3 Sentries","floor":14,"turns":9},{"damage":33,"enemies":"The Guardian","floor":16,"turns":11}],"seed_played":"5293534150430941677","potions_obtained":[{"floor":1,"key":"GhostInAJar"},{"floor":2,"key":"SteroidPotion"},{"floor":5,"key":"Fruit Juice"}],"is_trial":false,"path_per_floor":["M","M","M","M","M","R","E","R","T","R","M","?","M","E","R","B"],"character_chosen":"THE_SILENT","items_purchased":[],"campfire_rested":2,"item_purchase_floors":[],"current_hp_per_floor":[70,65,60,56,47,47,23,23,23,47,48,48,41,5,29,0],"gold":296,"neow_bonus":"TEN_PERCENT_HP_BONUS","is_prod":false,"is_daily":false,"chose_seed":false,"campfire_upgraded":2,"win_rate":0,"timestamp":1543721331,"path_taken":["M","M","M","M","M","R","E","R","T","R","M","?","?","E","R","BOSS"],"build_version":"2018-11-15","purchased_purges":0,"victory":false,"max_hp_per_floor":[77,77,77,77,77,77,82,82,82,82,82,82,82,82,82,82],"card_choices":[{"not_picked":["Distraction","Acrobatics"],"picked":"All Out Attack","floor":1},{"not_picked":["Acrobatics","Poisoned Stab"],"picked":"Quick Slash","floor":2},{"not_picked":["Bane","Dodge and Roll"],"picked":"Underhanded Strike","floor":3},{"not_picked":["Slice","Noxious Fumes"],"picked":"Cloak And Dagger","floor":4},{"not_picked":["Underhanded Strike","Concentrate","Well Laid Plans"],"picked":"SKIP","floor":5},{"not_picked":["Dagger Spray","Noxious Fumes"],"picked":"Crippling Poison","floor":7},{"not_picked":["Setup","Cloak And Dagger"],"picked":"Sucker Punch","floor":11},{"not_picked":["Catalyst","Slice","Setup"],"picked":"SKIP","floor":13},{"not_picked":["Predator","Poisoned Stab"],"picked":"Calculated Gamble","floor":14}],"player_experience":745207,"relics_obtained":[{"floor":7,"key":"Blood Vial"},{"floor":9,"key":"Art of War"},{"floor":14,"key":"Boot"}],"event_choices":[{"damage_healed":0,"gold_gain":0,"player_choice":"Forge","damage_taken":0,"max_hp_gain":0,"max_hp_loss":0,"event_name":"Accursed Blacksmith","floor":12,"gold_loss":0,"cards_upgraded":["Sucker Punch"]}],"is_beta":false,"boss_relics":[],"items_purged_floors":[],"is_endless":false,"potions_floor_spawned":[1,2,5],"killed_by":"The Guardian","ascension_level":11}