{"gold_per_floor":[110,122,397,11,25,56,56,76,76,76,106,129,164,64,64,142,142,160,170,170,150,150],"floor_reached":22,"playtime":1441,"items_purged":["Regret","Strike_B"],"score":454,"play_id":"e0e06b68-6a42-4f09-acc4-5399fcf5010d","local_time":"20190821123748","is_ascension_mode":true,"campfire_choices":[{"floor":7.0,"key":"REST"},{"floor":15,"key":"REST"}],"neow_cost":"NONE","seed_source_timestamp":2148993323172742,"circlet_count":0,"master_deck":["AscendersBane","Strike_B","Strike_B","Strike_B","Defend_B","Defend_B","Defend_B","Defend_B","Zap","Dualcast","Rainbow","Beam Cell","Reinforced Body","Barrage","Glacier","Sunder","Defragment","Electrodynamics","Streamline+1","Glacier"],"special_seed":0,"relics":["Cracked Core","Tiny Chest","Art of War","StoneCalendar","Girya","WingedGreaves","PreservedInsect","Boot","Velvet Choker"],"potions_floor_usage":[11],"damage_taken":[{"damage":2.0,"enemies":"Jaw Worm","floor":1.0,"turns":4.0},{"damage":0.0,"enemies":"Cultist","floor":2.0,"turns":3.0},{"damage":10.0,"enemies":"Small Slimes","floor":5.0,"turns":3.0},{"damage":43.0,"enemies":"3 Sentries","floor":6.0,"turns":9.0},{"damage":7,"enemies":"Blue Slaver","floor":8,"turns":4},{"damage":15,"enemies":"Gremlin Nob","floor":11,"turns":4},{"damage":0,"enemies":"3 Sentries","floor":13,"turns":5},{"damage":23,"enemies":"The Guardian","floor":16,"turns":8},{"damage":4,"enemies":"Spheric Guardian","floor":18,"turns":4},{"damage":22,"enemies":"Shell Parasite","floor":19,"turns":6},{"damage":16,"enemies":"Snecko","floor":22,"turns":3}],"seed_played":"567718164785938782","potions_obtained":[{"floor":1.0,"key":"SneckoOil"},{"floor":5.0,"key":"LiquidBronze"},{"floor":6.0,"key":"Block Potion"},{"floor":16,"key":"Energy Potion"},{"floor":18,"key":"Strength Potion"},{"floor":21,"key":"LiquidBronze"}],"is_trial":false,"path_per_floor":["M","M","?","$","M","E","R","M","T","?","E","T","E","$","R","B",null,"M","M","?","?","M"],"character_chosen":"DEFECT","items_purchased":["Tiny Chest","Art of War"],"campfire_rested":2,"item_purchase_floors":[4,4],"current_hp_per_floor":[62,62,62,62,52,9,30,23,23,23,8,8,8,8,29,6,55,51,29,9,9,0],"gold":150,"neow_bonus":"ONE_RANDOM_RARE_CARD","is_prod":false,"is_daily":false,"chose_seed":false,"campfire_upgraded":0,"win_rate":0,"timestamp":1566405468,"path_taken":["M","M","?","$","M","E","R","?","T","?","E","?","E","?","R","BOSS","M","M","?","?","?"],"build_version":"2019-07-17","purchased_purges":2,"victory":false,"max_hp_per_floor":[71,71,71,71,71,71,71,71,71,71,71,71,71,71,71,71,71,71,71,76,76,76],"card_choices":[{"not_picked":["Reinforced Body","Gash"],"picked":"Beam Cell","floor":1.0},{"not_picked":["Skim","Capacitor"],"picked":"Reinforced Body","floor":2.0},{"not_picked":["Loop","Redo"],"picked":"Barrage","floor":5.0},{"not_picked":["Stack","Meteor Strike"],"picked":"Glacier","floor":6.0},{"not_picked":["Glacier","Conserve Battery"],"picked":"Sunder","floor":8},{"not_picked":["Leap","Coolheaded","Rebound"],"picked":"SKIP","floor":11},{"not_picked":["Streamline","Hologram"],"picked":"Defragment","floor":13},{"not_picked":["Thunder Strike","Creative AI"],"picked":"Electrodynamics","floor":16},{"not_picked":["Beam Cell+1","Recycle"],"picked":"Streamline+1","floor":18},{"not_picked":["Recycle","Undo"],"picked":"Glacier","floor":19}],"player_experience":1820490,"relics_obtained":[{"floor":6.0,"key":"StoneCalendar"},{"floor":9,"key":"Girya"},{"floor":11,"key":"WingedGreaves"},{"floor":12,"key":"PreservedInsect"},{"floor":13,"key":"Boot"}],"event_choices":[{"damage_healed":0.0,"max_hp_gain":0.0,"max_hp_loss":0.0,"gold_gain":275.0,"event_name":"Golden Shrine","player_choice":"Desecrate","floor":3.0,"gold_loss":0.0,"damage_taken":0.0,"cards_obtained":["Regret"]},{"damage_healed":0,"gold_gain":0,"player_choice":"Ignored","damage_taken":0,"max_hp_gain":0,"max_hp_loss":0,"event_name":"Shining Light","floor":10,"gold_loss":0},{"damage_healed":0,"gold_gain":0,"player_choice":"Shed Blood","damage_taken":25,"max_hp_gain":5,"max_hp_loss":0,"event_name":"Forgotten Altar","floor":20,"gold_loss":0},{"damage_healed":0,"gold_gain":0,"player_choice":"Bought 1 Potion","damage_taken":0,"max_hp_gain":0,"max_hp_loss":0,"event_name":"The Woman in Blue","floor":21,"gold_loss":0}],"is_beta":false,"boss_relics":[{"not_picked":["Orrery","Sozu"],"picked":"Velvet Choker"}],"items_purged_floors":[4,14],"is_endless":false,"potions_floor_spawned":[1,5,6,16,18],"killed_by":"Snecko","ascension_level":20}