{"gold_per_floor":[113,188,203,223,233,233,263,263,263,283,283,299,299,37,37,140,140,150,164,263,26,26,26],"floor_reached":23,"playtime":712,"items_purged":["Strike_R"],"score":287,"play_id":"fe483a47-1624-441f-a996-f91fd89d1d89","local_time":"20190606052846","is_ascension_mode":true,"campfire_choices":[{"data":"Bash","floor":6,"key":"SMITH"},{"floor":8,"key":"REST"},{"data":"Uppercut","floor":13,"key":"SMITH"},{"floor":15,"key":"REST"}],"neow_cost":"TEN_PERCENT_HP_LOSS","seed_source_timestamp":66030803880252,"circlet_count":0,"master_deck":["AscendersBane","Strike_R","Strike_R","Strike_R","Defend_R","Defend_R","Defend_R+1","Defend_R+1","Bash+1","Heavy Blade","Body Slam","Clothesline","Feel No Pain","Disarm","Cleave","Uppercut+1","Spot Weakness","Exhume","Dual Wield","Burning Pact","Inflame","Seeing Red","Hemokinesis"],"relics":["Burning Blood","StoneCalendar","Bag of Preparation","Oddly Smooth Stone","War Paint","Cursed Key","Shuriken"],"potions_floor_usage":[7,23,23,23],"damage_taken":[{"damage":7,"enemies":"Small Slimes","floor":1,"turns":3},{"damage":6,"enemies":"Cultist","floor":3,"turns":4},{"damage":8,"enemies":"2 Louse","floor":4,"turns":2},{"damage":4,"enemies":"2 Fungi Beasts","floor":5,"turns":6},{"damage":44,"enemies":"Lagavulin","floor":7,"turns":7},{"damage":9,"enemies":"Looter","floor":10,"turns":4},{"damage":7,"enemies":"3 Louse","floor":12,"turns":3},{"damage":37,"enemies":"Hexaghost","floor":16,"turns":11},{"damage":32,"enemies":"2 Thieves","floor":18,"turns":4},{"damage":0,"enemies":"3 Byrds","floor":19,"turns":7},{"damage":54,"enemies":"Slavers","floor":23,"turns":4}],"seed_played":"-4481611943041085997","potions_obtained":[{"floor":3,"key":"Fruit Juice"},{"floor":4,"key":"SteroidPotion"},{"floor":7,"key":"SneckoOil"},{"floor":12,"key":"EssenceOfSteel"}],"is_trial":false,"path_per_floor":["M","?","M","M","M","R","E","R","T","M","?","M","R","$","R","B",null,"M","M","?","$","?","E"],"character_chosen":"IRONCLAD","items_purchased":["Spot Weakness","War Paint","Inflame","Seeing Red","Hemokinesis"],"campfire_rested":2,"item_purchase_floors":[14,14,21,21,21],"current_hp_per_floor":[71,60,60,58,60,60,22,43,43,40,40,39,39,39,60,29,61,35,41,41,41,41,0],"gold":26,"neow_bonus":"ONE_RARE_RELIC","is_prod":false,"is_daily":false,"chose_seed":false,"campfire_upgraded":2,"win_rate":0,"timestamp":1559762926,"path_taken":["M","?","M","M","M","R","E","R","T","M","?","M","R","$","R","BOSS","M","?","?","$","?","E"],"build_version":"2019-01-23","purchased_purges":1,"victory":false,"max_hp_per_floor":[72,72,72,72,72,72,72,72,72,72,72,72,72,72,72,72,72,72,72,72,72,72,77],"card_choices":[{"not_picked":["Sword Boomerang","Rage"],"picked":"Heavy Blade","floor":1},{"not_picked":["Warcry","Cleave"],"picked":"Body Slam","floor":3},{"not_picked":["Heavy Blade","Havoc"],"picked":"Clothesline","floor":4},{"not_picked":["Cleave","Warcry"],"picked":"Feel No Pain","floor":5},{"not_picked":["Dual Wield","Havoc"],"picked":"Disarm","floor":7},{"not_picked":["Body Slam","Brutality"],"picked":"Cleave","floor":10},{"not_picked":["Body Slam","Clash"],"picked":"Uppercut","floor":12},{"not_picked":["Immolate","Feed"],"picked":"Exhume","floor":16},{"not_picked":["Thunderclap","Ghostly Armor+1"],"picked":"Dual Wield","floor":18},{"not_picked":["Clothesline+1","Warcry"],"picked":"Burning Pact","floor":19}],"player_experience":818582,"relics_obtained":[{"floor":7,"key":"Bag of Preparation"},{"floor":9,"key":"Oddly Smooth Stone"}],"event_choices":[{"damage_healed":0,"gold_gain":75,"player_choice":"Gather Gold","damage_taken":11,"max_hp_gain":0,"max_hp_loss":0,"event_name":"World of Goop","floor":2,"gold_loss":0},{"cards_removed":["Strike_R"],"damage_healed":0,"gold_gain":0,"player_choice":"Offered Basic","damage_taken":0,"max_hp_gain":0,"max_hp_loss":0,"event_name":"Bonfire Elementals","floor":11,"gold_loss":0},{"damage_healed":0,"gold_gain":99,"player_choice":"Stole From Cult","damage_taken":0,"max_hp_gain":0,"max_hp_loss":0,"event_name":"Nest","floor":20,"gold_loss":0},{"damage_healed":0,"gold_gain":0,"player_choice":"Opened","damage_taken":0,"relics_obtained":["Shuriken"],"max_hp_gain":0,"max_hp_loss":0,"event_name":"The Mausoleum","floor":22,"gold_loss":0}],"is_beta":false,"boss_relics":[{"not_picked":["Runic Pyramid","Black Star"],"picked":"Cursed Key"}],"items_purged_floors":[14],"is_endless":false,"potions_floor_spawned":[3,4,7,12],"killed_by":"Slavers","ascension_level":10}