{"gold_per_floor":[109,109,127,144,158,158,214,214,277,30,30,55,55,74,74,172,172,185,211,136,188,62,62,79,109,109,109,127,127,42,74,74,74],"floor_reached":33,"playtime":2048,"items_purged":["Defend_B"],"score":346,"play_id":"c6162ed1-cdf4-40b7-a3d7-35822afe9058","local_time":"20190802160330","is_ascension_mode":true,"campfire_choices":[{"data":"Steam Power","floor":6,"key":"SMITH"},{"floor":11,"key":"REST"},{"floor":13,"key":"REST"},{"data":"Violence","floor":15,"key":"SMITH"},{"floor":23,"key":"REST"},{"data":"Echo Form","floor":27,"key":"SMITH"},{"data":"Chill","floor":29,"key":"SMITH"},{"floor":32,"key":"REST"}],"neow_cost":"NONE","seed_source_timestamp":249936307187393,"circlet_count":0,"master_deck":["Strike_B","Strike_B","Strike_B","Strike_B","Defend_B","Defend_B","Zap","Dualcast","Gash+1","Gash","Steam Power+1","Scrape","Violence+1","Streamline+1","Turbo","Echo Form+1","Beam Cell+1","Melter+1","Sweeping Beam+1","Sweeping Beam+1","Ball Lightning+1","FTL+1","BootSequence+1","Turbo","Turbo","Chill+1"],"relics":["Cracked Core","Letter Opener","MawBank","Orichalcum","Molten Egg 2","Orrery","Red Mask","Boot","Smiling Mask","Pear","Bird Faced Urn","Bottled Lightning"],"potions_floor_usage":[],"damage_taken":[{"damage":10,"enemies":"Small Slimes","floor":1,"turns":3},{"damage":1,"enemies":"Cultist","floor":3,"turns":3},{"damage":1,"enemies":"Jaw Worm","floor":4,"turns":3},{"damage":2,"enemies":"Blue Slaver","floor":5,"turns":3},{"damage":28,"enemies":"Gremlin Nob","floor":7,"turns":4},{"damage":16,"enemies":"Lagavulin","floor":12,"turns":5},{"damage":12,"enemies":"Large Slime","floor":14,"turns":5},{"damage":35,"enemies":"Slime Boss","floor":16,"turns":9},{"damage":4,"enemies":"Spheric Guardian","floor":18,"turns":3},{"damage":24,"enemies":"Masked Bandits","floor":19,"turns":4},{"damage":5,"enemies":"2 Thieves","floor":24,"turns":3},{"damage":0,"enemies":"Gremlin Leader","floor":25,"turns":4},{"damage":9,"enemies":"Snecko","floor":28,"turns":3},{"damage":24,"enemies":"Book of Stabbing","floor":31,"turns":4},{"damage":99,"enemies":"Collector","floor":33,"turns":5}],"seed_played":"-37529820800524999","potions_obtained":[{"floor":3,"key":"EssenceOfSteel"},{"floor":4,"key":"Regen Potion"},{"floor":14,"key":"Swift Potion"},{"floor":16,"key":"Explosive Potion"}],"is_trial":false,"path_per_floor":["M","?","M","M","M","R","?","T","T","$","R","E","R","M","R","B",null,"M","?","?","T","$","R","M","E","T","R","M","R","?","E","R","B"],"character_chosen":"DEFECT","items_purchased":["Scrape","Violence","Turbo"],"campfire_rested":4,"item_purchase_floors":[10,10,22],"current_hp_per_floor":[72,72,71,70,68,68,40,40,40,40,64,48,72,60,60,25,82,78,54,54,54,54,78,73,73,83,83,74,74,74,52,79,0],"gold":74,"neow_bonus":"TEN_PERCENT_HP_BONUS","is_prod":false,"is_daily":false,"chose_seed":false,"campfire_upgraded":4,"win_rate":0,"timestamp":1564779810,"path_taken":["M","?","?","M","M","R","?","?","T","$","R","E","R","M","R","BOSS","M","?","?","?","$","R","M","E","T","R","M","R","?","E","R","BOSS"],"build_version":"2019-07-17","purchased_purges":1,"victory":false,"max_hp_per_floor":[82,82,82,82,82,82,82,82,82,82,82,82,82,82,82,82,82,82,82,82,82,82,82,82,82,92,92,92,92,92,92,92,92],"card_choices":[{"not_picked":["Stack","BootSequence"],"picked":"Gash","floor":1},{"not_picked":["Darkness","Storm"],"picked":"Gash","floor":3},{"not_picked":["Streamline","Leap","Rebound"],"picked":"SKIP","floor":4},{"not_picked":["Recycle","Coolheaded"],"picked":"Steam Power","floor":5},{"not_picked":["Fusion","Leap"],"picked":"Streamline","floor":12},{"not_picked":["Coolheaded","Rip and Tear+1"],"picked":"Turbo","floor":14},{"not_picked":["Creative AI","Rainbow"],"picked":"Echo Form","floor":16},{"not_picked":["Hologram","Stack"],"picked":"Beam Cell+1","floor":17},{"not_picked":["Aggregate","Defragment"],"picked":"Melter+1","floor":17},{"not_picked":["Storm","Capacitor"],"picked":"Sweeping Beam+1","floor":17},{"not_picked":["Conserve Battery","Stack"],"picked":"Sweeping Beam+1","floor":17},{"not_picked":["Amplify","Cold Snap+1"],"picked":"Ball Lightning+1","floor":17},{"not_picked":["Genetic Algorithm+1","Redo+1"],"picked":"FTL+1","floor":18},{"not_picked":["Force Field+1","Redo"],"picked":"BootSequence+1","floor":19},{"not_picked":["Melter+1","Doom and Gloom+1"],"picked":"Turbo","floor":24},{"not_picked":["Rainbow","Redo"],"picked":"Chill","floor":25},{"not_picked":["Coolheaded+1","Cold Snap+1","Hologram"],"picked":"SKIP","floor":28},{"not_picked":["Buffer","Cold Snap+1","Leap"],"picked":"SKIP","floor":31}],"player_experience":27996,"relics_obtained":[{"floor":7,"key":"Letter Opener"},{"floor":8,"key":"MawBank"},{"floor":9,"key":"Orichalcum"},{"floor":12,"key":"Molten Egg 2"},{"floor":19,"key":"Red Mask"},{"floor":21,"key":"Boot"},{"floor":25,"key":"Smiling Mask"},{"floor":26,"key":"Pear"},{"floor":31,"key":"Bottled Lightning"}],"event_choices":[{"damage_healed":0,"gold_gain":0,"player_choice":"Upgraded","damage_taken":0,"max_hp_gain":0,"max_hp_loss":0,"event_name":"Upgrade Shrine","floor":2,"gold_loss":0,"cards_upgraded":["Gash"]},{"damage_healed":0,"gold_gain":0,"player_choice":"Searched \u00271\u0027 times","damage_taken":0,"max_hp_gain":0,"max_hp_loss":0,"event_name":"Dead Adventurer","floor":7,"gold_loss":0},{"damage_healed":0,"gold_gain":0,"player_choice":"Fought Bandits","damage_taken":0,"max_hp_gain":0,"max_hp_loss":0,"event_name":"Masked Bandits","floor":19,"gold_loss":0},{"cards_removed":["Defend_B"],"damage_healed":0,"gold_gain":0,"player_choice":"Gave Gold","damage_taken":0,"max_hp_gain":0,"max_hp_loss":0,"event_name":"Beggar","floor":20,"gold_loss":75},{"damage_healed":0,"gold_gain":0,"player_choice":"Obtained Relic","damage_taken":0,"relics_obtained":["Bird Faced Urn"],"max_hp_gain":0,"max_hp_loss":0,"event_name":"Addict","floor":30,"gold_loss":85}],"is_beta":false,"boss_relics":[{"not_picked":["Empty Cage","Busted Crown"],"picked":"Orrery"}],"items_purged_floors":[22],"is_endless":false,"potions_floor_spawned":[3,4,14,16,19,31],"killed_by":"Collector","ascension_level":1}