{"gold_per_floor":[112,128,128,203,54,54,82,82,109,25,200,200,3,21,21,21],"floor_reached":16,"playtime":538,"items_purged":["Doubt"],"score":106,"play_id":"d67d94ba-e1d5-4221-8564-07f5ebcd00af","local_time":"20190913110147","is_ascension_mode":true,"campfire_choices":[{"data":"Vigilance","floor":6,"key":"SMITH"},{"floor":8,"key":"REST"},{"floor":15,"key":"REST"}],"neow_cost":"NONE","seed_source_timestamp":0,"circlet_count":0,"master_deck":["Strike_P","Strike_P","Strike_P","Defend_P","Defend_P","Defend_P","Defend_P","Eruption+1","Vigilance+1","InnerPeace","FollowUp","Evaluate","Adaptation","EmptyFist","Halt","MentalFortress","Protect","Establishment","Pray"],"special_seed":0,"relics":["PureWater","Juzu Bracelet","Bottled Flame","Centennial Puzzle"],"potions_floor_usage":[7],"damage_taken":[{"damage":0,"enemies":"2 Louse","floor":1,"turns":2},{"damage":0,"enemies":"Jaw Worm","floor":2,"turns":3},{"damage":31,"enemies":"Gremlin Nob","floor":7,"turns":5},{"damage":0,"enemies":"Cultist","floor":14,"turns":2},{"damage":55,"enemies":"Hexaghost","floor":16,"turns":16}],"seed_played":"894487986877924796","potions_obtained":[{"floor":1,"key":"Energy Potion"}],"is_trial":false,"path_per_floor":["M","M","?","?","$","R","E","R","T","$","?","?","$","M","R","B"],"character_chosen":"WATCHER","items_purchased":["Evaluate","Adaptation","Halt","MentalFortress","Protect","Establishment"],"campfire_rested":2,"item_purchase_floors":[5,5,10,10,13,13],"current_hp_per_floor":[65,65,58,47,47,47,16,35,35,35,35,35,35,35,54,0],"gold":21,"neow_bonus":"RANDOM_COMMON_RELIC","is_prod":false,"is_daily":false,"chose_seed":false,"campfire_upgraded":1,"win_rate":0,"timestamp":1568336507,"path_taken":["M","M","?","?","$","R","E","R","T","$","?","?","$","M","R","BOSS"],"build_version":"2019-09-11v2","purchased_purges":1,"victory":false,"max_hp_per_floor":[65,65,65,65,65,65,65,65,65,65,65,65,65,65,65,65],"card_choices":[{"not_picked":["WaveOfTheHand","StepAndStrike"],"picked":"InnerPeace","floor":1},{"not_picked":["JustLucky","Consecrate"],"picked":"FollowUp","floor":2},{"not_picked":["InnerPeace","EmptyFist","FlurryOfBlows"],"picked":"SKIP","floor":7},{"not_picked":["InnerPeace","FlurryOfBlows"],"picked":"EmptyFist","floor":7},{"not_picked":["MentalFortress","Consecrate"],"picked":"Pray","floor":14}],"player_experience":1317025,"relics_obtained":[{"floor":7,"key":"Bottled Flame"},{"floor":9,"key":"Centennial Puzzle"}],"event_choices":[{"cards_removed":["Strike_P"],"damage_healed":0,"gold_gain":0,"player_choice":"Card Removal","damage_taken":7,"max_hp_gain":0,"max_hp_loss":0,"event_name":"Golden Wing","floor":3,"gold_loss":0},{"damage_healed":0,"gold_gain":75,"player_choice":"Gather Gold","damage_taken":11,"max_hp_gain":0,"max_hp_loss":0,"event_name":"World of Goop","floor":4,"gold_loss":0},{"damage_healed":0,"gold_gain":175,"player_choice":"AGREE","damage_taken":0,"max_hp_gain":0,"max_hp_loss":0,"event_name":"Liars Game","floor":11,"gold_loss":0,"cards_obtained":["Doubt"]},{"damage_healed":0,"gold_gain":0,"player_choice":"Upgraded","damage_taken":0,"max_hp_gain":0,"max_hp_loss":0,"event_name":"Upgrade Shrine","floor":12,"gold_loss":0,"cards_upgraded":["Eruption"]}],"is_beta":true,"boss_relics":[],"items_purged_floors":[13],"is_endless":false,"potions_floor_spawned":[1],"killed_by":"Hexaghost","ascension_level":2}