{"gold_per_floor":[13,23,42,42,42,42,42,75,128,128,128,160,229,279,279,375,375,387,83,101,112,112],"floor_reached":22,"playtime":759,"items_purged":["Strike_B"],"score":310,"play_id":"39af53f2-6477-4065-a5c0-8a9ad4cb543f","local_time":"20181203214417","is_ascension_mode":true,"campfire_choices":[{"floor":6,"key":"REST"},{"floor":11,"key":"REST"},{"data":"Zap","floor":15,"key":"SMITH"}],"neow_cost":"NO_GOLD","seed_source_timestamp":96322144943680,"circlet_count":0,"master_deck":["AscendersBane","Strike_B","Strike_B","Strike_B","Defend_B","Defend_B","Defend_B","Defend_B","Zap+1","Dualcast","Streamline+1","Gash+1","Seek","Redo","Forethought"],"relics":["Cracked Core","Unceasing Top","Strawberry","Bag of Marbles","SsserpentHead","Anchor","Nuclear Battery","Ancient Tea Set"],"potions_floor_usage":[12,16,16,22],"damage_taken":[{"damage":0,"enemies":"2 Louse","floor":1,"turns":2},{"damage":8,"enemies":"Small Slimes","floor":2,"turns":3},{"damage":1,"enemies":"Cultist","floor":3,"turns":3},{"damage":30,"enemies":"Lagavulin","floor":8,"turns":5},{"damage":36,"enemies":"Gremlin Nob","floor":12,"turns":5},{"damage":3,"enemies":"Large Slime","floor":13,"turns":4},{"damage":43,"enemies":"The Guardian","floor":16,"turns":8},{"damage":0,"enemies":"Chosen","floor":18,"turns":4},{"damage":16,"enemies":"3 Byrds","floor":20,"turns":4},{"damage":33,"enemies":"Cultist and Chosen","floor":21,"turns":6},{"damage":17,"enemies":"Snake Plant","floor":22,"turns":2}],"seed_played":"9175901571105855869","potions_obtained":[{"floor":1,"key":"SpeedPotion"},{"floor":8,"key":"LiquidBronze"},{"floor":12,"key":"SkillPotion"},{"floor":20,"key":"Weak Potion"}],"is_trial":false,"path_per_floor":["M","M","M","?","?","R","$","E","T","?","R","E","M","?","R","B",null,"M","$","M","M","M"],"character_chosen":"DEFECT","items_purchased":["Forethought","Ancient Tea Set"],"campfire_rested":2,"item_purchase_floors":[19,19],"current_hp_per_floor":[68,60,59,44,44,66,66,43,43,43,67,31,28,55,55,12,65,65,65,49,16,0],"gold":112,"neow_bonus":"ONE_RARE_RELIC","is_prod":false,"is_daily":false,"chose_seed":false,"campfire_upgraded":1,"win_rate":0,"timestamp":1543891457,"path_taken":["M","M","M","?","?","R","$","E","T","?","R","E","?","?","R","BOSS","M","$","M","M","M"],"build_version":"2018-11-15","purchased_purges":1,"victory":false,"max_hp_per_floor":[75,75,75,75,75,75,75,82,82,82,82,82,82,82,82,82,82,82,82,82,82,82],"card_choices":[{"not_picked":["Doom and Gloom","Ball Lightning"],"picked":"Streamline","floor":1},{"not_picked":["Force Field","Darkness","Storm"],"picked":"SKIP","floor":2},{"not_picked":["Capacitor","Aggregate"],"picked":"Gash","floor":3},{"not_picked":["Self Repair","Compile Driver","Sunder"],"picked":"SKIP","floor":8},{"not_picked":["Static Discharge","Rebound","Stack"],"picked":"SKIP","floor":12},{"not_picked":["Streamline","Heatsinks","Consume"],"picked":"SKIP","floor":13},{"not_picked":["Biased Cognition","Rainbow"],"picked":"Seek","floor":16},{"not_picked":["Compile Driver","Rebound"],"picked":"Redo","floor":18},{"not_picked":["Barrage","Conserve Battery","Blizzard"],"picked":"SKIP","floor":20},{"not_picked":["Loop","Compile Driver","Coolheaded"],"picked":"SKIP","floor":21}],"player_experience":798301,"relics_obtained":[{"floor":8,"key":"Strawberry"},{"floor":9,"key":"Bag of Marbles"},{"floor":12,"key":"Anchor"}],"event_choices":[{"damage_healed":0,"gold_gain":0,"player_choice":"Entered Light","damage_taken":15,"max_hp_gain":0,"max_hp_loss":0,"event_name":"Shining Light","floor":4,"gold_loss":0,"cards_upgraded":["Streamline","Gash"]},{"damage_healed":0,"gold_gain":0,"player_choice":"Fled","damage_taken":0,"max_hp_gain":0,"max_hp_loss":0,"event_name":"Scrap Ooze","floor":5,"gold_loss":0},{"damage_healed":0,"gold_gain":0,"player_choice":"Trade","damage_taken":0,"relics_obtained":["SsserpentHead"],"max_hp_gain":0,"max_hp_loss":0,"event_name":"FaceTrader","floor":10,"gold_loss":0},{"damage_healed":27,"gold_gain":0,"player_choice":"Banana","damage_taken":0,"max_hp_gain":0,"max_hp_loss":0,"event_name":"Big Fish","floor":14,"gold_loss":0}],"is_beta":false,"boss_relics":[{"not_picked":["Philosopher\u0027s Stone","Fusion Hammer"],"picked":"Nuclear Battery"}],"items_purged_floors":[19],"is_endless":false,"potions_floor_spawned":[1,8,12,13,20],"killed_by":"Snake Plant","ascension_level":12}