{"gold_per_floor":[217,235,85,98,98,98,117,135,190,202,242,254,266,55,55,150,150],"floor_reached":17,"playtime":1042,"items_purged":["Strike_G","Strike_G"],"score":194,"play_id":"4f5a65a3-b1a9-4922-aa08-106bd9b17981","local_time":"20190816205949","is_ascension_mode":true,"campfire_choices":[{"data":"Well Laid Plans","floor":6,"key":"SMITH"},{"data":"Dash","floor":10,"key":"SMITH"},{"data":"Corpse Explosion","floor":12,"key":"SMITH"},{"data":"Catalyst","floor":15,"key":"SMITH"}],"neow_cost":"NONE","seed_source_timestamp":116645365691100,"circlet_count":0,"master_deck":["Strike_G","Strike_G","Strike_G+1","Defend_G","Defend_G","Defend_G","Defend_G","Defend_G","Survivor","Neutralize","Dash+1","Escape Plan","Well Laid Plans+1","Backflip+1","Leg Sweep","Corpse Explosion+1","Catalyst+1","Dodge and Roll"],"relics":["Ring of the Snake","MawBank","Gremlin Horn","Orrery"],"potions_floor_usage":[16],"damage_taken":[{"damage":5,"enemies":"Jaw Worm","floor":1,"turns":6},{"damage":0,"enemies":"2 Louse","floor":2,"turns":4},{"damage":0,"enemies":"Small Slimes","floor":4,"turns":5},{"damage":0,"enemies":"Looter","floor":7,"turns":4},{"damage":1,"enemies":"Large Slime","floor":8,"turns":8},{"damage":7,"enemies":"Lagavulin","floor":11,"turns":9},{"damage":23,"enemies":"Hexaghost","floor":16,"turns":11}],"seed_played":"-3877237840363879183","potions_obtained":[{"floor":4,"key":"Dexterity Potion"},{"floor":7,"key":"GamblersBrew"},{"floor":11,"key":"SkillPotion"}],"is_trial":false,"path_per_floor":["M","M","$","M","?","R","M","M","T","R","E","R","?","$","R","B",null],"character_chosen":"THE_SILENT","items_purchased":["Well Laid Plans","Catalyst","Dodge and Roll"],"campfire_rested":0,"item_purchase_floors":[3,14,14],"current_hp_per_floor":[65,65,65,65,65,65,65,64,64,64,57,57,43,43,43,20,58],"gold":150,"neow_bonus":"HUNDRED_GOLD","is_prod":false,"is_daily":false,"chose_seed":false,"campfire_upgraded":4,"win_rate":0,"timestamp":1565981989,"path_taken":["M","M","$","M","?","R","M","M","T","R","E","R","?","$","R","BOSS"],"build_version":"2019-07-17","purchased_purges":2,"victory":false,"max_hp_per_floor":[70,70,70,70,70,70,70,70,70,70,70,70,70,70,70,70,70],"card_choices":[{"not_picked":["Blade Dance","Prepared"],"picked":"Dash","floor":1},{"not_picked":["Endless Agony","Accuracy"],"picked":"Escape Plan","floor":2},{"not_picked":["PiercingWail","Outmaneuver","Prepared"],"picked":"SKIP","floor":4},{"not_picked":["Dagger Throw","Deflect"],"picked":"Backflip","floor":7},{"not_picked":["Quick Slash","Calculated Gamble"],"picked":"Leg Sweep","floor":8},{"not_picked":["PiercingWail","Blade Dance"],"picked":"Corpse Explosion","floor":11}],"player_experience":98323,"relics_obtained":[{"floor":9,"key":"MawBank"},{"floor":11,"key":"Gremlin Horn"}],"event_choices":[{"damage_healed":0,"gold_gain":0,"player_choice":"Ignored","damage_taken":0,"max_hp_gain":0,"max_hp_loss":0,"event_name":"Liars Game","floor":5,"gold_loss":0},{"damage_healed":0,"gold_gain":0,"player_choice":"Entered Light","damage_taken":14,"max_hp_gain":0,"max_hp_loss":0,"event_name":"Shining Light","floor":13,"gold_loss":0,"cards_upgraded":["Backflip","Strike_G"]}],"is_beta":false,"boss_relics":[{"not_picked":["Black Star","Ectoplasm"],"picked":"Orrery"}],"items_purged_floors":[3,14],"is_endless":false,"potions_floor_spawned":[4,7,11],"ascension_level":5}