{"path_per_floor":["M","?","M","$","?","R","E","M","T","E","R","M","M","$","R","B",null,"M","?","?","M","M","R","M"],"character_chosen":"THE_SILENT","items_purchased":["Infinite Blades"],"gold_per_floor":[116,116,132,57,132,132,159,169,169,196,196,210,223,54,54,157,157,176,176,176,190,200,200,217,217],"floor_reached":25,"campfire_rested":1,"playtime":1446,"current_hp_per_floor":[70,70,70,70,59,59,59,59,59,53,53,50,50,50,50,29,77,65,65,65,50,22,45,26,0],"items_purged":["Defend_G","Defend_G"],"gold":217,"score":262,"play_id":"f285100d-1516-4a36-b948-f38d48f1cb79","local_time":"20180326195031","is_prod":false,"is_daily":false,"is_ascension_mode":true,"campfire_upgraded":3,"timestamp":1522108231,"path_taken":["M","?","M","?","?","R","E","M","T","E","R","M","M","$","R","BOSS","M","?","?","M","M","R","M","E"],"build_version":"2018-03-22v2","purchased_purges":2,"victory":false,"master_deck":["Defend_G","Defend_G","Defend_G","Strike_G","Strike_G+1","Strike_G+1","Strike_G","Survivor","Neutralize","Footwork+1","Predator","Distraction+1","Escape Plan+1","Backflip","Dagger Spray","Bouncing Flask","Infinite Blades","Corpse Explosion","Backstab","Deadly Poison+1","Catalyst","Deflect+1"],"max_hp_per_floor":[70,70,70,70,70,70,70,70,70,77,77,77,77,77,77,77,77,77,77,77,77,77,77,77,77],"relics":["Ring of the Snake","NeowsBlessing","Juzu Bracelet","Whetstone","Strawberry","Question Card"],"card_choices":[{"not_picked":["Predator","Dodge and Roll"],"picked":"Footwork","floor":1},{"not_picked":["Underhanded Strike","Quick Slash"],"picked":"Predator","floor":3},{"not_picked":["Expertise","Masterful Stab"],"picked":"Distraction","floor":7},{"not_picked":["Bouncing Flask","Prepared"],"picked":"Escape Plan","floor":8},{"not_picked":["Acrobatics","Corpse Explosion"],"picked":"Backflip","floor":10},{"not_picked":["Outmaneuver","Noxious Fumes"],"picked":"Dagger Spray","floor":12},{"not_picked":["Expertise","Finisher"],"picked":"Bouncing Flask","floor":13},{"not_picked":["Wraith Form","Die Die Die"],"picked":"Corpse Explosion","floor":16},{"not_picked":["Dodge and Roll","Masterful Stab","Slice"],"picked":"Backstab","floor":18},{"not_picked":["Distraction","PiercingWail","Bane"],"picked":"Deadly Poison","floor":21},{"not_picked":["PiercingWail","Outmaneuver","Riddle With Holes"],"picked":"Catalyst","floor":22},{"not_picked":["Adrenaline","Leg Sweep","Acrobatics"],"picked":"Deflect","floor":24}],"player_experience":95363,"potions_floor_usage":[16,18,22,22,24,25],"damage_taken":[{"damage":0,"enemies":"2 Louse","floor":1,"turns":1},{"damage":0,"enemies":"Small Slimes","floor":3,"turns":1},{"damage":0,"enemies":"Gremlin Nob","floor":7,"turns":1},{"damage":0,"enemies":"Jaw Worm","floor":8,"turns":5},{"damage":13,"enemies":"3 Sentries","floor":10,"turns":7},{"damage":3,"enemies":"Exordium Thugs","floor":12,"turns":4},{"damage":0,"enemies":"2 Fungi Beasts","floor":13,"turns":3},{"damage":21,"enemies":"The Guardian","floor":16,"turns":11},{"damage":12,"enemies":"Shell Parasite","floor":18,"turns":6},{"damage":15,"enemies":"Chosen","floor":21,"turns":5},{"damage":28,"enemies":"Snecko","floor":22,"turns":4},{"damage":19,"enemies":"Centurion and Healer","floor":24,"turns":8},{"damage":28,"enemies":"Book of Stabbing","floor":25,"turns":7}],"event_choices":[{"event_name":"Living Wall","player_choice":"Forget","floor":2,"damage_taken":0},{"event_name":"World of Goop","player_choice":"Gather Gold","floor":5,"damage_taken":0},{"event_name":"Vampires","player_choice":"Ignored","floor":19,"damage_taken":0},{"event_name":"The Mausoleum","player_choice":"No","floor":20,"damage_taken":0}],"boss_relics":[{"not_picked":["White Beast Statue","Runic Dome"],"picked":"Question Card"}],"potions_floor_spawned":[1,7,8,13,16,21,22],"seed_played":"7043447460191913748","killed_by":"Book of Stabbing","ascension_level":2,"is_trial":false}