{"gold_per_floor":[117,131,44,44,54,54,109,119,119,119,153,78,78,43,43,118,118,138,151,151,151,171,171,171],"floor_reached":24,"playtime":1417,"items_purged":["Strike_R"],"score":388,"play_id":"f58782ab-c7de-4360-869e-b17be7d9dabf","local_time":"20190530024321","is_ascension_mode":true,"campfire_choices":[{"data":"Inflame","floor":6.0,"key":"SMITH"},{"data":"Sword Boomerang","floor":10.0,"key":"SMITH"},{"data":"True Grit","floor":13.0,"key":"SMITH"},{"data":"Flame Barrier","floor":15.0,"key":"SMITH"},{"floor":23,"key":"REST"}],"neow_cost":"NONE","seed_source_timestamp":886125180385966,"circlet_count":0,"master_deck":["AscendersBane","Strike_R","Strike_R","Strike_R","Strike_R","Defend_R","Defend_R","Defend_R","Defend_R","Bash","Sword Boomerang","True Grit+1","Flame Barrier+1","Inflame+1","Sword Boomerang+1","Iron Wave","Demon Form","Heavy Blade","Flex+1","Corruption"],"special_seed":0,"relics":["Burning Blood","Tiny Chest","Pear","Eternal Feather","Gambling Chip"],"potions_floor_usage":[],"damage_taken":[{"damage":7.0,"enemies":"Jaw Worm","floor":1.0,"turns":3.0},{"damage":3.0,"enemies":"2 Louse","floor":2.0,"turns":3.0},{"damage":7.0,"enemies":"Small Slimes","floor":5.0,"turns":4.0},{"damage":28.0,"enemies":"Lagavulin","floor":7.0,"turns":7.0},{"damage":15.0,"enemies":"Exordium Wildlife","floor":8.0,"turns":4.0},{"damage":23.0,"enemies":"3 Sentries","floor":11.0,"turns":6.0},{"damage":13.0,"enemies":"The Guardian","floor":16.0,"turns":13.0},{"damage":26.0,"enemies":"Chosen","floor":18.0,"turns":5.0},{"damage":29.0,"enemies":"Spheric Guardian","floor":19.0,"turns":5.0},{"damage":33,"enemies":"Snake Plant","floor":22,"turns":4},{"damage":58,"enemies":"Book of Stabbing","floor":24,"turns":5}],"seed_played":"4780990683070613973","potions_obtained":[{"floor":7.0,"key":"PowerPotion"},{"floor":8.0,"key":"Weak Potion"},{"floor":11.0,"key":"Fire Potion"},{"floor":16.0,"key":"AttackPotion"}],"is_trial":false,"path_per_floor":["M","M","$","?","M","R","E","M","T","R","E","$","R","?","R","B",null,"M","M","?","T","M","R","E"],"character_chosen":"IRONCLAD","items_purchased":["Flame Barrier"],"campfire_rested":1,"item_purchase_floors":[3],"current_hp_per_floor":[74,77,77,77,76,76,54,45,55,55,38,38,38,61,61,54,83,63,40,40,40,13,52,0],"gold":171,"neow_bonus":"TEN_PERCENT_HP_BONUS","is_prod":false,"is_daily":false,"chose_seed":false,"campfire_upgraded":4,"win_rate":0,"timestamp":1559198601,"path_taken":["M","M","$","?","M","R","E","M","T","R","E","$","R","?","R","BOSS","M","M","?","?","M","R","E"],"build_version":"2019-01-23","purchased_purges":1,"victory":false,"max_hp_per_floor":[82,82,82,82,82,82,82,82,92,92,92,92,92,92,92,92,92,92,92,92,92,92,92,92],"card_choices":[{"not_picked":["True Grit","Twin Strike"],"picked":"Sword Boomerang","floor":1.0},{"not_picked":["Pommel Strike","Bloodletting"],"picked":"True Grit","floor":2.0},{"not_picked":["Anger","Iron Wave"],"picked":"Inflame","floor":5.0},{"not_picked":["Wild Strike","Warcry"],"picked":"Sword Boomerang","floor":7.0},{"not_picked":["Clothesline","Burning Pact","Exhume"],"picked":"SKIP","floor":8.0},{"not_picked":["Perfected Strike","Second Wind"],"picked":"Iron Wave","floor":11.0},{"not_picked":["Feed","Brutality"],"picked":"Demon Form","floor":16.0},{"not_picked":["Thunderclap","Anger"],"picked":"Heavy Blade","floor":18.0},{"not_picked":["Heavy Blade","Headbutt"],"picked":"Flex+1","floor":19.0},{"not_picked":["Clothesline","Sever Soul"],"picked":"Corruption","floor":22}],"player_experience":1565996,"relics_obtained":[{"floor":7.0,"key":"Tiny Chest"},{"floor":9.0,"key":"Pear"},{"floor":21,"key":"Gambling Chip"}],"event_choices":[{"damage_healed":0.0,"max_hp_gain":0.0,"max_hp_loss":0.0,"gold_gain":0.0,"event_name":"Liars Game","player_choice":"Ignored","floor":4.0,"gold_loss":0.0,"damage_taken":0.0},{"damage_healed":23.0,"max_hp_gain":0.0,"max_hp_loss":0.0,"gold_gain":0.0,"event_name":"The Cleric","player_choice":"Healed","floor":14.0,"gold_loss":35.0,"damage_taken":0.0},{"damage_healed":0,"gold_gain":0,"player_choice":"Ignored","damage_taken":0,"max_hp_gain":0,"max_hp_loss":0,"event_name":"Beggar","floor":20,"gold_loss":0}],"is_beta":false,"boss_relics":[{"not_picked":["Busted Crown","Tiny House"],"picked":"Eternal Feather"}],"items_purged_floors":[12],"is_endless":false,"potions_floor_spawned":[7,8,11,16],"killed_by":"Book of Stabbing","ascension_level":18}