{"gold_per_floor":[119,119,119,194,159,159,178,198,224,224,17,50,1,21,21,116,116,133,133,58,58,77,102,102,113,113,140,140,156,156,173,173,272,272,291,308,308],"floor_reached":37,"playtime":2878,"items_purged":[],"score":387,"play_id":"c67f081b-c7fe-4ad1-ba97-53bcf015c65b","local_time":"20190326134513","is_ascension_mode":false,"campfire_choices":[{"data":"Zap","floor":6,"key":"SMITH"},{"floor":15,"key":"REST"},{"data":"Fission","floor":24,"key":"SMITH"},{"floor":28,"key":"REST"},{"data":"Hello World","floor":32,"key":"SMITH"}],"neow_cost":"PERCENT_DAMAGE","seed_source_timestamp":63769645968984,"circlet_count":0,"master_deck":["Strike_B+1","Strike_B","Strike_B","Strike_B","Defend_B+1","Defend_B+1","Defend_B","Defend_B","Zap+1","Dualcast+1","Rainbow+1","Ball Lightning","Force Field","Auto Shields","Biased Cognition","Cold Snap","Cold Snap","Fission+1","Conserve Battery","Static Discharge","Normality","Conserve Battery","Meteor Strike","FTL","Writhe","Static Discharge+1","Hello World","Shame","Hello World+1","Amplify","Redo+1","Barrage+1"],"relics":["Cracked Core","WarpedTongs","OrangePellets","Lantern","Cursed Key","Blue Candle","War Paint","Question Card","Red Mask","Ornamental Fan","Eternal Feather"],"potions_floor_usage":[12,16,23,27,31,33],"damage_taken":[{"damage":3,"enemies":"2 Louse","floor":1,"turns":2},{"damage":6,"enemies":"Jaw Worm","floor":7,"turns":3},{"damage":7,"enemies":"Small Slimes","floor":8,"turns":3},{"damage":19,"enemies":"Gremlin Nob","floor":12,"turns":3},{"damage":6,"enemies":"3 Louse","floor":14,"turns":4},{"damage":14,"enemies":"Slime Boss","floor":16,"turns":8},{"damage":1,"enemies":"Chosen","floor":18,"turns":4},{"damage":3,"enemies":"Spheric Guardian","floor":22,"turns":3},{"damage":14,"enemies":"Book of Stabbing","floor":23,"turns":6},{"damage":1,"enemies":"3 Cultists","floor":25,"turns":5},{"damage":22,"enemies":"Masked Bandits","floor":27,"turns":4},{"damage":1,"enemies":"Centurion and Healer","floor":29,"turns":11},{"damage":9,"enemies":"Snake Plant","floor":31,"turns":3},{"damage":17,"enemies":"Collector","floor":33,"turns":8},{"damage":30,"enemies":"3 Darklings","floor":35,"turns":7},{"damage":9,"enemies":"Orb Walker","floor":36,"turns":4},{"damage":40,"enemies":"Jaw Worm Horde","floor":37,"turns":3}],"seed_played":"4430432322197093215","potions_obtained":[{"floor":7,"key":"LiquidBronze"},{"floor":12,"key":"FearPotion"},{"floor":22,"key":"FearPotion"},{"floor":23,"key":"Ancient Potion"},{"floor":27,"key":"Fire Potion"},{"floor":31,"key":"Swift Potion"}],"is_trial":false,"path_per_floor":["M","?","?","?","?","R","M","M","T","?","$","E","$","M","R","B",null,"M","?","$","T","M","E","R","M","T","?","R","M","?","M","R","B",null,"M","M","M"],"character_chosen":"DEFECT","items_purchased":["OrangePellets","Cold Snap","Static Discharge"],"campfire_rested":2,"item_purchase_floors":[11,13,20],"current_hp_per_floor":[51,51,36,25,43,43,37,30,30,30,30,11,11,5,27,13,75,74,74,74,74,71,57,57,56,56,34,56,55,55,46,46,29,75,45,36,0],"gold":308,"neow_bonus":"THREE_RARE_CARDS","is_prod":false,"is_daily":false,"chose_seed":false,"campfire_upgraded":3,"win_rate":0,"timestamp":1553571913,"path_taken":["M","?","?","?","?","R","M","?","T","?","$","E","?","M","R","BOSS","M","?","$","?","M","E","R","M","T","?","R","M","?","M","R","BOSS","M","M","M"],"build_version":"2019-01-23","purchased_purges":0,"victory":false,"max_hp_per_floor":[75,75,75,75,75,75,75,75,75,75,75,75,75,75,75,75,75,75,75,75,75,75,75,75,75,75,75,75,75,75,75,75,75,75,75,75,75],"card_choices":[{"not_picked":["Seek","Echo Form"],"picked":"Rainbow","floor":0},{"not_picked":["Barrage","Hologram"],"picked":"Ball Lightning","floor":1},{"not_picked":["Loop","Storm"],"picked":"Force Field","floor":7},{"not_picked":["Leap","Turbo"],"picked":"Auto Shields","floor":8},{"not_picked":["Ball Lightning","Loop"],"picked":"Biased Cognition","floor":12},{"not_picked":["Heatsinks","Recycle"],"picked":"Cold Snap","floor":14},{"not_picked":["Seek","Buffer"],"picked":"Fission","floor":16},{"not_picked":["Stack+1","Coolheaded"],"picked":"Conserve Battery","floor":18},{"not_picked":["Barrage","Beam Cell+1"],"picked":"Conserve Battery","floor":22},{"not_picked":["Conserve Battery","Leap"],"picked":"Meteor Strike","floor":23},{"not_picked":["Sweeping Beam","Consume+1"],"picked":"FTL","floor":25},{"not_picked":["Scrape","Undo","Coolheaded"],"picked":"Static Discharge+1","floor":27},{"not_picked":["Compile Driver+1","Melter+1","Hologram"],"picked":"Hello World","floor":29},{"not_picked":["Doom and Gloom","Stack+1","Sweeping Beam"],"picked":"Hello World","floor":31},{"not_picked":["Reboot","Machine Learning","All For One"],"picked":"Amplify","floor":33},{"not_picked":["Undo","Loop+1","Steam"],"picked":"Redo+1","floor":35},{"not_picked":["Hologram+1","Aggregate","Cold Snap+1"],"picked":"Barrage+1","floor":36}],"player_experience":170293,"relics_obtained":[{"floor":12,"key":"Lantern"},{"floor":21,"key":"Blue Candle"},{"floor":23,"key":"War Paint"},{"floor":26,"key":"Question Card"},{"floor":27,"key":"Red Mask"}],"event_choices":[{"damage_healed":0,"gold_gain":0,"player_choice":"Grow","damage_taken":0,"max_hp_gain":0,"max_hp_loss":0,"event_name":"Living Wall","floor":2,"gold_loss":0,"cards_upgraded":["Rainbow"]},{"damage_healed":0,"gold_gain":0,"player_choice":"Entered Light","damage_taken":15,"max_hp_gain":0,"max_hp_loss":0,"event_name":"Shining Light","floor":3,"gold_loss":0,"cards_upgraded":["Defend_B","Strike_B"]},{"damage_healed":0,"gold_gain":75,"player_choice":"Gather Gold","damage_taken":11,"max_hp_gain":0,"max_hp_loss":0,"event_name":"World of Goop","floor":4,"gold_loss":0},{"damage_healed":18,"gold_gain":0,"player_choice":"Healed","damage_taken":0,"max_hp_gain":0,"max_hp_loss":0,"event_name":"The Cleric","floor":5,"gold_loss":35},{"damage_healed":0,"gold_gain":0,"player_choice":"Rummage","damage_taken":0,"relics_obtained":["WarpedTongs"],"max_hp_gain":0,"max_hp_loss":0,"event_name":"Accursed Blacksmith","floor":10,"gold_loss":0,"cards_obtained":["Pain"]},{"cards_removed":["Pain"],"damage_healed":0,"gold_gain":0,"player_choice":"Purged","damage_taken":0,"max_hp_gain":0,"max_hp_loss":0,"event_name":"Purifier","floor":19,"gold_loss":0},{"damage_healed":0,"gold_gain":0,"player_choice":"Fought Bandits","damage_taken":0,"max_hp_gain":0,"max_hp_loss":0,"event_name":"Masked Bandits","floor":27,"gold_loss":0},{"damage_healed":0,"gold_gain":0,"player_choice":"Stole Relic","damage_taken":0,"relics_obtained":["Ornamental Fan"],"max_hp_gain":0,"max_hp_loss":0,"event_name":"Addict","floor":30,"gold_loss":0,"cards_obtained":["Shame"]}],"is_beta":false,"boss_relics":[{"not_picked":["Runic Pyramid","Coffee Dripper"],"picked":"Cursed Key"},{"not_picked":["Empty Cage","Pandora\u0027s Box"],"picked":"Eternal Feather"}],"items_purged_floors":[],"is_endless":false,"potions_floor_spawned":[7,12,22,23,27,31],"killed_by":"Jaw Worm Horde","ascension_level":0}