{"gold_per_floor":[118,134,146,146,146,175,175,232,256,256,256,256,269,282,282,386,386,400,400,450,40,52,52,116,136,159,159,176,206,28,41,41,144,144,155,165,180,204,221,221,250,250,304,304,319,319,334,45,45,45,45,45,8,33,33],"floor_reached":55,"playtime":2958,"items_purged":["Hello World","Strike_B"],"score":1079,"play_id":"12b6d50a-0bb5-4805-9cb4-90f5067882c3","local_time":"20190524221235","is_ascension_mode":true,"campfire_choices":[{"data":"Buffer","floor":7.0,"key":"SMITH"},{"data":"Dualcast","floor":10.0,"key":"SMITH"},{"data":"Fusion","floor":12.0,"key":"SMITH"},{"floor":15.0,"key":"REST"},{"data":"Turbo","floor":23.0,"key":"SMITH"},{"data":"Loop","floor":27.0,"key":"SMITH"},{"data":"Hologram","floor":32.0,"key":"SMITH"},{"data":"Double Energy","floor":40.0,"key":"SMITH"},{"data":"Double Energy","floor":42.0,"key":"SMITH"},{"floor":46.0,"key":"RECALL"},{"data":"Redo","floor":49.0,"key":"SMITH"},{"data":"Biased Cognition","floor":52,"key":"SMITH"}],"neow_cost":"NONE","seed_source_timestamp":0,"circlet_count":0,"master_deck":["Strike_B","Strike_B","Defend_B","Defend_B","Defend_B","Defend_B","Zap","Dualcast+1","Buffer+1","Conserve Battery","Glacier","Self Repair","Tempest","Fusion+1","Hologram+1","Electrodynamics","Streamline","Loop+1","Turbo+1","Ball Lightning","Hologram+1","BootSequence","Sweeping Beam","Go for the Eyes+1","Double Energy+1","Self Repair+1","Biased Cognition+1","Turbo","Double Energy+1","Leap+1","Turbo+1","Redo+1","Force Field","Doom and Gloom","Chaos","Heatsinks+1"],"special_seed":0,"relics":["Cracked Core","Art of War","DataDisk","Regal Pillow","Bag of Marbles","Runic Pyramid","Lee\u0027s Waffle","Tiny Chest","Strawberry","Bronze Scales","Eternal Feather","Omamori","Ice Cream","Oddly Smooth Stone","Blood Vial"],"potions_floor_usage":[50,50,50,50,50,50,55],"damage_taken":[{"damage":0.0,"enemies":"Cultist","floor":1.0,"turns":4.0},{"damage":0.0,"enemies":"2 Louse","floor":2.0,"turns":4.0},{"damage":0.0,"enemies":"Small Slimes","floor":3.0,"turns":3.0},{"damage":13.0,"enemies":"Lagavulin","floor":6.0,"turns":9.0},{"damage":4.0,"enemies":"3 Sentries","floor":8.0,"turns":9.0},{"damage":0.0,"enemies":"Looter","floor":13.0,"turns":3.0},{"damage":0.0,"enemies":"Large Slime","floor":14.0,"turns":4.0},{"damage":0.0,"enemies":"The Guardian","floor":16.0,"turns":12.0},{"damage":18.0,"enemies":"2 Thieves","floor":18.0,"turns":4.0},{"damage":8.0,"enemies":"Spheric Guardian","floor":22.0,"turns":3.0},{"damage":13.0,"enemies":"Gremlin Leader","floor":24.0,"turns":6.0},{"damage":10.0,"enemies":"Snake Plant","floor":25.0,"turns":4.0},{"damage":0.0,"enemies":"Centurion and Healer","floor":28.0,"turns":6.0},{"damage":16.0,"enemies":"Slavers","floor":29.0,"turns":5.0},{"damage":0.0,"enemies":"Chosen and Byrds","floor":31.0,"turns":5.0},{"damage":53.0,"enemies":"Champ","floor":33.0,"turns":15.0},{"damage":9.0,"enemies":"Orb Walker","floor":35.0,"turns":4.0},{"damage":2.0,"enemies":"3 Shapes","floor":36.0,"turns":4.0},{"damage":22.0,"enemies":"Spire Growth","floor":37.0,"turns":5.0},{"damage":17.0,"enemies":"Sphere and 2 Shapes","floor":39.0,"turns":4.0},{"damage":0.0,"enemies":"Nemesis","floor":41.0,"turns":5.0},{"damage":0.0,"enemies":"Jaw Worm Horde","floor":45.0,"turns":2.0},{"damage":0.0,"enemies":"Spire Growth","floor":47.0,"turns":4.0},{"damage":62,"enemies":"Awakened One","floor":50,"turns":14},{"damage":68,"enemies":"Shield and Spear","floor":54,"turns":5},{"damage":55,"enemies":"The Heart","floor":55,"turns":2}],"seed_played":"394673256957701213","potions_obtained":[{"floor":8.0,"key":"Block Potion"},{"floor":13.0,"key":"Strength Potion"},{"floor":14.0,"key":"Strength Potion"},{"floor":18.0,"key":"Energy Potion"},{"floor":25.0,"key":"Strength Potion"},{"floor":28.0,"key":"LiquidBronze"},{"floor":33.0,"key":"Block Potion"},{"floor":35.0,"key":"Block Potion"},{"floor":37.0,"key":"EntropicBrew"},{"floor":54,"key":"Energy Potion"}],"is_trial":false,"path_per_floor":["M","M","M","?","?","E","R","?","T","R","?","R","M","M","R","B",null,"M","?","?","$","M","R","E","M","T","R","M","E","$","M","R","B",null,"M","M","M","T","M","R","E","R","T","?","M","R","M","$","R","B",null,"R","$","E","B"],"character_chosen":"DEFECT","items_purchased":["Loop","Lee\u0027s Waffle","Turbo","Ball Lightning","Regen Potion","Doom and Gloom","FocusPotion","Oddly Smooth Stone","Chaos"],"campfire_rested":1,"item_purchase_floors":[21,21,21,21,30,48,48,48,53],"current_hp_per_floor":[68,68,68,68,56,43,43,39,39,39,39,39,46,53,75,75,75,57,57,57,82,81,81,75,65,72,72,79,63,63,70,70,49,79,87,89,84,84,77,89,89,89,89,89,89,89,89,89,89,44,78,89,89,28,0],"gold":33,"neow_bonus":"ONE_RANDOM_RARE_CARD","is_prod":false,"is_daily":false,"chose_seed":false,"campfire_upgraded":10,"win_rate":0,"timestamp":1558699955,"path_taken":["M","?","M","?","?","E","R","?","T","R","?","R","M","?","R","BOSS","M","?","?","$","M","R","E","M","T","R","M","E","$","M","R","BOSS","M","M","M","?","M","R","E","R","T","?","M","R","M","$","R","BOSS","R","$","E","BOSS"],"build_version":"2019-01-23","purchased_purges":2,"victory":false,"max_hp_per_floor":[75,75,75,75,75,75,75,75,75,75,75,75,75,75,75,75,75,75,75,75,82,82,82,82,82,89,89,89,89,89,89,89,89,89,89,89,89,89,89,89,89,89,89,89,89,89,89,89,89,89,89,89,89,89,89],"card_choices":[{"not_picked":["Go for the Eyes","Scrape"],"picked":"Conserve Battery","floor":1.0},{"not_picked":["Chaos","Loop"],"picked":"Glacier","floor":2.0},{"not_picked":["Cold Snap","Recycle"],"picked":"Hello World","floor":3.0},{"not_picked":["Redo","Machine Learning"],"picked":"Self Repair","floor":6.0},{"not_picked":["Steam","Rebound"],"picked":"Tempest","floor":8.0},{"not_picked":["Doom and Gloom","Beam Cell"],"picked":"Hologram","floor":13.0},{"not_picked":["Barrage","Go for the Eyes"],"picked":"Cold Snap","floor":14.0},{"not_picked":["Machine Learning","Buffer"],"picked":"Electrodynamics","floor":16.0},{"not_picked":["Chaos","Beam Cell"],"picked":"Streamline","floor":18.0},{"not_picked":["Leap","Steam"],"picked":"Hologram+1","floor":22.0},{"not_picked":["Aggregate+1","Leap"],"picked":"BootSequence","floor":24.0},{"not_picked":["Compile Driver+1","Glacier"],"picked":"Sweeping Beam","floor":25.0},{"not_picked":["Coolheaded+1","Compile Driver+1"],"picked":"Go for the Eyes+1","floor":28.0},{"not_picked":["Ball Lightning","Electrodynamics"],"picked":"Double Energy","floor":29.0},{"not_picked":["Go for the Eyes","Recycle"],"picked":"Self Repair+1","floor":31.0},{"not_picked":["Hyperbeam","Rainbow"],"picked":"Biased Cognition","floor":33.0},{"not_picked":["Turbo","Gash+1","Self Repair"],"picked":"SKIP","floor":35.0},{"not_picked":["Gash+1","Self Repair"],"picked":"Turbo","floor":35.0},{"not_picked":["Genetic Algorithm","Turbo"],"picked":"Double Energy","floor":36.0},{"not_picked":["Compile Driver+1","Rebound","Barrage"],"picked":"SKIP","floor":37.0},{"not_picked":["Barrage+1","Streamline"],"picked":"Leap+1","floor":39.0},{"not_picked":["Biased Cognition","Ball Lightning"],"picked":"Turbo+1","floor":41.0},{"not_picked":["Reinforced Body","Sweeping Beam+1"],"picked":"Redo","floor":45.0},{"not_picked":["Conserve Battery","Steam+1"],"picked":"Force Field","floor":47.0},{"not_picked":["Ball Lightning","Beam Cell+1"],"picked":"Heatsinks+1","floor":54}],"player_experience":725910,"relics_obtained":[{"floor":6.0,"key":"DataDisk"},{"floor":9.0,"key":"Bag of Marbles"},{"floor":24.0,"key":"Tiny Chest"},{"floor":26.0,"key":"Strawberry"},{"floor":29.0,"key":"Bronze Scales"},{"floor":38.0,"key":"Omamori"},{"floor":41.0,"key":"Ice Cream"},{"floor":54,"key":"Blood Vial"}],"event_choices":[{"damage_healed":0.0,"max_hp_gain":0.0,"max_hp_loss":0.0,"gold_gain":0.0,"event_name":"Golden Wing","player_choice":"Ignored","floor":4.0,"gold_loss":0.0,"damage_taken":0.0},{"damage_healed":0.0,"max_hp_gain":0.0,"max_hp_loss":0.0,"gold_gain":0.0,"event_name":"Scrap Ooze","player_choice":"Success","floor":5.0,"gold_loss":0.0,"damage_taken":12.0,"relics_obtained":["Art of War"]},{"damage_healed":0.0,"max_hp_gain":0.0,"max_hp_loss":0.0,"gold_gain":30.0,"event_name":"Dead Adventurer","player_choice":"Searched \u00273\u0027 times","floor":8.0,"gold_loss":0.0,"damage_taken":0.0,"relics_obtained":["Regal Pillow"]},{"damage_healed":0.0,"max_hp_gain":0.0,"max_hp_loss":0.0,"gold_gain":0.0,"cards_transformed":["Strike_B"],"event_name":"Living Wall","player_choice":"Change","floor":11.0,"gold_loss":0.0,"damage_taken":0.0,"cards_obtained":["Fusion"]},{"damage_healed":0.0,"max_hp_gain":0.0,"max_hp_loss":0.0,"gold_gain":0.0,"event_name":"Vampires","player_choice":"Ignored","floor":19.0,"gold_loss":0.0,"damage_taken":0.0},{"damage_healed":0.0,"max_hp_gain":0.0,"max_hp_loss":0.0,"gold_gain":100.0,"event_name":"The Joust","player_choice":"Bet on Murderer","floor":20.0,"gold_loss":50.0,"damage_taken":0.0},{"cards_removed":["Cold Snap"],"damage_healed":0.0,"max_hp_gain":0.0,"max_hp_loss":0.0,"gold_gain":0.0,"event_name":"Falling","player_choice":"Removed Attack","floor":44.0,"gold_loss":0.0,"damage_taken":0.0}],"is_beta":false,"boss_relics":[{"not_picked":["Coffee Dripper","Sozu"],"picked":"Runic Pyramid"},{"not_picked":["White Beast Statue","Empty Cage"],"picked":"Eternal Feather"}],"items_purged_floors":[21,30],"is_endless":false,"potions_floor_spawned":[8,13,14,18,25,28,33,35,37,41,54],"killed_by":"The Heart","ascension_level":7}