{"gold_per_floor":[117,117,133,133,150,150,150,180,203,217,236,263,276,46,46,148,148,168,178,192,211,224,224,224],"floor_reached":24,"playtime":1269,"items_purged":["Strike_B"],"score":339,"play_id":"4c1c0ccb-a0e1-4898-99da-01df2380b233","local_time":"20181203014323","is_ascension_mode":true,"campfire_choices":[{"data":"Streamline","floor":6,"key":"SMITH"},{"floor":15,"key":"REST"},{"data":"Sunder","floor":23,"key":"SMITH"}],"neow_cost":"NONE","seed_source_timestamp":23757748243646,"circlet_count":0,"master_deck":["AscendersBane","Strike_B+1","Strike_B","Strike_B","Defend_B","Defend_B","Defend_B","Defend_B","Zap","Dualcast","Conserve Battery+1","Conserve Battery","Streamline+1","Reinforced Body","Sunder+1","Rebound","Self Repair","Amplify","Hologram","Loop","Static Discharge"],"relics":["Runic Pyramid","Omamori","Bronze Scales","Art of War","Regal Pillow","Cursed Key"],"potions_floor_usage":[8,8,8,12,13,16,21],"damage_taken":[{"damage":0,"enemies":"Small Slimes","floor":1,"turns":3},{"damage":5,"enemies":"Cultist","floor":3,"turns":4},{"damage":7,"enemies":"Jaw Worm","floor":5,"turns":3},{"damage":14,"enemies":"Gremlin Nob","floor":8,"turns":4},{"damage":16,"enemies":"Lots of Slimes","floor":10,"turns":4},{"damage":0,"enemies":"Looter","floor":11,"turns":3},{"damage":1,"enemies":"3 Sentries","floor":12,"turns":6},{"damage":0,"enemies":"Large Slime","floor":13,"turns":3},{"damage":24,"enemies":"The Guardian","floor":16,"turns":12},{"damage":22,"enemies":"2 Thieves","floor":18,"turns":4},{"damage":7,"enemies":"Chosen","floor":19,"turns":4},{"damage":20,"enemies":"Centurion and Healer","floor":20,"turns":6},{"damage":26,"enemies":"Shelled Parasite and Fungi","floor":21,"turns":7},{"damage":16,"enemies":"Snecko","floor":22,"turns":6},{"damage":49,"enemies":"Gremlin Leader","floor":24,"turns":6}],"seed_played":"-3665025793979758733","potions_obtained":[{"floor":3,"key":"Explosive Potion"},{"floor":5,"key":"SteroidPotion"},{"floor":7,"key":"EntropicBrew"},{"floor":7,"key":"Block Potion"},{"floor":11,"key":"Block Potion"},{"floor":12,"key":"AttackPotion"},{"floor":16,"key":"Strength Potion"},{"floor":19,"key":"Explosive Potion"}],"is_trial":false,"path_per_floor":["M","?","M","?","M","R","?","E","T","M","M","E","M","$","R","B",null,"M","M","M","M","M","R","E"],"character_chosen":"DEFECT","items_purchased":["Regal Pillow"],"campfire_rested":1,"item_purchase_floors":[14],"current_hp_per_floor":[68,53,48,41,34,34,34,20,20,4,4,3,3,3,40,23,62,54,61,55,43,41,41,0],"gold":224,"neow_bonus":"BOSS_RELIC","is_prod":false,"is_daily":false,"chose_seed":false,"campfire_upgraded":2,"win_rate":0,"timestamp":1543819403,"path_taken":["M","?","M","?","?","R","?","E","T","M","?","E","M","$","R","BOSS","M","M","M","M","M","R","E"],"build_version":"2018-11-15","purchased_purges":1,"victory":false,"max_hp_per_floor":[75,75,75,75,75,75,75,75,75,75,75,75,75,75,75,75,75,75,75,75,75,75,75,75],"card_choices":[{"not_picked":["Scrape","Steam"],"picked":"Conserve Battery","floor":1},{"not_picked":["Undo","Stack"],"picked":"Conserve Battery","floor":3},{"not_picked":["Cold Snap","Scrape"],"picked":"Streamline","floor":5},{"not_picked":["Coolheaded","Aggregate"],"picked":"Reinforced Body","floor":8},{"not_picked":["Blizzard","Lockon"],"picked":"Sunder","floor":10},{"not_picked":["Compile Driver","Coolheaded","Force Field"],"picked":"SKIP","floor":11},{"not_picked":["Redo","Cold Snap"],"picked":"Rebound","floor":12},{"not_picked":["Compile Driver","Barrage"],"picked":"Self Repair","floor":13},{"not_picked":["Thunder Strike","All For One"],"picked":"Amplify","floor":16},{"not_picked":["Double Energy","Genetic Algorithm","Steam"],"picked":"SKIP","floor":18},{"not_picked":["Go for the Eyes","Stack"],"picked":"Hologram","floor":19},{"not_picked":["Storm","Gash"],"picked":"Loop","floor":20},{"not_picked":["Conserve Battery","Hello World"],"picked":"Static Discharge","floor":21},{"not_picked":["Stack","Hologram","Steam"],"picked":"SKIP","floor":22}],"player_experience":783256,"relics_obtained":[{"floor":8,"key":"Omamori"},{"floor":9,"key":"Bronze Scales"},{"floor":12,"key":"Art of War"}],"event_choices":[{"damage_healed":0,"gold_gain":0,"player_choice":"Entered Light","damage_taken":15,"max_hp_gain":0,"max_hp_loss":0,"event_name":"Shining Light","floor":2,"gold_loss":0,"cards_upgraded":["Strike_B","Conserve Battery"]},{"damage_healed":0,"gold_gain":0,"player_choice":"Damaged","damage_taken":7,"max_hp_gain":0,"max_hp_loss":0,"event_name":"Wheel of Change","floor":4,"gold_loss":0},{"damage_healed":0,"gold_gain":0,"player_choice":"Got Potions","damage_taken":0,"max_hp_gain":0,"max_hp_loss":0,"event_name":"Lab","floor":7,"gold_loss":0}],"is_beta":false,"boss_relics":[{"not_picked":["Tiny House","Astrolabe"],"picked":"Cursed Key"}],"items_purged_floors":[14],"is_endless":false,"potions_floor_spawned":[3,5,11,12,16,19],"killed_by":"Gremlin Leader","ascension_level":12}