{"gold_per_floor":[116,129,54,74,86,186,186,219,219,233,233,253,253,263,263,359,359,375,98,127,141,141,172,172,187,233,233,34,34,34,44,44,44],"floor_reached":33,"playtime":1595,"items_purged":["Strike_G"],"score":392,"play_id":"5c948187-75b2-4e96-885a-582d4ff30d8d","local_time":"20180812135232","is_ascension_mode":false,"campfire_choices":[{"data":"Sucker Punch","floor":7,"key":"SMITH"},{"data":"Finisher","floor":11,"key":"SMITH"},{"floor":13,"key":"REST"},{"data":"Neutralize","floor":15,"key":"SMITH"},{"data":"A Thousand Cuts","floor":24,"key":"SMITH"},{"data":"Secret Weapon","floor":27,"key":"SMITH"},{"data":"Quick Slash","floor":29,"key":"SMITH"},{"floor":32,"key":"REST"}],"neow_cost":"","seed_source_timestamp":2742009500711020,"circlet_count":0,"master_deck":["Defend_G","Defend_G+1","Defend_G+1","Defend_G","Strike_G","Strike_G","Survivor","Neutralize+1","Finisher+1","Heel Hook","Cloak And Dagger","Sucker Punch+1","Terror","Outmaneuver","Deflect","Flying Knee","A Thousand Cuts+1","Distraction+1","A Thousand Cuts+1","Dash+1","Jack Of All Trades","Secret Weapon+1","Quick Slash+1","Masterful Stab","Ghostly","Ghostly","Ghostly","Ghostly","Ghostly","Setup+1","Finisher+1"],"relics":["Ring of the Snake","War Paint","Ninja Scroll","Astrolabe","Red Mask","Calipers","Pen Nib","DollysMirror","Enchiridion"],"potions_floor_usage":[8,16,16,18,20,31,33],"damage_taken":[{"damage":2,"enemies":"Jaw Worm","floor":1,"turns":5},{"damage":0,"enemies":"Cultist","floor":2,"turns":3},{"damage":0,"enemies":"2 Louse","floor":4,"turns":2},{"damage":8,"enemies":"Blue Slaver","floor":5,"turns":5},{"damage":7,"enemies":"3 Sentries","floor":8,"turns":8},{"damage":0,"enemies":"3 Louse","floor":10,"turns":4},{"damage":12,"enemies":"Exordium Wildlife","floor":12,"turns":5},{"damage":0,"enemies":"Looter","floor":14,"turns":2},{"damage":4,"enemies":"Hexaghost","floor":16,"turns":6},{"damage":6,"enemies":"Chosen","floor":18,"turns":2},{"damage":0,"floor":20,"turns":4},{"damage":0,"enemies":"3 Byrds","floor":21,"turns":3},{"damage":9,"enemies":"Book of Stabbing","floor":23,"turns":7},{"damage":2,"enemies":"Cultist and Chosen","floor":25,"turns":8},{"damage":4,"enemies":"Snecko","floor":31,"turns":5},{"damage":20,"enemies":"Automaton","floor":33,"turns":4}],"seed_played":"-1628155087802369716","potions_obtained":[{"floor":1,"key":"Fire Potion"},{"floor":4,"key":"FearPotion"},{"floor":8,"key":"PowerPotion"},{"floor":10,"key":"Ancient Potion"},{"floor":14,"key":"SteroidPotion"},{"floor":18,"key":"Dexterity Potion"},{"floor":23,"key":"SpeedPotion"},{"floor":25,"key":"Dexterity Potion"}],"is_trial":true,"path_per_floor":["M","M","$","M","M","?","R","E","T","M","R","M","R","M","R","B",null,"M","$","?","M","?","E","R","M","T","R","$","R","?","M","R"],"character_chosen":"THE_SILENT","items_purchased":["Jack Of All Trades","Secret Weapon","DollysMirror"],"campfire_rested":2,"item_purchase_floors":[19,19,28],"current_hp_per_floor":[68,68,68,68,60,60,60,53,53,53,53,41,62,62,62,58,70,64,64,64,64,35,26,26,24,24,24,24,24,8,4,14,0],"gold":44,"neow_bonus":"","is_prod":false,"is_daily":false,"chose_seed":false,"campfire_upgraded":6,"win_rate":0,"timestamp":1534096352,"path_taken":["M","M","$","M","M","?","R","E","T","M","R","M","R","?","R","BOSS","M","$","?","M","?","E","R","M","T","R","$","R","?","M","R","BOSS"],"build_version":"2018-08-09","purchased_purges":1,"victory":false,"max_hp_per_floor":[70,70,70,70,70,70,70,70,70,70,70,70,70,70,70,70,70,70,70,70,70,35,35,35,35,35,35,35,35,35,35,35,35],"card_choices":[{"not_picked":["Backflip","PiercingWail"],"picked":"Finisher","floor":1},{"not_picked":["Bane","Leg Sweep"],"picked":"Heel Hook","floor":2},{"not_picked":["Masterful Stab","Dodge and Roll"],"picked":"Cloak And Dagger","floor":4},{"not_picked":["Dash","Doppelganger"],"picked":"Sucker Punch","floor":5},{"not_picked":["Dodge and Roll","Catalyst"],"picked":"Terror","floor":8},{"not_picked":["Deadly Poison","PiercingWail"],"picked":"Outmaneuver","floor":10},{"not_picked":["Skewer","Choke"],"picked":"Deflect","floor":12},{"not_picked":["Storm of Steel","Prepared"],"picked":"Flying Knee","floor":14},{"not_picked":["Venomology","Doppelganger"],"picked":"A Thousand Cuts","floor":16},{"not_picked":["Dagger Throw","Bane","Dodge and Roll"],"picked":"SKIP","floor":18},{"not_picked":["Outmaneuver","Tactician"],"picked":"Quick Slash","floor":20},{"not_picked":["Flechettes","Noxious Fumes"],"picked":"Masterful Stab","floor":21},{"not_picked":["Outmaneuver","Phantasmal Killer"],"picked":"Setup+1","floor":23},{"not_picked":["Bane+1","PiercingWail","Quick Slash"],"picked":"SKIP","floor":25},{"not_picked":["Acrobatics","Slice","Backflip"],"picked":"SKIP","floor":31}],"player_experience":418574,"relics_obtained":[{"floor":8,"key":"War Paint"},{"floor":9,"key":"Ninja Scroll"},{"floor":20,"key":"Red Mask"},{"floor":23,"key":"Calipers"},{"floor":26,"key":"Pen Nib"},{"floor":30,"key":"Enchiridion"}],"event_choices":[{"event_name":"Golden Shrine","player_choice":"Pray","floor":6,"damage_taken":0},{"event_name":"Masked Bandits","player_choice":"Fought Bandits","floor":20,"damage_taken":0},{"event_name":"Ghosts","player_choice":"Became a Ghost","floor":22,"damage_taken":0},{"event_name":"Cursed Tome","player_choice":"Obtained Book","floor":30,"damage_taken":0}],"is_beta":false,"boss_relics":[{"not_picked":["Sozu","Tiny House"],"picked":"Astrolabe"}],"items_purged_floors":[3],"is_endless":true,"potions_floor_spawned":[1,4,8,10,14,18,23,25],"killed_by":"Automaton","ascension_level":0}