{"gold_per_floor":[118,118,136,8,83,83,5,34,34,34,61,86,121,131,131,206,206,224,200,219,134,134,168,168,202,202,202,232,244,244,344,344,416,416,433,433,41,87,87,119,119,150,150,150,185,200,200,220,220,220,220],"floor_reached":51,"playtime":3707,"items_purged":["Strike_B"],"score":1835,"play_id":"68596cf8-90d7-42e0-a085-182365da2882","local_time":"20190828191835","is_ascension_mode":true,"campfire_choices":[{"data":"Lockon","floor":6,"key":"SMITH"},{"data":"Conserve Battery","floor":15,"key":"SMITH"},{"floor":24,"key":"REST"},{"floor":30,"key":"REST"},{"floor":32,"key":"DIG"},{"floor":41,"key":"DIG"},{"floor":44,"key":"DIG"},{"floor":49,"key":"RECALL"}],"neow_cost":"NONE","seed_source_timestamp":2775660031020236,"circlet_count":0,"master_deck":["AscendersBane","Strike_B","Strike_B","Defend_B","Defend_B","Defend_B+1","Defend_B","Zap+1","Dualcast","Coolheaded","Lockon+1","Cold Snap+1","Conserve Battery","Cold Snap","Compile Driver","Doom and Gloom","Double Energy+1","Conserve Battery+1","Reboot","Sweeping Beam+1","Machine Learning","Biased Cognition+1","Beam Cell","Buffer+1","Ball Lightning+1","Go for the Eyes+1","Rainbow+1","FTL+1","Seek","Barrage+1","Doom and Gloom+1","Stack","Rip and Tear+1","Cold Snap+1"],"relics":["Cracked Core","NeowsBlessing","Blood Vial","Cables","Orichalcum","Bag of Preparation","Fusion Hammer","Boot","PreservedInsect","Happy Flower","Frozen Egg 2","Molten Egg 2","Shovel","Letter Opener","Centennial Puzzle","Black Star","ClockworkSouvenir","Peace Pipe","Art of War","Symbiotic Virus","Potion Belt","Vajra","Nunchaku","FossilizedHelix","War Paint","Dodecahedron","Lantern"],"potions_floor_usage":[11,18,23,25,25,28,33,40,50,51],"damage_taken":[{"damage":0,"enemies":"Jaw Worm","floor":1,"turns":1},{"damage":0,"enemies":"Cultist","floor":3,"turns":1},{"damage":0,"enemies":"Lagavulin","floor":8,"turns":1},{"damage":6,"enemies":"Gremlin Nob","floor":11,"turns":3},{"damage":2,"enemies":"Lagavulin","floor":13,"turns":6},{"damage":0,"enemies":"Small Slimes","floor":14,"turns":2},{"damage":9,"enemies":"The Guardian","floor":16,"turns":10},{"damage":0,"enemies":"Chosen","floor":18,"turns":5},{"damage":11,"enemies":"2 Thieves","floor":19,"turns":4},{"damage":0,"enemies":"3 Cultists","floor":20,"turns":5},{"damage":23,"enemies":"Gremlin Leader","floor":23,"turns":7},{"damage":19,"enemies":"Book of Stabbing","floor":25,"turns":5},{"damage":14,"enemies":"Gremlin Leader","floor":28,"turns":4},{"damage":17,"enemies":"Shelled Parasite and Fungi","floor":29,"turns":5},{"damage":0,"enemies":"Colosseum Slavers","floor":31,"turns":3},{"damage":0,"enemies":"Colosseum Nobs","floor":31,"turns":3},{"damage":0,"enemies":"Champ","floor":33,"turns":10},{"damage":5,"enemies":"3 Shapes","floor":35,"turns":4},{"damage":11,"enemies":"2 Orb Walkers","floor":38,"turns":6},{"damage":0,"enemies":"Giant Head","floor":40,"turns":6},{"damage":15,"enemies":"Nemesis","floor":42,"turns":3},{"damage":0,"enemies":"Reptomancer","floor":45,"turns":5},{"damage":0,"enemies":"3 Darklings","floor":46,"turns":3},{"damage":0,"enemies":"Writhing Mass","floor":48,"turns":3},{"damage":27,"enemies":"Awakened One","floor":50,"turns":13},{"damage":32,"enemies":"Time Eater","floor":51,"turns":6}],"seed_played":"652089300954561175","potions_obtained":[{"floor":3,"key":"PowerPotion"},{"floor":14,"key":"Ancient Potion"},{"floor":16,"key":"Regen Potion"},{"floor":19,"key":"EntropicBrew"},{"floor":25,"key":"FocusPotion"},{"floor":31,"key":"LiquidBronze"},{"floor":38,"key":"Ancient Potion"},{"floor":42,"key":"Ancient Potion"},{"floor":48,"key":"SteroidPotion"}],"is_trial":false,"path_per_floor":["M","?","M","$","?","R","$","E","T","?","E","T","E","M","R","B",null,"M","M","M","?","?","E","R","E","T","?","E","M","R","?","R","B",null,"M","?","$","?","?","E","R","E","T","R","E","M","?","M","R","B","B"],"character_chosen":"DEFECT","items_purchased":["Cold Snap","Conserve Battery","Cold Snap","ClockworkSouvenir","Seek"],"campfire_rested":2,"item_purchase_floors":[4,7,7,37,37],"current_hp_per_floor":[64,64,64,64,53,53,53,53,53,32,28,28,28,30,30,23,59,61,52,54,54,54,48,69,52,52,52,49,34,55,59,59,61,69,66,66,66,57,57,59,59,46,46,46,48,50,50,52,52,27,0],"gold":220,"neow_bonus":"THREE_ENEMY_KILL","is_prod":false,"is_daily":false,"chose_seed":false,"campfire_upgraded":2,"win_rate":0,"timestamp":1567034315,"path_taken":["M","?","?","?","?","R","?","E","T","?","E","?","E","M","R","BOSS","M","?","M","?","?","E","R","E","T","?","E","M","R","?","R","BOSS","M","?","$","?","?","E","R","E","T","R","E","M","?","?","R","BOSS","BOSS"],"build_version":"2019-07-17","purchased_purges":1,"victory":false,"max_hp_per_floor":[71,71,71,71,71,71,71,71,71,71,71,71,71,71,71,71,71,71,71,71,71,71,71,71,71,71,71,71,71,71,71,71,71,71,71,71,71,71,71,71,71,71,71,71,71,71,71,71,71,71,71],"card_choices":[{"not_picked":["Recycle","Steam"],"picked":"Coolheaded","floor":1},{"not_picked":["Go for the Eyes","Leap"],"picked":"Lockon","floor":3},{"not_picked":["Turbo","Gash"],"picked":"Compile Driver","floor":8},{"not_picked":["Hologram","Consume"],"picked":"Doom and Gloom","floor":11},{"not_picked":["Beam Cell","Sweeping Beam"],"picked":"Double Energy","floor":13},{"not_picked":["Gash","Leap"],"picked":"Conserve Battery","floor":14},{"not_picked":["Echo Form","Amplify"],"picked":"Reboot","floor":16},{"not_picked":["Rebound","Gash","Barrage"],"picked":"SKIP","floor":18},{"not_picked":["Steam","Skim"],"picked":"Sweeping Beam+1","floor":19},{"not_picked":["Reinforced Body","Steam","Streamline"],"picked":"SKIP","floor":20},{"not_picked":["Heatsinks","Storm"],"picked":"Biased Cognition","floor":23},{"not_picked":["Double Energy","Thunder Strike"],"picked":"Beam Cell","floor":25},{"not_picked":["Sunder","Beam Cell"],"picked":"Buffer+1","floor":28},{"not_picked":["Conserve Battery","Cold Snap+1"],"picked":"Ball Lightning+1","floor":29},{"not_picked":["Barrage+1","Turbo"],"picked":"Go for the Eyes+1","floor":31},{"not_picked":["All For One+1","Seek"],"picked":"Rainbow","floor":33},{"not_picked":["Steam","Sweeping Beam+1"],"picked":"FTL+1","floor":35},{"not_picked":["Conserve Battery","Self Repair+1"],"picked":"Barrage+1","floor":38},{"not_picked":["Double Energy","Leap"],"picked":"Doom and Gloom+1","floor":40},{"not_picked":["Steam","Streamline+1"],"picked":"Stack","floor":42},{"not_picked":["Cold Snap+1","Coolheaded"],"picked":"Rip and Tear+1","floor":45},{"not_picked":["Sweeping Beam+1","Recycle"],"picked":"Cold Snap+1","floor":46},{"not_picked":["Cold Snap+1","Thunder Strike+1","Melter+1"],"picked":"SKIP","floor":48}],"player_experience":1876138,"relics_obtained":[{"floor":8,"key":"Blood Vial"},{"floor":9,"key":"Cables"},{"floor":11,"key":"Orichalcum"},{"floor":13,"key":"Bag of Preparation"},{"floor":23,"key":"PreservedInsect"},{"floor":25,"key":"Happy Flower"},{"floor":26,"key":"Frozen Egg 2"},{"floor":28,"key":"Molten Egg 2"},{"floor":31,"key":"Shovel"},{"floor":31,"key":"Letter Opener"},{"floor":32,"key":"Centennial Puzzle"},{"floor":38,"key":"Peace Pipe"},{"floor":40,"key":"Art of War"},{"floor":40,"key":"Symbiotic Virus"},{"floor":41,"key":"Potion Belt"},{"floor":42,"key":"Vajra"},{"floor":42,"key":"Nunchaku"},{"floor":43,"key":"FossilizedHelix"},{"floor":44,"key":"War Paint"},{"floor":45,"key":"Dodecahedron"},{"floor":45,"key":"Lantern"}],"event_choices":[{"damage_healed":0,"gold_gain":0,"player_choice":"Upgraded","damage_taken":0,"max_hp_gain":0,"max_hp_loss":0,"event_name":"Upgrade Shrine","floor":2,"gold_loss":0,"cards_upgraded":["Zap"]},{"damage_healed":0,"gold_gain":75,"player_choice":"Gather Gold","damage_taken":11,"max_hp_gain":0,"max_hp_loss":0,"event_name":"World of Goop","floor":5,"gold_loss":0},{"damage_healed":0,"gold_gain":0,"player_choice":"Entered Light","damage_taken":21,"max_hp_gain":0,"max_hp_loss":0,"event_name":"Shining Light","floor":10,"gold_loss":0,"cards_upgraded":["Cold Snap","Defend_B"]},{"damage_healed":0,"gold_gain":0,"player_choice":"Obtained Relic","damage_taken":0,"relics_obtained":["Boot"],"max_hp_gain":0,"max_hp_loss":0,"event_name":"Addict","floor":21,"gold_loss":85},{"damage_healed":0,"gold_gain":0,"player_choice":"Read","damage_taken":0,"max_hp_gain":0,"max_hp_loss":0,"event_name":"The Library","floor":22,"gold_loss":0,"cards_obtained":["Machine Learning"]},{"damage_healed":0,"gold_gain":0,"player_choice":"Ignored","damage_taken":0,"max_hp_gain":0,"max_hp_loss":0,"event_name":"Ghosts","floor":27,"gold_loss":0},{"damage_healed":0,"gold_gain":0,"player_choice":"Fight","damage_taken":0,"max_hp_gain":0,"max_hp_loss":0,"event_name":"Colosseum","floor":31,"gold_loss":0},{"damage_healed":0,"gold_gain":0,"player_choice":"Fought Nobs","damage_taken":0,"max_hp_gain":0,"max_hp_loss":0,"event_name":"Colosseum","floor":31,"gold_loss":0},{"damage_healed":0,"gold_gain":0,"player_choice":"Ignored","damage_taken":0,"max_hp_gain":0,"max_hp_loss":0,"event_name":"Tomb of Lord Red Mask","floor":36,"gold_loss":0},{"damage_healed":0,"gold_gain":0,"player_choice":"Fight","damage_taken":0,"max_hp_gain":0,"max_hp_loss":0,"event_name":"Mysterious Sphere","floor":38,"gold_loss":0},{"cards_removed":["Strike_B"],"damage_healed":0,"gold_gain":0,"player_choice":"Removed Attack","damage_taken":0,"max_hp_gain":0,"max_hp_loss":0,"event_name":"Falling","floor":39,"gold_loss":0},{"damage_healed":0,"gold_gain":0,"player_choice":"Upgraded","damage_taken":0,"max_hp_gain":0,"max_hp_loss":0,"event_name":"Upgrade Shrine","floor":47,"gold_loss":0,"cards_upgraded":["Biased Cognition"]}],"is_beta":false,"boss_relics":[{"not_picked":["Ectoplasm","FrozenCore"],"picked":"Fusion Hammer"},{"not_picked":["Nuclear Battery","Eternal Feather"],"picked":"Black Star"}],"items_purged_floors":[4],"is_endless":false,"potions_floor_spawned":[3,14,16,19,25,31,31,38,42,48],"killed_by":"Time Eater","ascension_level":20}