{"gold_per_floor":[366,366,383,13,26,26,52,52,125,143,158,108,108,118,118,217,217,232,244,244,279,378,378,378],"floor_reached":24,"playtime":1729,"items_purged":[],"score":196,"play_id":"831fadd8-b00e-4b92-b987-e605918a05c9","local_time":"20190323194657","is_ascension_mode":false,"campfire_choices":[{"floor":6,"key":"REST"},{"data":"Neutralize","floor":8,"key":"SMITH"},{"floor":15,"key":"REST"},{"floor":23,"key":"REST"}],"neow_cost":"CURSE","seed_source_timestamp":3641961556194,"circlet_count":0,"master_deck":["Defend_G","Defend_G","Defend_G","Defend_G+1","Defend_G","Strike_G","Strike_G","Strike_G","Strike_G+1","Strike_G","Survivor","Neutralize+1","Acrobatics","Crippling Poison","Poisoned Stab","Caltrops","Outmaneuver","Dash","Flying Knee","Sucker Punch","PiercingWail","Quick Slash","Terror","Envenom","Writhe","Injury","Parasite","Dagger Spray","Poisoned Stab","Backflip"],"relics":["Ring of the Snake","Juzu Bracelet","Happy Flower","Ninja Scroll","Calling Bell","Boot","Letter Opener","Bird Faced Urn","Red Mask"],"potions_floor_usage":[7,7,18,21,21],"damage_taken":[{"damage":0,"enemies":"2 Louse","floor":1,"turns":3},{"damage":7,"enemies":"Jaw Worm","floor":3,"turns":4},{"damage":0,"enemies":"Cultist","floor":5,"turns":4},{"damage":24,"enemies":"Gremlin Nob","floor":7,"turns":5},{"damage":0,"enemies":"3 Louse","floor":10,"turns":3},{"damage":2,"enemies":"Looter","floor":11,"turns":3},{"damage":0,"enemies":"Exordium Wildlife","floor":14,"turns":5},{"damage":44,"enemies":"Slime Boss","floor":16,"turns":17},{"damage":22,"enemies":"Chosen","floor":18,"turns":5},{"damage":14,"enemies":"Shell Parasite","floor":19,"turns":7},{"damage":23,"enemies":"Masked Bandits","floor":21,"turns":5},{"damage":41,"enemies":"Sentry and Sphere","floor":24,"turns":6}],"seed_played":"-3809211710418702916","potions_obtained":[{"floor":1,"key":"Energy Potion"},{"floor":3,"key":"Energy Potion"},{"floor":11,"key":"Energy Potion"},{"floor":16,"key":"SkillPotion"},{"floor":19,"key":"AttackPotion"}],"is_trial":false,"path_per_floor":["M","?","M","$","M","R","E","R","T","M","M","?","?","M","R","B",null,"M","M","?","?","?","R","M"],"character_chosen":"THE_SILENT","items_purchased":["Poisoned Stab","Juzu Bracelet","Caltrops","Outmaneuver","Dash"],"campfire_rested":3,"item_purchase_floors":[4,4,4,4,4],"current_hp_per_floor":[70,56,49,49,49,70,46,46,46,46,44,44,44,44,65,21,70,48,38,38,17,17,38,0],"gold":378,"neow_bonus":"TWO_FIFTY_GOLD","is_prod":false,"is_daily":false,"chose_seed":false,"campfire_upgraded":1,"win_rate":0.0,"timestamp":1553334417,"path_taken":["M","?","M","$","M","R","E","R","T","M","M","?","?","M","R","BOSS","M","M","?","?","?","R","M"],"build_version":"2019-01-23","purchased_purges":0,"victory":false,"max_hp_per_floor":[70,70,70,70,70,70,70,70,70,70,70,70,70,70,70,70,70,70,70,70,70,70,70,70],"card_choices":[{"not_picked":["Tactician","Eviscerate"],"picked":"Acrobatics","floor":1},{"not_picked":["Acrobatics","Prepared"],"picked":"Crippling Poison","floor":3},{"not_picked":["Expertise","Outmaneuver"],"picked":"Flying Knee","floor":5},{"not_picked":["Well Laid Plans","Venomology"],"picked":"Sucker Punch","floor":7},{"not_picked":["Sucker Punch","Caltrops"],"picked":"PiercingWail","floor":10},{"not_picked":["Slice","Underhanded Strike"],"picked":"Quick Slash","floor":11},{"not_picked":["Poisoned Stab","Dodge and Roll"],"picked":"Terror","floor":14},{"not_picked":["Adrenaline","Phantasmal Killer"],"picked":"Envenom","floor":16},{"not_picked":["Outmaneuver","Underhanded Strike+1"],"picked":"Dagger Spray","floor":18},{"not_picked":["Endless Agony","Bouncing Flask"],"picked":"Poisoned Stab","floor":19},{"not_picked":["Burst","Eviscerate"],"picked":"Backflip","floor":21}],"player_experience":75686,"relics_obtained":[{"floor":7,"key":"Happy Flower"},{"floor":9,"key":"Ninja Scroll"},{"floor":17,"key":"Boot"},{"floor":17,"key":"Letter Opener"},{"floor":17,"key":"Bird Faced Urn"},{"floor":21,"key":"Red Mask"}],"event_choices":[{"damage_healed":0,"gold_gain":0,"player_choice":"Entered Light","damage_taken":14,"max_hp_gain":0,"max_hp_loss":0,"event_name":"Shining Light","floor":2,"gold_loss":0,"cards_upgraded":["Defend_G","Strike_G"]},{"cards_removed":["Injury"],"damage_healed":0,"gold_gain":0,"player_choice":"Card Removal","damage_taken":0,"max_hp_gain":0,"max_hp_loss":0,"event_name":"The Cleric","floor":12,"gold_loss":50},{"damage_healed":0,"gold_gain":0,"player_choice":"Ignored","damage_taken":0,"max_hp_gain":0,"max_hp_loss":0,"event_name":"Purifier","floor":13,"gold_loss":0},{"damage_healed":0,"gold_gain":0,"player_choice":"Ignored","damage_taken":0,"max_hp_gain":0,"max_hp_loss":0,"event_name":"Vampires","floor":20,"gold_loss":0},{"damage_healed":0,"gold_gain":0,"player_choice":"Fought Bandits","damage_taken":0,"max_hp_gain":0,"max_hp_loss":0,"event_name":"Masked Bandits","floor":21,"gold_loss":0},{"damage_healed":0,"gold_gain":99,"player_choice":"Stole From Cult","damage_taken":0,"max_hp_gain":0,"max_hp_loss":0,"event_name":"Nest","floor":22,"gold_loss":0}],"is_beta":false,"boss_relics":[{"not_picked":["Lizard Tail","Ring of the Serpent"],"picked":"Calling Bell"}],"items_purged_floors":[],"is_endless":false,"potions_floor_spawned":[1,3,11,16,19],"killed_by":"Sentry and Sphere","ascension_level":0}