{"gold_per_floor":[365,383,396,187,203,230,243,243,243,193,193,208,208,232,232,232],"floor_reached":16,"playtime":1432,"items_purged":["Strike_B"],"score":156,"play_id":"942337e0-0b0f-4fdf-a4b0-6a7d3b33128b","local_time":"20181104194950","is_ascension_mode":true,"campfire_choices":[{"data":"Genetic Algorithm","floor":11,"key":"SMITH"},{"floor":13,"key":"REST"},{"data":"Chaos","floor":15,"key":"SMITH"}],"neow_cost":"TEN_PERCENT_HP_LOSS","seed_source_timestamp":691170469366025,"circlet_count":0,"master_deck":["AscendersBane","Strike_B","Strike_B","Strike_B","Defend_B","Defend_B","Defend_B","Defend_B","Zap","Dualcast","Genetic Algorithm+1","Capacitor","Cold Snap","Loop","Coolheaded","Ball Lightning","Chaos+1","Darkness","Static Discharge","Redo","Fusion"],"relics":["Cracked Core","Bottled Lightning","Golden Idol","Symbiotic Virus"],"potions_floor_usage":[6,6,7],"damage_taken":[{"damage":0,"enemies":"Small Slimes","floor":1,"turns":3},{"damage":13,"enemies":"Jaw Worm","floor":2,"turns":4},{"damage":1,"enemies":"Cultist","floor":3,"turns":3},{"damage":5,"enemies":"Blue Slaver","floor":5,"turns":4},{"damage":10,"enemies":"Gremlin Nob","floor":6,"turns":4},{"damage":7,"enemies":"Exordium Thugs","floor":7,"turns":4},{"damage":15,"enemies":"Gremlin Gang","floor":12,"turns":6},{"damage":2,"enemies":"Red Slaver","floor":14,"turns":3},{"damage":34,"enemies":"The Guardian","floor":16,"turns":2}],"seed_played":"4367135288579624320","potions_obtained":[{"floor":1,"key":"FearPotion"},{"floor":5,"key":"SpeedPotion"},{"floor":6,"key":"EssenceOfSteel"}],"is_trial":false,"path_per_floor":["M","M","M","$","M","E","M","?","T","?","R","M","R","M","R","B"],"character_chosen":"DEFECT","items_purchased":["Loop","Coolheaded","Ball Lightning"],"campfire_rested":1,"item_purchase_floors":[4,4,4],"current_hp_per_floor":[68,55,54,54,49,39,32,32,32,32,32,17,35,33,33,0],"gold":232,"neow_bonus":"TWO_FIFTY_GOLD","is_prod":false,"is_daily":false,"chose_seed":false,"campfire_upgraded":2,"win_rate":0,"timestamp":1541378990,"path_taken":["M","M","M","$","M","E","M","?","T","?","R","M","R","?","R","BOSS"],"build_version":"2018-11-01","purchased_purges":1,"victory":false,"max_hp_per_floor":[68,68,68,68,68,68,68,63,63,63,63,63,63,63,63,63],"card_choices":[{"not_picked":["Static Discharge","Hologram"],"picked":"Genetic Algorithm","floor":1},{"not_picked":["Stack","Hello World"],"picked":"Capacitor","floor":2},{"not_picked":["Beam Cell","BootSequence"],"picked":"Cold Snap","floor":3},{"not_picked":["Turbo","Steam"],"picked":"Chaos","floor":5},{"not_picked":["Barrage","Redo"],"picked":"Darkness","floor":6},{"not_picked":["Aggregate","Beam Cell"],"picked":"Static Discharge","floor":7},{"not_picked":["Stack","Conserve Battery"],"picked":"Redo","floor":12},{"not_picked":["Compile Driver","Doom and Gloom"],"picked":"Fusion","floor":14}],"player_experience":611514,"relics_obtained":[{"floor":6,"key":"Bottled Lightning"},{"floor":9,"key":"Symbiotic Virus"}],"event_choices":[{"damage_healed":0,"gold_gain":0,"player_choice":"Lose Max HP","damage_taken":0,"relics_obtained":["Golden Idol"],"max_hp_gain":0,"max_hp_loss":5,"event_name":"Golden Idol","floor":8,"gold_loss":0},{"damage_healed":0,"gold_gain":0,"player_choice":"Left Gold","damage_taken":0,"max_hp_gain":0,"max_hp_loss":0,"event_name":"World of Goop","floor":10,"gold_loss":50}],"is_beta":false,"boss_relics":[],"items_purged_floors":[4],"is_endless":false,"potions_floor_spawned":[1,5,6],"killed_by":"The Guardian","ascension_level":10}