{"gold_per_floor":[115,115,128,128,142,142,175,175,200,18,33,48,48,73,73,169,169,188,188,188,13,28,28,66,66,66,79,100,25,25,38,38,132,132,153,153,0,0,0,0,0],"floor_reached":41,"playtime":1629,"items_purged":["Injury","Strike_B"],"score":798,"play_id":"5602bee3-94bb-4ba7-89cf-7e134fcfd670","local_time":"20190906061557","is_ascension_mode":true,"campfire_choices":[{"data":"Zap","floor":6.0,"key":"SMITH"},{"data":"Double Energy","floor":8.0,"key":"SMITH"},{"data":"Redo","floor":13.0,"key":"SMITH"},{"floor":15.0,"key":"REST"},{"floor":23,"key":"REST"},{"floor":25,"key":"REST"},{"floor":30,"key":"REST"},{"floor":32,"key":"REST"},{"floor":40,"key":"REST"}],"neow_cost":"NONE","seed_source_timestamp":64019176797571,"circlet_count":0,"master_deck":["AscendersBane","Strike_B","Strike_B","Defend_B","Defend_B","Defend_B","Defend_B","Zap+1","Dualcast","Leap","White Noise","Stack","Double Energy+1","Ball Lightning","Redo+1","Coolheaded","Core Surge","Creative AI","Gash","Storm","Hologram","Sweeping Beam","Compile Driver+1","Electrodynamics","RitualDagger","Undo","Rainbow","BootSequence","Coolheaded+1","Go for the Eyes+1","Multi-Cast","Double Energy","Fission","White Noise","Forethought","Pain"],"special_seed":0,"relics":["Cracked Core","Golden Idol","Pen Nib","Regal Pillow","Oddly Smooth Stone","Orrery","Prayer Wheel","Blue Candle","Eternal Feather","Red Mask","WarpedTongs"],"potions_floor_usage":[33,33],"damage_taken":[{"damage":9.0,"enemies":"2 Louse","floor":1.0,"turns":2.0},{"damage":3.0,"enemies":"Small Slimes","floor":3.0,"turns":3.0},{"damage":3.0,"enemies":"Jaw Worm","floor":5.0,"turns":3.0},{"damage":13.0,"enemies":"Lagavulin","floor":7.0,"turns":6.0},{"damage":0.0,"enemies":"Red Slaver","floor":11.0,"turns":3.0},{"damage":0.0,"enemies":"2 Fungi Beasts","floor":12.0,"turns":2.0},{"damage":59.0,"enemies":"Hexaghost","floor":16.0,"turns":9.0},{"damage":31,"enemies":"Spheric Guardian","floor":18,"turns":5},{"damage":6,"enemies":"Chosen","floor":22,"turns":4},{"damage":41,"enemies":"Slavers","floor":24,"turns":3},{"damage":25,"enemies":"Snake Plant","floor":27,"turns":4},{"damage":28,"enemies":"Shelled Parasite and Fungi","floor":28,"turns":9},{"damage":15,"enemies":"Cultist and Chosen","floor":31,"turns":5},{"damage":59,"enemies":"Automaton","floor":33,"turns":10},{"damage":35,"enemies":"3 Shapes","floor":35,"turns":4},{"damage":84,"enemies":"Reptomancer","floor":41,"turns":6}],"seed_played":"408990035126830010","potions_obtained":[{"floor":7.0,"key":"FearPotion"},{"floor":18,"key":"Dexterity Potion"},{"floor":27,"key":"PowerPotion"}],"is_trial":false,"path_per_floor":["M","?","M","?","M","R","E","R","T","$","M","M","R","T","R","B",null,"M","?","?","$","M","R","E","R","T","M","M","?","R","M","R","B",null,"M","?","?","?","$","R","E"],"character_chosen":"DEFECT","items_purchased":["Ball Lightning","Redo","Undo"],"campfire_rested":6,"item_purchase_floors":[10,10,21],"current_hp_per_floor":[62,62,59,64,61,61,48,48,48,48,48,48,48,48,83,24,68,37,37,31,31,25,64,23,62,62,37,9,9,48,33,72,13,66,31,31,31,31,31,83,0],"gold":0,"neow_bonus":"TEN_PERCENT_HP_BONUS","is_prod":false,"is_daily":false,"chose_seed":false,"campfire_upgraded":3,"win_rate":0,"timestamp":1567714557,"path_taken":["M","?","M","?","M","R","E","R","T","$","M","M","R","?","R","BOSS","M","?","?","$","M","R","E","R","T","M","M","?","R","M","R","BOSS","M","?","?","?","$","R","E"],"build_version":"2019-07-17","purchased_purges":2,"victory":false,"max_hp_per_floor":[78,78,78,83,83,83,83,83,83,83,83,83,83,83,83,83,83,83,83,83,83,83,83,83,83,83,83,83,83,83,83,83,83,83,83,83,83,83,83,83,83],"card_choices":[{"not_picked":["Barrage","Conserve Battery"],"picked":"Leap","floor":1.0},{"not_picked":["Hyperbeam","Barrage"],"picked":"White Noise","floor":3.0},{"not_picked":["Compile Driver","Double Energy"],"picked":"Stack","floor":5.0},{"not_picked":["Doom and Gloom","Rebound"],"picked":"Double Energy","floor":7.0},{"not_picked":["Lockon","Ball Lightning"],"picked":"Coolheaded","floor":11.0},{"not_picked":["Rebound","Recycle"],"picked":"Core Surge","floor":12.0},{"not_picked":["Rainbow","Amplify"],"picked":"Creative AI","floor":16.0},{"not_picked":["Stack","Hologram"],"picked":"Gash","floor":17.0},{"not_picked":["Tempest","Redo"],"picked":"Storm","floor":17.0},{"not_picked":["Ball Lightning","Blizzard"],"picked":"Hologram","floor":17.0},{"not_picked":["Rebound","Hello World"],"picked":"Sweeping Beam","floor":17.0},{"not_picked":["Fusion","Gash"],"picked":"Compile Driver+1","floor":18},{"not_picked":["Gash","Chill+1"],"picked":"Rainbow","floor":22},{"not_picked":["Meteor Strike","Turbo"],"picked":"BootSequence","floor":24},{"not_picked":["Compile Driver+1","Conserve Battery+1"],"picked":"Coolheaded+1","floor":27},{"not_picked":["Hello World","Heatsinks"],"picked":"Go for the Eyes+1","floor":27},{"not_picked":["Go for the Eyes","Scrape","Undo"],"picked":"SKIP","floor":28},{"not_picked":["Go for the Eyes","Leap","Coolheaded+1"],"picked":"SKIP","floor":28},{"not_picked":["Coolheaded","Steam Power"],"picked":"Multi-Cast","floor":31},{"not_picked":["Go for the Eyes","Scrape"],"picked":"Double Energy","floor":31},{"not_picked":["Creative AI","Multi-Cast"],"picked":"Fission","floor":33},{"not_picked":["Hologram","Beam Cell+1"],"picked":"White Noise","floor":35},{"not_picked":["Tempest+1","Skim","Auto Shields"],"picked":"SKIP","floor":35},{"not_picked":["Discovery","Blind"],"picked":"Forethought","floor":36}],"player_experience":1253780,"relics_obtained":[{"floor":7.0,"key":"Pen Nib"},{"floor":9.0,"key":"Regal Pillow"},{"floor":14.0,"key":"Oddly Smooth Stone"},{"floor":24,"key":"Prayer Wheel"},{"floor":26,"key":"Blue Candle"}],"event_choices":[{"damage_healed":0.0,"max_hp_gain":0.0,"max_hp_loss":0.0,"gold_gain":0.0,"event_name":"Golden Idol","player_choice":"Take Wound","floor":2.0,"gold_loss":0.0,"damage_taken":0.0,"relics_obtained":["Golden Idol"],"cards_obtained":["Injury"]},{"damage_healed":0.0,"max_hp_gain":5.0,"max_hp_loss":0.0,"gold_gain":0.0,"event_name":"Big Fish","player_choice":"Donut","floor":4.0,"gold_loss":0.0,"damage_taken":0.0},{"damage_healed":0,"gold_gain":0,"player_choice":"Read","damage_taken":0,"max_hp_gain":0,"max_hp_loss":0,"event_name":"The Library","floor":19,"gold_loss":0,"cards_obtained":["Electrodynamics"]},{"damage_healed":0,"gold_gain":0,"player_choice":"Joined the Cult","damage_taken":6,"max_hp_gain":0,"max_hp_loss":0,"event_name":"Nest","floor":20,"gold_loss":0,"cards_obtained":["RitualDagger"]},{"cards_removed":["Strike_B"],"damage_healed":0,"gold_gain":0,"player_choice":"Gave Gold","damage_taken":0,"max_hp_gain":0,"max_hp_loss":0,"event_name":"Beggar","floor":29,"gold_loss":75},{"damage_healed":0,"gold_gain":0,"player_choice":"Memory 1","damage_taken":0,"max_hp_gain":0,"max_hp_loss":0,"event_name":"SensoryStone","floor":36,"gold_loss":0},{"damage_healed":0,"gold_gain":0,"player_choice":"Paid","damage_taken":0,"relics_obtained":["Red Mask"],"max_hp_gain":0,"max_hp_loss":0,"event_name":"Tomb of Lord Red Mask","floor":37,"gold_loss":153},{"damage_healed":0,"gold_gain":0,"player_choice":"Rummage","damage_taken":0,"relics_obtained":["WarpedTongs"],"max_hp_gain":0,"max_hp_loss":0,"event_name":"Accursed Blacksmith","floor":38,"gold_loss":0,"cards_obtained":["Pain"]}],"is_beta":false,"boss_relics":[{"not_picked":["Calling Bell","White Beast Statue"],"picked":"Orrery"},{"not_picked":["Lizard Tail","Snecko Eye"],"picked":"Eternal Feather"}],"items_purged_floors":[10,21],"is_endless":false,"potions_floor_spawned":[7,18,27],"killed_by":"Reptomancer","ascension_level":18}