{"gold_per_floor":[119,119,119,119,144,144,180,200,247,247,270,270,12,36,36,126,126,150,173,196,211,211,211,211],"floor_reached":24,"playtime":1215,"items_purged":["Regret"],"score":528,"play_id":"ac6a710a-a82c-4c30-a02c-7c274b033867","local_time":"20190729141732","is_ascension_mode":true,"campfire_choices":[{"data":"Sweeping Beam","floor":6,"key":"SMITH"},{"data":"Beam Cell","floor":10,"key":"SMITH"},{"data":"Zap","floor":12,"key":"SMITH"},{"floor":15,"key":"REST"},{"floor":23,"key":"REST"}],"neow_cost":"NONE","seed_source_timestamp":0,"circlet_count":0,"master_deck":["AscendersBane","Strike_B","Strike_B","Strike_B","Strike_B","Defend_B","Defend_B","Defend_B","Defend_B","Zap+1","Dualcast","Sweeping Beam+1","Beam Cell+1","Ball Lightning","FTL","Glacier","Reboot","Cold Snap+1","Hologram","Fission+1"],"special_seed":0,"relics":["Cracked Core","NeowsBlessing","Frozen Egg 2","Kunai","Golden Idol","DataDisk","Lantern","Vajra","Membership Card","Sozu"],"potions_floor_usage":[16],"damage_taken":[{"damage":0,"enemies":"Small Slimes","floor":1,"turns":1},{"damage":0,"enemies":"3 Sentries","floor":7,"turns":1},{"damage":0,"enemies":"Jaw Worm","floor":8,"turns":1},{"damage":0,"enemies":"2 Louse","floor":11,"turns":1},{"damage":5,"enemies":"Looter","floor":14,"turns":2},{"damage":0,"enemies":"Slime Boss","floor":16,"turns":6},{"damage":14,"enemies":"2 Thieves","floor":18,"turns":3},{"damage":24,"enemies":"3 Byrds","floor":19,"turns":4},{"damage":3,"enemies":"Snecko","floor":20,"turns":3},{"damage":6,"enemies":"3 Cultists","floor":21,"turns":3},{"damage":32,"enemies":"Book of Stabbing","floor":24,"turns":5}],"seed_played":"3252667142407126428","potions_obtained":[{"floor":1,"key":"AttackPotion"},{"floor":11,"key":"LiquidBronze"},{"floor":16,"key":"FearPotion"}],"is_trial":false,"path_per_floor":["M","?","?","?","T","R","E","M","T","R","M","R","$","M","R","B",null,"M","M","M","M","?","R","E"],"character_chosen":"DEFECT","items_purchased":["Membership Card"],"campfire_rested":2,"item_purchase_floors":[13],"current_hp_per_floor":[64,64,29,29,29,29,29,29,29,29,29,29,29,24,43,43,59,45,21,18,12,12,31,0],"gold":211,"neow_bonus":"THREE_ENEMY_KILL","is_prod":false,"is_daily":false,"chose_seed":false,"campfire_upgraded":3,"win_rate":0,"timestamp":1564424252,"path_taken":["M","?","?","?","?","R","E","M","T","R","?","R","$","?","R","BOSS","M","M","?","M","?","R","E"],"build_version":"2019-07-17","purchased_purges":1,"victory":false,"max_hp_per_floor":[71,71,71,64,64,64,64,64,64,64,64,64,64,64,64,64,64,64,64,64,64,64,64,64],"card_choices":[{"not_picked":["Static Discharge","Chill"],"picked":"Sweeping Beam","floor":1},{"not_picked":["Streamline","Turbo"],"picked":"Beam Cell","floor":7},{"not_picked":["Compile Driver","Tempest"],"picked":"Ball Lightning","floor":8},{"not_picked":["Blizzard","Streamline"],"picked":"FTL","floor":11},{"not_picked":["Sweeping Beam","Redo"],"picked":"Glacier","floor":14},{"not_picked":["Meteor Strike","Hyperbeam"],"picked":"Reboot","floor":16},{"not_picked":["Leap+1","Gash+1"],"picked":"Cold Snap+1","floor":18},{"not_picked":["Coolheaded","Doom and Gloom"],"picked":"Hologram","floor":19},{"not_picked":["Ball Lightning","Rebound"],"picked":"Fission","floor":20},{"not_picked":["Hello World+1","Ball Lightning","Turbo"],"picked":"SKIP","floor":21}],"player_experience":1646528,"relics_obtained":[{"floor":5,"key":"DataDisk"},{"floor":7,"key":"Lantern"},{"floor":9,"key":"Vajra"}],"event_choices":[{"damage_healed":0,"gold_gain":0,"player_choice":"Box","damage_taken":0,"relics_obtained":["Frozen Egg 2"],"max_hp_gain":0,"max_hp_loss":0,"event_name":"Big Fish","floor":2,"gold_loss":0,"cards_obtained":["Regret"]},{"damage_healed":0,"gold_gain":0,"player_choice":"Success","damage_taken":35,"relics_obtained":["Kunai"],"max_hp_gain":0,"max_hp_loss":0,"event_name":"Scrap Ooze","floor":3,"gold_loss":0},{"damage_healed":0,"gold_gain":0,"player_choice":"Lose Max HP","damage_taken":0,"relics_obtained":["Golden Idol"],"max_hp_gain":0,"max_hp_loss":7,"event_name":"Golden Idol","floor":4,"gold_loss":0},{"damage_healed":0,"gold_gain":0,"player_choice":"Upgraded","damage_taken":0,"max_hp_gain":0,"max_hp_loss":0,"event_name":"Upgrade Shrine","floor":22,"gold_loss":0,"cards_upgraded":["Fission"]}],"is_beta":false,"boss_relics":[{"not_picked":["Astrolabe","Orrery"],"picked":"Sozu"}],"items_purged_floors":[13],"is_endless":false,"potions_floor_spawned":[1,11,16,18,20,21],"killed_by":"Book of Stabbing","ascension_level":19}