{"gold_per_floor":[117,117,131,131,27,27,44,70,70,104,104,122,122,133,133,209,209,228,242,257,268,285,285,296,296,296,312,342,357,357,357,357,436,436,456,466,482,494,35,63,63,92,92,92,109,438,454,472,472,472],"floor_reached":51,"playtime":4152,"items_purged":["Parasite"],"score":1338,"play_id":"9c019f2e-f4d7-4634-9f3f-ef48608b57bc","local_time":"20190722014234","is_ascension_mode":true,"campfire_choices":[{"floor":6.0,"key":"REST"},{"floor":11.0,"key":"REST"},{"floor":13.0,"key":"REST"},{"data":"Noxious Fumes","floor":15.0,"key":"SMITH"},{"floor":23.0,"key":"REST"},{"floor":30.0,"key":"REST"},{"floor":32.0,"key":"REST"},{"floor":41,"key":"REST"},{"floor":44,"key":"REST"},{"floor":49,"key":"REST"}],"neow_cost":"NONE","seed_source_timestamp":0,"circlet_count":0,"master_deck":["AscendersBane","Strike_G+1","Strike_G+1","Strike_G+1","Strike_G+1","Strike_G+1","Defend_G+1","Defend_G+1","Defend_G+1","Defend_G+1","Defend_G+1","Survivor+1","Neutralize","Poisoned Stab","Well Laid Plans","Quick Slash","Cloak And Dagger","Backflip+1","Dash","Deadly Poison","Flying Knee","Noxious Fumes+1","Phantasmal Killer","Poisoned Stab","PiercingWail","Well Laid Plans","Acrobatics+1","Flying Knee+1","Predator","Wraith Form v2","Outmaneuver+1","Well Laid Plans+1","Wraith Form v2","Catalyst","Sucker Punch+1","Leg Sweep","Blur","Dagger Throw","After Image","PiercingWail","Malaise","Crippling Poison","Crippling Poison"],"special_seed":0,"relics":["Ring of the Snake","Orichalcum","Dream Catcher","Mercury Hourglass","Mummified Hand","Velvet Choker","War Paint","Pantograph","Lizard Tail","Membership Card","Pocketwatch","Happy Flower","The Courier","Bottled Tornado","Old Coin"],"potions_floor_usage":[40,42,50,50],"damage_taken":[{"damage":5.0,"enemies":"Small Slimes","floor":1.0,"turns":4.0},{"damage":3.0,"enemies":"Jaw Worm","floor":3.0,"turns":4.0},{"damage":1.0,"enemies":"Cultist","floor":7.0,"turns":3.0},{"damage":15.0,"enemies":"3 Sentries","floor":8.0,"turns":8.0},{"damage":19.0,"enemies":"Gremlin Nob","floor":10.0,"turns":4.0},{"damage":9.0,"enemies":"Large Slime","floor":12.0,"turns":6.0},{"damage":1.0,"enemies":"Looter","floor":14.0,"turns":2.0},{"damage":11.0,"enemies":"Hexaghost","floor":16.0,"turns":9.0},{"damage":13.0,"enemies":"Shell Parasite","floor":18.0,"turns":7.0},{"damage":0.0,"enemies":"Chosen","floor":19.0,"turns":4.0},{"damage":13.0,"enemies":"3 Cultists","floor":20.0,"turns":5.0},{"damage":9.0,"enemies":"Centurion and Healer","floor":21.0,"turns":6.0},{"damage":15.0,"enemies":"Snecko","floor":22.0,"turns":6.0},{"damage":16.0,"enemies":"Chosen and Byrds","floor":24.0,"turns":5.0},{"damage":0.0,"enemies":"3 Cultists","floor":27.0,"turns":5.0},{"damage":11.0,"enemies":"Slavers","floor":28.0,"turns":5.0},{"damage":0.0,"enemies":"Snake Plant","floor":29.0,"turns":5.0},{"damage":9.0,"enemies":"Colosseum Slavers","floor":31.0,"turns":4.0},{"damage":6.0,"enemies":"Champ","floor":33.0,"turns":12.0},{"damage":2.0,"enemies":"3 Shapes","floor":35.0,"turns":4.0},{"damage":6.0,"enemies":"3 Darklings","floor":36.0,"turns":4.0},{"damage":45.0,"enemies":"Transient","floor":37.0,"turns":5.0},{"damage":12.0,"enemies":"Writhing Mass","floor":38.0,"turns":8.0},{"damage":1,"enemies":"Nemesis","floor":40,"turns":9},{"damage":10,"enemies":"Reptomancer","floor":42,"turns":7},{"damage":1,"enemies":"3 Darklings","floor":45,"turns":6},{"damage":0,"enemies":"Nemesis","floor":46,"turns":9},{"damage":0,"enemies":"4 Shapes","floor":47,"turns":5},{"damage":7,"enemies":"Spire Growth","floor":48,"turns":5},{"damage":54,"enemies":"Time Eater","floor":50,"turns":17}],"seed_played":"5450652119903412158","potions_obtained":[{"floor":3.0,"key":"AttackPotion"},{"floor":8.0,"key":"GhostInAJar"},{"floor":12.0,"key":"Regen Potion"},{"floor":16.0,"key":"EntropicBrew"},{"floor":24.0,"key":"PowerPotion"},{"floor":27.0,"key":"Weak Potion"},{"floor":29.0,"key":"Dexterity Potion"},{"floor":33.0,"key":"Dexterity Potion"},{"floor":35.0,"key":"Energy Potion"},{"floor":37.0,"key":"PowerPotion"},{"floor":45,"key":"Ancient Potion"},{"floor":46,"key":"Block Potion"}],"is_trial":false,"path_per_floor":["M","?","M","T","$","R","M","E","T","E","R","M","R","M","R","B",null,"M","M","M","M","M","R","M","?","T","M","E","M","R","?","R","B",null,"M","M","M","M","$","E","R","E","T","R","M","E","M","M","R","B",null],"character_chosen":"THE_SILENT","items_purchased":["Quick Slash","SkillPotion","Membership Card","Blur","Pocketwatch","Dagger Throw"],"campfire_rested":9,"item_purchase_floors":[5,5,39,39,39,39],"current_hp_per_floor":[60,38,35,35,35,56,55,40,40,21,42,33,54,53,53,42,65,52,52,39,30,15,36,20,20,20,20,9,9,30,21,42,61,69,67,61,16,4,4,3,23,13,13,33,32,32,32,25,45,15],"gold":472,"neow_bonus":"TEN_PERCENT_HP_BONUS","is_prod":false,"is_daily":false,"chose_seed":false,"campfire_upgraded":1,"win_rate":0,"timestamp":1563723754,"path_taken":["M","?","M","?","$","R","M","E","T","E","R","?","R","M","R","BOSS","M","?","M","M","M","R","M","?","T","M","E","M","R","?","R","BOSS","M","M","M","M","$","E","R","E","T","R","M","E","M","M","R","BOSS"],"build_version":"2019-07-17","purchased_purges":1,"victory":true,"max_hp_per_floor":[72,72,72,72,72,72,72,72,72,72,72,72,72,72,72,72,72,72,72,72,72,72,72,72,72,72,72,72,72,72,72,72,72,72,72,72,72,72,69,69,69,69,69,69,69,69,69,69,69,69],"card_choices":[{"not_picked":["Concentrate","Backflip"],"picked":"Poisoned Stab","floor":1.0},{"not_picked":["Outmaneuver","Sucker Punch"],"picked":"Well Laid Plans","floor":3.0},{"not_picked":["Flechettes","Dagger Throw"],"picked":"Cloak And Dagger","floor":7.0},{"not_picked":["Sucker Punch","Storm of Steel"],"picked":"Backflip","floor":8.0},{"not_picked":["Masterful Stab","Outmaneuver"],"picked":"Dash","floor":10.0},{"not_picked":["Slice","Outmaneuver"],"picked":"Deadly Poison","floor":11.0},{"not_picked":["Underhanded Strike","Slice","Eviscerate"],"picked":"SKIP","floor":12.0},{"not_picked":["Quick Slash","Calculated Gamble"],"picked":"Flying Knee","floor":13.0},{"not_picked":["Cloak And Dagger","Outmaneuver"],"picked":"Noxious Fumes","floor":14.0},{"not_picked":["Storm of Steel","Wraith Form v2"],"picked":"Phantasmal Killer","floor":16.0},{"not_picked":["Eviscerate","Poisoned Stab","Finisher"],"picked":"SKIP","floor":18.0},{"not_picked":["Eviscerate","Finisher"],"picked":"Poisoned Stab","floor":18.0},{"not_picked":["Blade Dance","Deadly Poison"],"picked":"PiercingWail","floor":19.0},{"not_picked":["Dodge and Roll","Distraction"],"picked":"Well Laid Plans","floor":20.0},{"not_picked":["Expertise","Deflect+1","Poisoned Stab"],"picked":"SKIP","floor":21.0},{"not_picked":["Night Terror","Deadly Poison"],"picked":"Acrobatics","floor":22.0},{"not_picked":["Masterful Stab","Quick Slash"],"picked":"Flying Knee+1","floor":23.0},{"not_picked":["Skewer","Poisoned Stab+1","Quick Slash"],"picked":"SKIP","floor":24.0},{"not_picked":["Bane","Flechettes"],"picked":"Predator","floor":27.0},{"not_picked":["Underhanded Strike","Outmaneuver"],"picked":"Wraith Form v2","floor":28.0},{"not_picked":["Dash","Poisoned Stab","Choke"],"picked":"SKIP","floor":29.0},{"not_picked":["Endless Agony","Distraction"],"picked":"Outmaneuver+1","floor":30.0},{"not_picked":["All Out Attack","Masterful Stab"],"picked":"Well Laid Plans+1","floor":32.0},{"not_picked":["After Image","Night Terror"],"picked":"Wraith Form v2","floor":33.0},{"not_picked":["PiercingWail","Prepared"],"picked":"Catalyst","floor":35.0},{"not_picked":["Dagger Spray","Flying Knee"],"picked":"Sucker Punch+1","floor":36.0},{"not_picked":["Endless Agony+1","Well Laid Plans","Backstab"],"picked":"SKIP","floor":37.0},{"not_picked":["Prepared","Backflip"],"picked":"Leg Sweep","floor":38.0},{"not_picked":["Quick Slash","Flechettes+1","Slice"],"picked":"SKIP","floor":40},{"not_picked":["Bane+1","Deflect+1"],"picked":"After Image","floor":41},{"not_picked":["Poisoned Stab","Riddle With Holes+1","Accuracy"],"picked":"SKIP","floor":42},{"not_picked":["Slice+1","Prepared"],"picked":"PiercingWail","floor":44},{"not_picked":["Slice","Cloak And Dagger","Backflip"],"picked":"SKIP","floor":45},{"not_picked":["Bane","Well Laid Plans","All Out Attack"],"picked":"SKIP","floor":46},{"not_picked":["Acrobatics+1","Deflect"],"picked":"Malaise","floor":47},{"not_picked":["Dash","Backflip"],"picked":"Crippling Poison","floor":48},{"not_picked":["Flying Knee","Quick Slash"],"picked":"Crippling Poison","floor":49}],"player_experience":1041100,"relics_obtained":[{"floor":4.0,"key":"Orichalcum"},{"floor":8.0,"key":"Dream Catcher"},{"floor":9.0,"key":"Mercury Hourglass"},{"floor":10.0,"key":"Mummified Hand"},{"floor":26.0,"key":"War Paint"},{"floor":28.0,"key":"Pantograph"},{"floor":40,"key":"Happy Flower"},{"floor":42,"key":"The Courier"},{"floor":43,"key":"Bottled Tornado"},{"floor":46,"key":"Old Coin"}],"event_choices":[{"damage_healed":0.0,"max_hp_gain":0.0,"max_hp_loss":0.0,"gold_gain":0.0,"event_name":"Shining Light","player_choice":"Entered Light","floor":2.0,"gold_loss":0.0,"damage_taken":22.0,"cards_upgraded":["Strike_G","Survivor"]},{"damage_healed":0.0,"max_hp_gain":0.0,"max_hp_loss":0.0,"gold_gain":0.0,"event_name":"Back to Basics","player_choice":"Simplicity","floor":25.0,"gold_loss":0.0,"damage_taken":0.0,"cards_upgraded":["Strike_G","Strike_G","Strike_G","Strike_G","Defend_G","Defend_G","Defend_G","Defend_G","Defend_G"]},{"damage_healed":0.0,"max_hp_gain":0.0,"max_hp_loss":0.0,"gold_gain":0.0,"event_name":"Colosseum","player_choice":"Fight","floor":31.0,"gold_loss":0.0,"damage_taken":0.0},{"damage_healed":0.0,"max_hp_gain":0.0,"max_hp_loss":0.0,"gold_gain":0.0,"event_name":"Colosseum","player_choice":"Fled From Nobs","floor":31.0,"gold_loss":0.0,"damage_taken":0.0}],"is_beta":false,"boss_relics":[{"not_picked":["Busted Crown","Calling Bell"],"picked":"Velvet Choker"},{"not_picked":["Empty Cage","Coffee Dripper"],"picked":"Lizard Tail"}],"items_purged_floors":[39],"is_endless":false,"potions_floor_spawned":[3,8,12,16,24,27,29,31,33,35,37,45,46,47],"ascension_level":15}