{"gold_per_floor":[119,119,119,23,23,23,42,42,42,86,111,111,126,142,142,262,262,285,308,6,6,31,31,31],"floor_reached":24,"playtime":898,"items_purged":["Defend_P"],"score":216,"play_id":"042d8d6f-7a45-4491-89f5-6b29418d844c","local_time":"20190912143651","is_ascension_mode":true,"campfire_choices":[{"floor":6,"key":"REST"},{"floor":8,"key":"REST"},{"floor":12,"key":"REST"},{"floor":15,"key":"REST"},{"data":"Devotion","floor":23,"key":"SMITH"}],"neow_cost":"TEN_PERCENT_HP_LOSS","seed_source_timestamp":13904788958403,"circlet_count":0,"master_deck":["Strike_P","Strike_P","Strike_P","Strike_P+1","Defend_P","Defend_P","Defend_P","Eruption","Vigilance","MasterReality","FlyingSleeves+1","CutThroughFate","Fasting","EmptyMind","FollowUp","Establishment","Devotion","Crescendo","DeusExMachina","JustLucky","TalkToTheHand","MentalFortress","Devotion+1"],"relics":["PureWater","Golden Idol","Bronze Scales","TeardropLocket","Matryoshka","SacredBark","Nloth\u0027s Gift"],"potions_floor_usage":[16,19,22],"damage_taken":[{"damage":18,"enemies":"Jaw Worm","floor":1,"turns":4},{"damage":0,"enemies":"Small Slimes","floor":7,"turns":3},{"damage":30,"enemies":"3 Sentries","floor":10,"turns":8},{"damage":0,"enemies":"2 Louse","floor":11,"turns":2},{"damage":4,"enemies":"Red Slaver","floor":13,"turns":3},{"damage":6,"enemies":"Blue Slaver","floor":14,"turns":3},{"damage":13,"enemies":"The Guardian","floor":16,"turns":9},{"damage":10,"enemies":"Spheric Guardian","floor":18,"turns":4},{"damage":32,"enemies":"Shell Parasite","floor":19,"turns":7},{"damage":25,"enemies":"3 Cultists","floor":22,"turns":6},{"damage":40,"enemies":"Slavers","floor":24,"turns":2}],"seed_played":"4531045461118037557","potions_obtained":[{"floor":7,"key":"Swift Potion"},{"floor":11,"key":"EssenceOfSteel"},{"floor":14,"key":"Swift Potion"},{"floor":22,"key":"Strength Potion"}],"is_trial":false,"path_per_floor":["M","?","?","$","?","R","M","R","T","E","M","R","M","M","R","B",null,"M","M","$","?","M","R","E"],"character_chosen":"WATCHER","items_purchased":["CutThroughFate","Fasting","Lee\u0027s Waffle","MentalFortress"],"campfire_rested":4,"item_purchase_floors":[4,4,20,20],"current_hp_per_floor":[41,41,23,23,12,28,28,44,44,14,14,30,26,20,36,23,55,45,13,62,62,37,37,0],"gold":31,"neow_bonus":"THREE_RARE_CARDS","is_prod":false,"is_daily":false,"chose_seed":false,"campfire_upgraded":1,"win_rate":0,"timestamp":1568263011,"path_taken":["M","?","?","$","?","R","M","R","T","E","M","R","M","M","R","BOSS","M","M","$","?","?","R","E"],"build_version":"2019-09-10","purchased_purges":1,"victory":false,"max_hp_per_floor":[59,55,55,55,55,55,55,55,55,55,55,55,55,55,55,55,55,55,55,62,62,62,62,62],"card_choices":[{"not_picked":["Ragnarok","Metaphysics"],"picked":"MasterReality","floor":0},{"not_picked":["DeceiveReality","Clarity"],"picked":"FlyingSleeves","floor":1},{"not_picked":["Consecrate","Weave"],"picked":"EmptyMind","floor":7},{"not_picked":["CutThroughFate","Swivel"],"picked":"FollowUp","floor":10},{"not_picked":["EmptyBody","Swivel"],"picked":"Establishment","floor":11},{"not_picked":["Perseverance","EmptyBody"],"picked":"Devotion","floor":13},{"not_picked":["BowlingBash","EmptyMind"],"picked":"Crescendo","floor":14},{"not_picked":["Wish","Judgement"],"picked":"DeusExMachina","floor":16},{"not_picked":["Crescendo","EmptyFist"],"picked":"JustLucky","floor":18},{"not_picked":["Collect","JustLucky"],"picked":"TalkToTheHand","floor":19},{"not_picked":["FollowUp","EmptyFist"],"picked":"Devotion","floor":22}],"player_experience":1309950,"relics_obtained":[{"floor":9,"key":"TeardropLocket"},{"floor":10,"key":"Matryoshka"}],"event_choices":[{"damage_healed":0,"gold_gain":0,"player_choice":"Lose Max HP","damage_taken":0,"relics_obtained":["Golden Idol"],"max_hp_gain":0,"max_hp_loss":4,"event_name":"Golden Idol","floor":2,"gold_loss":0},{"damage_healed":0,"gold_gain":0,"player_choice":"Success","damage_taken":18,"relics_obtained":["Bronze Scales"],"max_hp_gain":0,"max_hp_loss":0,"event_name":"Scrap Ooze","floor":3,"gold_loss":0},{"damage_healed":0,"gold_gain":0,"player_choice":"Entered Light","damage_taken":11,"max_hp_gain":0,"max_hp_loss":0,"event_name":"Shining Light","floor":5,"gold_loss":0,"cards_upgraded":["Strike_P","FlyingSleeves"]},{"damage_healed":0,"gold_gain":0,"player_choice":"Traded Relic","damage_taken":0,"relics_obtained":["Nloth\u0027s Gift"],"max_hp_gain":0,"max_hp_loss":0,"event_name":"N\u0027loth","floor":21,"relics_lost":["Lee\u0027s Waffle"],"gold_loss":0}],"is_beta":true,"boss_relics":[{"not_picked":["Pandora\u0027s Box","Tiny House"],"picked":"SacredBark"}],"items_purged_floors":[20],"is_endless":false,"potions_floor_spawned":[7,11,14,22],"killed_by":"Slavers","ascension_level":2}