{"path_per_floor":["M","?","M","M","?","R","M","M","T","?","M","R","M","$","R","B",null,"M","?","M","?"],"character_chosen":"IRONCLAD","items_purchased":[],"gold_per_floor":[109,109,124,142,142,142,160,170,170,170,181,181,199,124,124,221,221,236,136,155,155,155],"floor_reached":22,"campfire_rested":1,"playtime":956,"current_hp_per_floor":[72,65,68,67,67,67,66,64,64,64,41,62,61,61,61,50,72,50,50,13,13,13],"items_purged":["Strike_R"],"gold":155,"score":214,"play_id":"bf7a8399-cc51-40ac-b734-f21c75ac16d4","local_time":"20180410165644","is_prod":false,"is_daily":false,"is_ascension_mode":true,"campfire_upgraded":2,"timestamp":1523393804,"path_taken":["M","?","M","M","?","R","M","M","T","?","M","R","?","$","R","BOSS","M","?","?","?","?"],"build_version":"2018-04-05v2","purchased_purges":1,"victory":false,"master_deck":["Strike_R","Strike_R","Strike_R","Defend_R","Defend_R","Bash","Brutality","Rage+1","Clash+1","Anger","Pommel Strike","Uppercut","Battle Trance","Juggernaut","Thunderclap","J.A.X.","Warcry"],"max_hp_per_floor":[72,72,72,72,72,72,72,72,72,72,72,72,72,72,72,72,72,72,72,72,72,72],"relics":["Burning Blood","Ginger","White Beast Statue"],"card_choices":[{"not_picked":["Reaper","Exhume"],"picked":"Brutality","floor":0},{"not_picked":["Pommel Strike","Cleave"],"picked":"Rage","floor":1},{"not_picked":["Pommel Strike","Twin Strike"],"picked":"Clash","floor":3},{"not_picked":["Iron Wave","Perfected Strike"],"picked":"Anger","floor":4},{"not_picked":["Searing Blow","Sever Soul"],"picked":"Pommel Strike","floor":8},{"not_picked":["Headbutt","Wild Strike"],"picked":"Uppercut","floor":11},{"not_picked":["Perfected Strike","Armaments"],"picked":"Battle Trance","floor":13},{"not_picked":["Bludgeon","Barricade"],"picked":"Juggernaut","floor":16},{"not_picked":["Armaments","Wild Strike"],"picked":"Thunderclap","floor":18},{"not_picked":["Heavy Blade","Perfected Strike"],"picked":"Warcry","floor":20}],"player_experience":215445,"potions_floor_usage":[16,16],"damage_taken":[{"damage":2,"enemies":"Small Slimes","floor":1,"turns":3},{"damage":3,"enemies":"Jaw Worm","floor":3,"turns":3},{"damage":7,"enemies":"2 Louse","floor":4,"turns":3},{"damage":7,"enemies":"Exordium Wildlife","floor":7,"turns":3},{"damage":8,"enemies":"2 Fungi Beasts","floor":8,"turns":3},{"damage":29,"enemies":"Exordium Thugs","floor":11,"turns":4},{"damage":7,"enemies":"Large Slime","floor":13,"turns":4},{"damage":32,"enemies":"Hexaghost","floor":16,"turns":8},{"damage":28,"enemies":"Spheric Guardian","floor":18,"turns":4},{"damage":43,"enemies":"2 Thieves","floor":20,"turns":5},{"damage":0,"enemies":"Chosen and Byrds","floor":22,"turns":1}],"event_choices":[{"event_name":"Golden Wing","player_choice":"Card Removal","floor":2,"damage_taken":0},{"event_name":"Living Wall","player_choice":"Forget","floor":5,"damage_taken":0},{"event_name":"Bonfire Elementals","player_choice":"BASIC","floor":10,"damage_taken":0},{"event_name":"Drug Dealer","player_choice":"Got JAXXED","floor":19,"damage_taken":0},{"event_name":"The Lab","player_choice":"Got Potions","floor":21,"damage_taken":0}],"boss_relics":[{"not_picked":["Sozu","Cursed Key"],"picked":"White Beast Statue"}],"potions_floor_spawned":[4,11,18,20],"seed_played":"-2435724060697897410","killed_by":"Chosen and Byrds","ascension_level":4,"is_trial":false}