{"gold_per_floor":[112,112,132,132,144,144,144,144,171,3,3,58,76,76,76,148,148,161,184,184,0,12,40,40,52,52,52,66,80,80,90,90,167,167,187,187,242,13,26,54,54,72,72,72,0,31,50,50],"floor_reached":48,"playtime":3436,"items_purged":[],"score":1008,"play_id":"ab77102d-0238-4de0-833e-3390169ef1e2","local_time":"20190718131841","is_ascension_mode":true,"campfire_choices":[{"floor":6,"key":"REST"},{"data":"Dagger Spray","floor":8,"key":"SMITH"},{"data":"Caltrops","floor":11,"key":"SMITH"},{"floor":15,"key":"REST"},{"floor":24,"key":"REST"},{"floor":27,"key":"REST"},{"floor":32,"key":"REST"},{"floor":41,"key":"REST"},{"floor":44,"key":"REST"}],"neow_cost":"NONE","seed_source_timestamp":8191708809103,"circlet_count":0,"master_deck":["AscendersBane","Strike_G+1","Defend_G","Defend_G","Defend_G","Defend_G","Defend_G","Survivor","Neutralize+1","Dagger Spray+1","Caltrops+1","Dagger Throw+1","Accuracy","PiercingWail","Bullet Time","Backstab+1","Neutralize","Envenom","Riddle With Holes+1","Well Laid Plans+1","Backflip+1","Dodge and Roll","Deadly Poison","Cloak And Dagger","Catalyst+1","Outmaneuver","Backflip","Deflect+1","Tactician","Neutralize","Poisoned Stab","Bullet Time","Heel Hook+1","Noxious Fumes","Acrobatics","Flechettes+1","Bouncing Flask","Burst"],"relics":["Ring of the Snake","Strawberry","Pear","Bag of Marbles","Snake Skull","Tiny Chest","Astrolabe","Potion Belt","Vajra","PreservedInsect","Bottled Flame","Lizard Tail","Ornamental Fan","Smiling Mask","Dream Catcher","Whetstone","Singing Bowl","Red Mask","Ancient Tea Set"],"potions_floor_usage":[18,22,23,28,31,33,40],"damage_taken":[{"damage":8,"enemies":"2 Louse","floor":1,"turns":3},{"damage":0,"enemies":"Jaw Worm","floor":3,"turns":4},{"damage":2,"enemies":"Small Slimes","floor":5,"turns":3},{"damage":17,"enemies":"Gremlin Nob","floor":12,"turns":5},{"damage":1,"enemies":"Red Slaver","floor":13,"turns":3},{"damage":26,"enemies":"Hexaghost","floor":16,"turns":11},{"damage":14,"enemies":"2 Thieves","floor":18,"turns":2},{"damage":10,"enemies":"Spheric Guardian","floor":22,"turns":5},{"damage":17,"enemies":"Book of Stabbing","floor":23,"turns":5},{"damage":20,"enemies":"Centurion and Healer","floor":25,"turns":6},{"damage":0,"enemies":"3 Cultists","floor":28,"turns":3},{"damage":15,"enemies":"Shelled Parasite and Fungi","floor":29,"turns":7},{"damage":0,"enemies":"Cultist and Chosen","floor":31,"turns":5},{"damage":54,"enemies":"Champ","floor":33,"turns":13},{"damage":18,"enemies":"Orb Walker","floor":35,"turns":3},{"damage":24,"enemies":"3 Darklings","floor":39,"turns":7},{"damage":39,"enemies":"Giant Head","floor":40,"turns":7},{"damage":11,"enemies":"4 Shapes","floor":42,"turns":9},{"damage":60,"enemies":"Reptomancer","floor":46,"turns":7},{"damage":4,"enemies":"Maw","floor":47,"turns":6},{"damage":34,"enemies":"Transient","floor":48,"turns":3}],"seed_played":"-4968709449857628939","potions_obtained":[{"floor":1,"key":"Weak Potion"},{"floor":13,"key":"Energy Potion"},{"floor":20,"key":"AttackPotion"},{"floor":20,"key":"FairyPotion"},{"floor":23,"key":"EssenceOfSteel"},{"floor":25,"key":"SteroidPotion"},{"floor":28,"key":"Poison Potion"},{"floor":39,"key":"GhostInAJar"},{"floor":40,"key":"SteroidPotion"},{"floor":46,"key":"Strength Potion"}],"is_trial":false,"path_per_floor":["M","?","M","?","M","R","?","R","T","$","R","E","M","?","R","B",null,"M","T","?","$","M","E","R","M","T","R","M","M","?","M","R","B",null,"M","T","T","$","M","E","R","M","T","R","?","E","M","M"],"character_chosen":"THE_SILENT","items_purchased":["Snake Skull","PiercingWail","Vajra","Deadly Poison","Noxious Fumes","Dream Catcher"],"campfire_rested":7,"item_purchase_floors":[10,10,21,21,38,38],"current_hp_per_floor":[58,50,50,25,23,47,47,47,47,47,47,30,29,29,53,27,69,55,55,55,55,45,28,52,32,32,56,56,41,41,41,65,11,65,47,47,47,47,23,8,32,21,21,45,45,34,30,0],"gold":50,"neow_bonus":"RANDOM_COMMON_RELIC","is_prod":false,"is_daily":false,"chose_seed":false,"campfire_upgraded":2,"win_rate":0,"timestamp":1563419921,"path_taken":["M","?","M","?","M","R","?","R","T","?","R","E","?","?","R","BOSS","M","?","?","$","M","E","R","?","T","R","?","M","?","M","R","BOSS","M","?","?","$","?","E","R","M","T","R","?","E","M","M"],"build_version":"2019-07-17","purchased_purges":0,"victory":false,"max_hp_per_floor":[73,83,83,83,83,83,83,83,83,83,83,83,83,83,83,83,83,83,83,83,83,83,83,83,83,83,83,83,83,83,83,83,83,83,83,83,83,83,83,83,83,83,83,83,83,85,85,85],"card_choices":[{"not_picked":["Underhanded Strike","Flying Knee"],"picked":"Dagger Spray","floor":1},{"not_picked":["Eviscerate","Deflect"],"picked":"Caltrops","floor":3},{"not_picked":["Slice","Acrobatics"],"picked":"Dagger Throw","floor":5},{"not_picked":["Distraction","Deflect"],"picked":"Bullet Time","floor":12},{"not_picked":["Dodge and Roll","Slice"],"picked":"Backstab","floor":13},{"not_picked":["Adrenaline","Doppelganger"],"picked":"Envenom","floor":16},{"not_picked":["Poisoned Stab","Backflip"],"picked":"Dodge and Roll","floor":18},{"not_picked":["Caltrops","Dagger Throw"],"picked":"Cloak And Dagger","floor":22},{"not_picked":["Expertise","Dodge and Roll"],"picked":"Catalyst+1","floor":23},{"not_picked":["Acrobatics","Poisoned Stab"],"picked":"Outmaneuver","floor":25},{"not_picked":["Caltrops","Slice+1"],"picked":"Backflip","floor":28},{"not_picked":["Outmaneuver","Choke"],"picked":"Deflect+1","floor":29},{"not_picked":["Bane","Dagger Throw","Poisoned Stab"],"picked":"SKIP","floor":31},{"not_picked":["Bane","Dagger Throw"],"picked":"Poisoned Stab","floor":31},{"not_picked":["Grand Finale","Glass Knife"],"picked":"Bullet Time","floor":33},{"not_picked":["Escape Plan","Underhanded Strike"],"picked":"Heel Hook+1","floor":35},{"not_picked":["Reflex+1","Blade Dance","Riddle With Holes"],"picked":"SKIP","floor":39},{"not_picked":["Underhanded Strike","Blade Dance"],"picked":"Acrobatics","floor":40},{"not_picked":["Poisoned Stab","Masterful Stab"],"picked":"Flechettes+1","floor":42},{"not_picked":["Eviscerate","PiercingWail"],"picked":"Bouncing Flask","floor":44},{"not_picked":["PiercingWail","Riddle With Holes+1","Underhanded Strike"],"picked":"Singing Bowl","floor":46},{"not_picked":["Quick Slash","Slice+1"],"picked":"Burst","floor":47}],"player_experience":1014398,"relics_obtained":[{"floor":9,"key":"Bag of Marbles"},{"floor":12,"key":"Tiny Chest"},{"floor":19,"key":"Potion Belt"},{"floor":23,"key":"PreservedInsect"},{"floor":26,"key":"Bottled Flame"},{"floor":36,"key":"Ornamental Fan"},{"floor":37,"key":"Smiling Mask"},{"floor":40,"key":"Whetstone"},{"floor":43,"key":"Singing Bowl"},{"floor":46,"key":"Ancient Tea Set"}],"event_choices":[{"damage_healed":0,"gold_gain":0,"player_choice":"Success","damage_taken":18,"relics_obtained":["Pear"],"max_hp_gain":0,"max_hp_loss":0,"event_name":"Scrap Ooze","floor":2,"gold_loss":0},{"damage_healed":0,"gold_gain":0,"player_choice":"Entered Light","damage_taken":25,"max_hp_gain":0,"max_hp_loss":0,"event_name":"Shining Light","floor":4,"gold_loss":0,"cards_upgraded":["Neutralize","Strike_G"]},{"damage_healed":0,"gold_gain":0,"cards_transformed":["Strike_G"],"player_choice":"Change","damage_taken":0,"max_hp_gain":0,"max_hp_loss":0,"event_name":"Living Wall","floor":7,"gold_loss":0,"cards_obtained":["Accuracy"]},{"damage_healed":0,"gold_gain":0,"player_choice":"1 cards matched","damage_taken":0,"max_hp_gain":0,"max_hp_loss":0,"event_name":"Match and Keep!","floor":14,"gold_loss":0,"cards_obtained":["Neutralize"]},{"damage_healed":0,"gold_gain":0,"player_choice":"Got Potions","damage_taken":0,"max_hp_gain":0,"max_hp_loss":0,"event_name":"Lab","floor":20,"gold_loss":0},{"damage_healed":0,"gold_gain":0,"player_choice":"2 cards matched","damage_taken":0,"max_hp_gain":0,"max_hp_loss":0,"event_name":"Match and Keep!","floor":30,"gold_loss":0,"cards_obtained":["Tactician","Neutralize"]},{"damage_healed":0,"gold_gain":0,"player_choice":"Paid","damage_taken":0,"relics_obtained":["Red Mask"],"max_hp_gain":0,"max_hp_loss":0,"event_name":"Tomb of Lord Red Mask","floor":45,"gold_loss":72}],"is_beta":false,"boss_relics":[{"not_picked":["WristBlade","White Beast Statue"],"picked":"Astrolabe"},{"not_picked":["Philosopher\u0027s Stone","Velvet Choker"],"picked":"Lizard Tail"}],"items_purged_floors":[],"is_endless":false,"potions_floor_spawned":[1,13,23,25,28,39,40,46],"killed_by":"Transient","ascension_level":15}