{"gold_per_floor":[115,115,47,63,76,76,104,404,483,498,514,236,236,251,251,352,352,371,381,306,336,336,336,346,346,346,346,261,278,298,25,25,120,120,139,155,155,155,172,172,205,205,257,270,15,30,30,30,30,30],"floor_reached":50,"playtime":2058,"items_purged":["Strike_P","Writhe"],"score":546,"play_id":"a3168fd1-d333-45f5-8057-c0e1211e71d4","local_time":"20190911164221","is_ascension_mode":true,"campfire_choices":[{"data":"Worship","floor":6.0,"key":"SMITH"},{"floor":8.0,"key":"DIG"},{"floor":15.0,"key":"REST"},{"floor":23.0,"key":"REST"},{"floor":25.0,"key":"REST"},{"data":"Nirvana","floor":27.0,"key":"SMITH"},{"floor":32.0,"key":"DIG"},{"floor":40,"key":"DIG"},{"floor":42,"key":"DIG"},{"floor":47,"key":"DIG"},{"data":"Ragnarok","floor":49,"key":"SMITH"}],"neow_cost":"NONE","seed_source_timestamp":20972542657311,"circlet_count":0,"master_deck":["Eruption+1","JustLucky+1","Halt","WaveOfTheHand","Worship+1","DeceiveReality","FlyingSleeves","FollowUp","Evaluate","Omniscience","Ragnarok+1","Omniscience","ThirdEye","Consecrate","Meditate","Nirvana+1","Scrawl","CrushJoints+1","Worship+1","FollowUp","Crescendo+1","FlyingSleeves+1","Fasting+1","Adaptation","BattleHymn","FearNoEvil+1","Establishment+1","Protect+1","EmptyMind+1","CarveReality+1","FearNoEvil+1","Parasite","JustLucky+1"],"special_seed":0,"relics":["PureWater","NeowsBlessing","Oddly Smooth Stone","Shovel","Old Coin","Mercury Hourglass","Whetstone","Lizard Tail","Pandora\u0027s Box","Red Mask","Gambling Chip","Meat on the Bone","Lee\u0027s Waffle","Eternal Feather","Philosopher\u0027s Stone","Pocketwatch","Pear","Juzu Bracelet","Smiling Mask","DollysMirror","Darkstone Periapt"],"potions_floor_usage":[33,35,46,50,50],"damage_taken":[{"damage":0.0,"enemies":"2 Louse","floor":1.0,"turns":1.0},{"damage":0.0,"enemies":"Cultist","floor":4.0,"turns":1.0},{"damage":0.0,"enemies":"Small Slimes","floor":5.0,"turns":1.0},{"damage":14.0,"enemies":"Lagavulin","floor":7.0,"turns":8.0},{"damage":17.0,"enemies":"Blue Slaver","floor":10.0,"turns":3.0},{"damage":14.0,"enemies":"Exordium Thugs","floor":11.0,"turns":3.0},{"damage":0.0,"enemies":"Looter","floor":14.0,"turns":2.0},{"damage":9.0,"enemies":"Slime Boss","floor":16.0,"turns":7.0},{"damage":36.0,"enemies":"Shell Parasite","floor":18.0,"turns":5.0},{"damage":0.0,"enemies":"Chosen","floor":19.0,"turns":4.0},{"damage":20.0,"enemies":"Masked Bandits","floor":21.0,"turns":3.0},{"damage":13.0,"enemies":"Snecko","floor":24.0,"turns":5.0},{"damage":7.0,"enemies":"Sentry and Sphere","floor":29.0,"turns":3.0},{"damage":42.0,"enemies":"Snake Plant","floor":30.0,"turns":3.0},{"damage":33,"enemies":"Champ","floor":33,"turns":5},{"damage":16,"enemies":"3 Shapes","floor":35,"turns":3},{"damage":36,"enemies":"Orb Walker","floor":36,"turns":4},{"damage":69,"enemies":"4 Shapes","floor":39,"turns":6},{"damage":31,"enemies":"Nemesis","floor":41,"turns":5},{"damage":22,"enemies":"Transient","floor":44,"turns":5},{"damage":24,"enemies":"Writhing Mass","floor":46,"turns":5},{"damage":94,"enemies":"Time Eater","floor":50,"turns":5}],"seed_played":"-5277378747835512338","potions_obtained":[{"floor":5.0,"key":"Poison Potion"},{"floor":7.0,"key":"Poison Potion"},{"floor":10.0,"key":"Regen Potion"},{"floor":11.0,"key":"SteroidPotion"},{"floor":30.0,"key":"Fruit Juice"},{"floor":33,"key":"SkillPotion"},{"floor":39,"key":"AttackPotion"},{"floor":44,"key":"Block Potion"}],"is_trial":false,"path_per_floor":["M","?","$","M","M","R","E","R","T","M","M","$","T","M","R","B",null,"M","M","?","?","?","R","M","R","T","R","?","M","M","$","R","B",null,"M","M","?","?","M","R","E","R","T","M","$","M","R","?","R","B"],"character_chosen":"WATCHER","items_purchased":["JustLucky","Halt","Whetstone","Fire Potion","Lee\u0027s Waffle","Adaptation","Strength Potion","DollysMirror","Strength Potion"],"campfire_rested":3,"item_purchase_floors":[3,3,12,12,31,31,31,45,45],"current_hp_per_floor":[65,65,65,65,65,65,51,51,51,34,20,20,20,20,39,30,65,29,29,29,9,9,28,15,34,34,34,34,39,14,72,77,44,77,61,37,37,56,41,56,47,65,65,55,55,43,61,87,87,0],"gold":30,"neow_bonus":"THREE_ENEMY_KILL","is_prod":false,"is_daily":false,"chose_seed":false,"campfire_upgraded":3,"win_rate":0,"timestamp":1568184141,"path_taken":["M","?","$","?","?","R","E","R","T","M","M","$","?","M","R","BOSS","M","?","?","?","?","R","M","R","T","R","?","M","?","$","R","BOSS","M","M","?","?","M","R","E","R","T","M","$","M","R","?","R","BOSS"],"build_version":"2019-09-10","purchased_purges":2,"victory":false,"max_hp_per_floor":[65,65,65,65,65,65,65,65,65,65,65,65,65,65,65,65,65,65,65,65,65,65,65,65,65,65,65,65,65,65,72,77,77,77,77,77,77,77,77,77,87,87,87,87,87,87,87,87,87,87],"card_choices":[{"not_picked":["DeceiveReality","Protect"],"picked":"CrushJoints","floor":1.0},{"not_picked":["EmptyFist","StepAndStrike"],"picked":"WaveOfTheHand","floor":4.0},{"not_picked":["Sanctity","Crescendo"],"picked":"Worship","floor":5.0},{"not_picked":["Wireheading","EmptyMind"],"picked":"DeceiveReality","floor":7.0},{"not_picked":["FollowUp","Swivel"],"picked":"FlyingSleeves","floor":10.0},{"not_picked":["Metaphysics","Prostrate"],"picked":"FollowUp","floor":11.0},{"not_picked":["Tantrum","BowlingBash"],"picked":"Evaluate","floor":14.0},{"not_picked":["Wish","Ragnarok"],"picked":"Omniscience","floor":16.0},{"not_picked":["JustLucky","Sanctity"],"picked":"CrushJoints+1","floor":18.0},{"not_picked":["Protect","Consecrate"],"picked":"Worship+1","floor":19.0},{"not_picked":["JustLucky","Protect"],"picked":"FollowUp","floor":21.0},{"not_picked":["EmptyBody","Vengeance"],"picked":"Crescendo+1","floor":24.0},{"not_picked":["EmptyMind","Collect"],"picked":"FlyingSleeves+1","floor":29.0},{"not_picked":["FlurryOfBlows","BowlingBash+1"],"picked":"Fasting+1","floor":30.0},{"not_picked":["Alpha","SignatureMove"],"picked":"BattleHymn","floor":33},{"not_picked":["FollowUp+1","EmptyBody"],"picked":"FearNoEvil+1","floor":35},{"not_picked":["FlurryOfBlows","CarveReality+1"],"picked":"Establishment+1","floor":36},{"not_picked":["Establishment","EmptyBody"],"picked":"Protect+1","floor":39},{"not_picked":["WaveOfTheHand","Protect"],"picked":"EmptyMind+1","floor":41},{"not_picked":["Clarity","BowlingBash+1"],"picked":"CarveReality+1","floor":44},{"not_picked":["Worship+1","ForeignInfluence"],"picked":"JustLucky+1","floor":46}],"player_experience":1296126,"relics_obtained":[{"floor":7.0,"key":"Shovel"},{"floor":8.0,"key":"Old Coin"},{"floor":9.0,"key":"Mercury Hourglass"},{"floor":13.0,"key":"Lizard Tail"},{"floor":21.0,"key":"Red Mask"},{"floor":26.0,"key":"Gambling Chip"},{"floor":32.0,"key":"Eternal Feather"},{"floor":40,"key":"Pocketwatch"},{"floor":41,"key":"Pear"},{"floor":42,"key":"Juzu Bracelet"},{"floor":43,"key":"Smiling Mask"},{"floor":47,"key":"Darkstone Periapt"}],"event_choices":[{"cards_removed":["CrushJoints"],"damage_healed":0.0,"max_hp_gain":0.0,"max_hp_loss":0.0,"gold_gain":0.0,"event_name":"WeMeetAgain","player_choice":"Gave Card","floor":2.0,"gold_loss":0.0,"damage_taken":0.0,"relics_obtained":["Oddly Smooth Stone"]},{"cards_removed":["Vigilance"],"damage_healed":0.0,"max_hp_gain":0.0,"max_hp_loss":0.0,"gold_gain":0.0,"event_name":"Beggar","player_choice":"Gave Gold","floor":20.0,"gold_loss":75.0,"damage_taken":0.0},{"damage_healed":0.0,"max_hp_gain":0.0,"max_hp_loss":0.0,"gold_gain":0.0,"event_name":"Masked Bandits","player_choice":"Fought Bandits","floor":21.0,"gold_loss":0.0,"damage_taken":0.0},{"damage_healed":0.0,"max_hp_gain":0.0,"max_hp_loss":0.0,"gold_gain":0.0,"event_name":"Cursed Tome","player_choice":"Ignored","floor":22.0,"gold_loss":0.0,"damage_taken":0.0},{"damage_healed":0.0,"max_hp_gain":0.0,"max_hp_loss":0.0,"gold_gain":0.0,"event_name":"Addict","player_choice":"Obtained Relic","floor":28.0,"gold_loss":85.0,"damage_taken":0.0,"relics_obtained":["Meat on the Bone"]},{"damage_healed":0,"gold_gain":0,"player_choice":"Memory 1","damage_taken":0,"max_hp_gain":0,"max_hp_loss":0,"event_name":"SensoryStone","floor":37,"gold_loss":0},{"damage_healed":19,"gold_gain":0,"player_choice":"Writhe","damage_taken":0,"max_hp_gain":0,"max_hp_loss":0,"event_name":"Winding Halls","floor":38,"gold_loss":0,"cards_obtained":["Writhe"]},{"damage_healed":26,"gold_gain":0,"player_choice":"Full Heal","damage_taken":0,"max_hp_gain":0,"max_hp_loss":0,"event_name":"Wheel of Change","floor":48,"gold_loss":0}],"is_beta":true,"boss_relics":[{"not_picked":["Astrolabe","Sozu"],"picked":"Pandora\u0027s Box"},{"not_picked":["Velvet Choker","Empty Cage"],"picked":"Philosopher\u0027s Stone"}],"items_purged_floors":[12,45],"is_endless":false,"potions_floor_spawned":[5,7,10,11,18,30,33,39,44],"killed_by":"Time Eater","ascension_level":1}