{"gold_per_floor":[109,109,127,127,77,116,140,175,227,79,100,100,123,136,136,225,225,249,33,46,46,46,46,90,90,90,106,106,106,149,149],"floor_reached":31,"playtime":1344,"items_purged":["Strike_B"],"score":508,"play_id":"4c129f92-82ed-4d38-bb77-ff099f5bcd8b","local_time":"20181224145757","is_ascension_mode":true,"campfire_choices":[{"floor":12,"key":"REST"},{"floor":15,"key":"REST"},{"floor":23,"key":"REST"},{"data":"Darkness","floor":25,"key":"SMITH"},{"floor":28,"key":"REST"}],"neow_cost":"NONE","seed_source_timestamp":307630988929632,"circlet_count":0,"master_deck":["AscendersBane","Strike_B","Strike_B","Strike_B","Defend_B","Defend_B","Defend_B","Defend_B","Zap","Dualcast","Go for the Eyes","Compile Driver","Darkness+1","FTL","Loop+1","Lockon","Hologram","Beam Cell","Cold Snap","Echo Form+1","Go for the Eyes+1","Defragment+1","Leap","Reinforced Body","Storm+1","Double Energy","Stack"],"relics":["Cracked Core","NeowsBlessing","Golden Idol","Frozen Egg 2","Art of War","Philosopher\u0027s Stone","Oddly Smooth Stone","MutagenicStrength","Dream Catcher","Bottled Flame","Happy Flower"],"potions_floor_usage":[8,11,16,16,18,24,27],"damage_taken":[{"damage":0,"enemies":"2 Louse","floor":1,"turns":1},{"damage":0,"enemies":"Jaw Worm","floor":3,"turns":1},{"damage":0,"enemies":"Lagavulin","floor":6,"turns":1},{"damage":0,"enemies":"Small Slimes","floor":7,"turns":2},{"damage":35,"enemies":"3 Sentries","floor":8,"turns":7},{"damage":15,"enemies":"Gremlin Gang","floor":11,"turns":4},{"damage":6,"enemies":"Looter","floor":13,"turns":3},{"damage":14,"enemies":"Red Slaver","floor":14,"turns":3},{"damage":13,"enemies":"Slime Boss","floor":16,"turns":8},{"damage":26,"enemies":"2 Thieves","floor":18,"turns":5},{"damage":10,"enemies":"Shell Parasite","floor":20,"turns":5},{"damage":17,"enemies":"Gremlin Leader","floor":24,"turns":8},{"damage":0,"enemies":"Snake Plant","floor":27,"turns":2},{"damage":46,"enemies":"Slavers","floor":30,"turns":6},{"damage":21,"enemies":"3 Cultists","floor":31,"turns":3}],"seed_played":"864605632029287096","potions_obtained":[{"floor":6,"key":"LiquidBronze"},{"floor":7,"key":"FearPotion"},{"floor":8,"key":"Energy Potion"},{"floor":13,"key":"SteroidPotion"},{"floor":16,"key":"SkillPotion"},{"floor":18,"key":"GamblersBrew"},{"floor":24,"key":"Fire Potion"}],"is_trial":false,"path_per_floor":["M","?","M","?","?","E","M","E","T","$","M","R","M","M","R","B",null,"M","$","M","?","?","R","E","R","T","M","R","?","E","M"],"character_chosen":"DEFECT","items_purchased":["Lockon","Defragment+1","Oddly Smooth Stone"],"campfire_rested":4,"item_purchase_floors":[10,19,19],"current_hp_per_floor":[68,68,68,73,73,73,73,38,38,38,23,47,41,27,51,38,70,44,44,34,34,34,58,41,41,41,41,65,65,19,0],"gold":149,"neow_bonus":"THREE_ENEMY_KILL","is_prod":false,"is_daily":false,"chose_seed":false,"campfire_upgraded":1,"win_rate":0,"timestamp":1545681477,"path_taken":["M","?","M","?","?","E","M","E","T","$","M","R","M","M","R","BOSS","M","$","M","?","?","R","E","R","T","M","R","?","E","M"],"build_version":"2018-12-20","purchased_purges":1,"victory":false,"max_hp_per_floor":[75,75,75,80,80,80,80,80,80,80,80,80,80,80,80,80,80,80,80,80,80,80,80,80,80,80,80,80,80,80,80],"card_choices":[{"not_picked":["Rebound","Aggregate"],"picked":"Go for the Eyes","floor":1},{"not_picked":["Storm","Turbo"],"picked":"Compile Driver","floor":3},{"not_picked":["Scrape","Self Repair"],"picked":"Darkness","floor":6},{"not_picked":["Meteor Strike","Gash"],"picked":"FTL","floor":7},{"not_picked":["Sunder","Blizzard"],"picked":"Loop+1","floor":8},{"not_picked":["Force Field","Turbo"],"picked":"Hologram","floor":11},{"not_picked":["Turbo","Stack"],"picked":"Beam Cell","floor":13},{"not_picked":["Turbo","Barrage"],"picked":"Cold Snap","floor":14},{"not_picked":["Seek","Meteor Strike"],"picked":"Echo Form+1","floor":16},{"not_picked":["Stack","Steam"],"picked":"Go for the Eyes+1","floor":18},{"not_picked":["Sweeping Beam","Go for the Eyes"],"picked":"Leap","floor":20},{"not_picked":["Beam Cell","Ball Lightning"],"picked":"Reinforced Body","floor":24},{"not_picked":["Turbo","Scrape"],"picked":"Storm+1","floor":27},{"not_picked":["Conserve Battery","Skim"],"picked":"Double Energy","floor":28},{"not_picked":["Scrape","Hyperbeam"],"picked":"Stack","floor":30}],"player_experience":968544,"relics_obtained":[{"floor":6,"key":"Frozen Egg 2"},{"floor":8,"key":"Art of War"},{"floor":24,"key":"Dream Catcher"},{"floor":26,"key":"Bottled Flame"},{"floor":30,"key":"Happy Flower"}],"event_choices":[{"damage_healed":0,"gold_gain":0,"player_choice":"Take Wound","damage_taken":0,"relics_obtained":["Golden Idol"],"max_hp_gain":0,"max_hp_loss":0,"event_name":"Golden Idol","floor":2,"gold_loss":0,"cards_obtained":["Injury"]},{"damage_healed":0,"gold_gain":0,"player_choice":"Donut","damage_taken":0,"max_hp_gain":5,"max_hp_loss":0,"event_name":"Big Fish","floor":4,"gold_loss":0},{"cards_removed":["Injury"],"damage_healed":0,"gold_gain":0,"player_choice":"Card Removal","damage_taken":0,"max_hp_gain":0,"max_hp_loss":0,"event_name":"The Cleric","floor":5,"gold_loss":50},{"damage_healed":0,"gold_gain":0,"player_choice":"Inject Mutagens","damage_taken":0,"relics_obtained":["MutagenicStrength"],"max_hp_gain":0,"max_hp_loss":0,"event_name":"Drug Dealer","floor":21,"gold_loss":0},{"damage_healed":0,"gold_gain":0,"player_choice":"Ignored","damage_taken":0,"max_hp_gain":0,"max_hp_loss":0,"event_name":"Beggar","floor":22,"gold_loss":0},{"damage_healed":0,"gold_gain":0,"player_choice":"Ignored","damage_taken":0,"max_hp_gain":0,"max_hp_loss":0,"event_name":"Vampires","floor":29,"gold_loss":0}],"is_beta":false,"boss_relics":[{"not_picked":["Runic Pyramid","FrozenCore"],"picked":"Philosopher\u0027s Stone"}],"items_purged_floors":[10],"is_endless":false,"potions_floor_spawned":[6,7,8,13,14,16,18,24],"killed_by":"3 Cultists","ascension_level":13}