{"gold_per_floor":[112,112,128,142,155,155,181,193,258,270,307,387,399,411,423,530,542,566,578,590,88,88,88,41,41,41,41,41,68,79,91,91,91],"floor_reached":33,"playtime":1188,"items_purged":["Strike_B+1"],"score":350,"play_id":"35f76407-504d-4037-8c39-dd27a4126aab","local_time":"20190524170836","is_ascension_mode":true,"campfire_choices":[{"data":"Genetic Algorithm","floor":6.0,"key":"SMITH"},{"floor":8.0,"key":"REST"},{"data":"Sunder","floor":10.0,"key":"SMITH"},{"data":"Loop","floor":13.0,"key":"SMITH"},{"floor":15.0,"key":"REST"},{"floor":23.0,"key":"REST"},{"data":"Seek","floor":25.0,"key":"SMITH"},{"data":"Dualcast","floor":28.0,"key":"SMITH"},{"floor":32,"key":"REST"}],"neow_cost":"NONE","seed_source_timestamp":0,"circlet_count":0,"master_deck":["Strike_B+1","Strike_B+1","Strike_B+1","Defend_B+1","Defend_B+1","Defend_B+1","Defend_B+1","Dualcast+1","Loop+1","Sunder+1","Stack","Genetic Algorithm+1","Coolheaded","Blizzard","Stack","Electrodynamics","BootSequence","Cold Snap+1","Ball Lightning","Streamline+1","Turbo","FTL+1","Seek+1","Capacitor","Sweeping Beam","Ball Lightning+1","Defragment","Go for the Eyes"],"special_seed":0,"relics":["Cracked Core","Meat on the Bone","MawBank","Bag of Marbles","Pen Nib","Orrery","Whetstone","Blue Candle","Dead Branch"],"potions_floor_usage":[29,33,33],"damage_taken":[{"damage":3.0,"enemies":"2 Louse","floor":1.0,"turns":4.0},{"damage":3.0,"enemies":"Jaw Worm","floor":3.0,"turns":4.0},{"damage":0.0,"enemies":"Small Slimes","floor":4.0,"turns":3.0},{"damage":1.0,"enemies":"Exordium Wildlife","floor":5.0,"turns":3.0},{"damage":36.0,"enemies":"Gremlin Nob","floor":7.0,"turns":5.0},{"damage":23.0,"enemies":"3 Sentries","floor":11.0,"turns":7.0},{"damage":14.0,"enemies":"The Guardian","floor":16.0,"turns":15.0},{"damage":15.0,"enemies":"Spheric Guardian","floor":18.0,"turns":4.0},{"damage":18,"enemies":"Gremlin Leader","floor":29,"turns":3},{"damage":2,"enemies":"Chosen","floor":30,"turns":3},{"damage":12,"enemies":"Snake Plant","floor":31,"turns":4},{"damage":83,"enemies":"Automaton","floor":33,"turns":14}],"seed_played":"-3897433113796057006","potions_obtained":[{"floor":3.0,"key":"SteroidPotion"},{"floor":4.0,"key":"Fire Potion"},{"floor":5.0,"key":"Block Potion"},{"floor":30,"key":"FearPotion"}],"is_trial":false,"path_per_floor":["M","?","M","M","M","R","E","R","T","R","E","?","R","?","R","B",null,"M","?","?","$","?","R","$","R","T","?","R","E","M","M","R","B"],"character_chosen":"DEFECT","items_purchased":["Seek","Capacitor","Regen Potion","Whetstone","Sweeping Beam"],"campfire_rested":4,"item_purchase_floors":[21,21,21,21,24],"current_hp_per_floor":[65,58,55,55,54,54,30,52,52,52,41,41,41,41,63,49,69,54,54,54,54,40,64,64,64,64,64,64,46,44,44,68,0],"gold":91,"neow_bonus":"THREE_CARDS","is_prod":false,"is_daily":false,"chose_seed":false,"campfire_upgraded":5,"win_rate":0,"timestamp":1558681716,"path_taken":["M","?","M","M","M","R","E","R","T","R","E","?","R","?","R","BOSS","M","?","?","$","?","R","?","R","T","?","R","E","?","M","R","BOSS"],"build_version":"2019-01-23","purchased_purges":1,"victory":false,"max_hp_per_floor":[75,75,75,75,75,75,75,75,75,75,75,75,75,75,75,75,75,75,75,75,75,80,80,80,80,80,80,80,80,80,80,80,80],"card_choices":[{"not_picked":["Go for the Eyes","Steam"],"picked":"Loop","floor":0.0},{"not_picked":["Ball Lightning","Go for the Eyes"],"picked":"Sunder","floor":1.0},{"not_picked":["Loop","Redo"],"picked":"Stack","floor":3.0},{"not_picked":["Barrage","Stack"],"picked":"Genetic Algorithm","floor":4.0},{"not_picked":["Gash","Consume"],"picked":"Coolheaded","floor":5.0},{"not_picked":["Gash","Loop"],"picked":"Blizzard","floor":7.0},{"not_picked":["Sunder","Gash"],"picked":"Stack","floor":11.0},{"not_picked":["Echo Form","Machine Learning"],"picked":"Electrodynamics","floor":16.0},{"not_picked":["Coolheaded","Hologram"],"picked":"BootSequence","floor":17.0},{"not_picked":["Stack","Capacitor"],"picked":"Cold Snap","floor":17.0},{"not_picked":["Gash","Fusion"],"picked":"Ball Lightning","floor":17.0},{"not_picked":["Double Energy","Hologram"],"picked":"Streamline","floor":17.0},{"not_picked":["Stack","Consume"],"picked":"Turbo","floor":17.0},{"not_picked":["Redo","Cold Snap"],"picked":"FTL+1","floor":18.0},{"not_picked":["Loop","Skim"],"picked":"Ball Lightning+1","floor":29},{"not_picked":["Static Discharge+1","Compile Driver"],"picked":"Defragment","floor":30},{"not_picked":["Cold Snap","Rebound+1"],"picked":"Go for the Eyes","floor":31}],"player_experience":719715,"relics_obtained":[{"floor":7.0,"key":"MawBank"},{"floor":9.0,"key":"Bag of Marbles"},{"floor":11.0,"key":"Pen Nib"},{"floor":26.0,"key":"Blue Candle"},{"floor":29,"key":"Dead Branch"}],"event_choices":[{"damage_healed":0.0,"max_hp_gain":0.0,"max_hp_loss":0.0,"gold_gain":0.0,"event_name":"Scrap Ooze","player_choice":"Success","floor":2.0,"gold_loss":0.0,"damage_taken":7.0,"relics_obtained":["Meat on the Bone"]},{"damage_healed":0.0,"max_hp_gain":0.0,"max_hp_loss":0.0,"gold_gain":68.0,"event_name":"Golden Wing","player_choice":"Gained Gold","floor":12.0,"gold_loss":0.0,"damage_taken":0.0},{"damage_healed":0.0,"max_hp_gain":0.0,"max_hp_loss":0.0,"gold_gain":0.0,"event_name":"Liars Game","player_choice":"Ignored","floor":14.0,"gold_loss":0.0,"damage_taken":0.0},{"damage_healed":0.0,"max_hp_gain":0.0,"max_hp_loss":0.0,"gold_gain":0.0,"event_name":"Back to Basics","player_choice":"Simplicity","floor":19.0,"gold_loss":0.0,"damage_taken":0.0,"cards_upgraded":["Strike_B","Strike_B","Strike_B","Strike_B","Defend_B","Defend_B","Defend_B","Defend_B"]},{"damage_healed":0.0,"max_hp_gain":0.0,"max_hp_loss":0.0,"gold_gain":0.0,"event_name":"Ghosts","player_choice":"Ignored","floor":20.0,"gold_loss":0.0,"damage_taken":0.0},{"damage_healed":0.0,"max_hp_gain":5.0,"max_hp_loss":0.0,"gold_gain":0.0,"event_name":"Forgotten Altar","player_choice":"Shed Blood","floor":22.0,"gold_loss":0.0,"damage_taken":19.0},{"cards_removed":["Zap"],"damage_healed":0.0,"max_hp_gain":0.0,"max_hp_loss":0.0,"gold_gain":0.0,"event_name":"Purifier","player_choice":"Purged","floor":27.0,"gold_loss":0.0,"damage_taken":0.0}],"is_beta":false,"boss_relics":[{"not_picked":["Tiny House","Coffee Dripper"],"picked":"Orrery"}],"items_purged_floors":[21],"is_endless":false,"potions_floor_spawned":[3,4,5,30],"killed_by":"Automaton","ascension_level":6}