{"gold_per_floor":[114,125,145,70,82,82,113,123,177,187,187,202,202,212,212,289,289,299,314,333,42,56,56,2,14,40,40,57,57,90,5,5,5],"floor_reached":33,"playtime":2935,"items_purged":["Strike_G"],"score":546,"play_id":"0a79fe46-b69f-4a7a-a3ff-d9059d11807a","local_time":"20190403052601","is_ascension_mode":true,"campfire_choices":[{"data":"Finisher","floor":11,"key":"SMITH"},{"data":"Dagger Spray","floor":13,"key":"SMITH"},{"floor":15,"key":"REST"},{"data":"PiercingWail","floor":23,"key":"SMITH"},{"data":"Blade Dance","floor":27,"key":"SMITH"},{"floor":29,"key":"REST"},{"floor":32,"key":"REST"}],"neow_cost":"NONE","seed_source_timestamp":20931266970272,"circlet_count":0,"master_deck":["AscendersBane","Defend_G","Defend_G+1","Defend_G","Defend_G","Defend_G","Strike_G","Strike_G","Strike_G","Survivor","Neutralize","Dagger Spray+1","Flying Knee","Malaise+1","Finisher+1","Blade Dance+1","Dodge and Roll","PiercingWail+1","Infinite Blades","Dash","Adrenaline","Noxious Fumes","Dash+1","PiercingWail","Calculated Gamble"],"relics":["Ring of the Serpent","War Paint","Ornamental Fan","Orichalcum","HandDrill","Smiling Mask","Bronze Scales","Happy Flower"],"potions_floor_usage":[5,10,14,16,16,16,16,22,25,30,30,33],"damage_taken":[{"damage":2,"enemies":"2 Louse","floor":1,"turns":4},{"damage":0,"enemies":"Cultist","floor":2,"turns":4},{"damage":1,"enemies":"Jaw Worm","floor":3,"turns":4},{"damage":2,"enemies":"Exordium Wildlife","floor":5,"turns":3},{"damage":27,"enemies":"Gremlin Nob","floor":7,"turns":5},{"damage":0,"enemies":"Lots of Slimes","floor":8,"turns":3},{"damage":0,"enemies":"Looter","floor":10,"turns":1},{"damage":5,"enemies":"Exordium Wildlife","floor":12,"turns":6},{"damage":0,"enemies":"2 Fungi Beasts","floor":14,"turns":1},{"damage":5,"enemies":"Slime Boss","floor":16,"turns":12},{"damage":1,"enemies":"Shell Parasite","floor":18,"turns":7},{"damage":10,"enemies":"Chosen","floor":19,"turns":5},{"damage":5,"enemies":"Centurion and Healer","floor":20,"turns":9},{"damage":4,"enemies":"Snake Plant","floor":22,"turns":5},{"damage":13,"enemies":"3 Cultists","floor":25,"turns":6},{"damage":15,"enemies":"Cultist and Chosen","floor":28,"turns":7},{"damage":3,"enemies":"Book of Stabbing","floor":30,"turns":4},{"damage":61,"enemies":"Collector","floor":33,"turns":9}],"seed_played":"4918040430042826619","potions_obtained":[{"floor":2,"key":"AttackPotion"},{"floor":5,"key":"LiquidBronze"},{"floor":7,"key":"Fire Potion"},{"floor":8,"key":"EssenceOfSteel"},{"floor":12,"key":"Fire Potion"},{"floor":14,"key":"EntropicBrew"},{"floor":19,"key":"Energy Potion"},{"floor":22,"key":"Energy Potion"},{"floor":28,"key":"AttackPotion"},{"floor":30,"key":"EssenceOfSteel"}],"is_trial":false,"path_per_floor":["M","M","M","?","M","?","E","M","T","M","R","M","R","M","R","B",null,"M","M","M","$","M","R","$","M","T","R","M","R","E","?","R","B"],"character_chosen":"THE_SILENT","items_purchased":["HandDrill","SteroidPotion"],"campfire_rested":3,"item_purchase_floors":[21,24],"current_hp_per_floor":[63,63,62,62,60,60,33,33,33,33,33,28,28,28,49,44,65,64,54,49,49,45,45,45,32,32,32,17,38,35,35,56,0],"gold":5,"neow_bonus":"TEN_PERCENT_HP_BONUS","is_prod":false,"is_daily":false,"chose_seed":false,"campfire_upgraded":4,"win_rate":0,"timestamp":1554283561,"path_taken":["M","M","M","?","M","?","E","M","T","M","R","M","R","M","R","BOSS","M","M","M","$","M","R","?","M","T","R","M","R","E","?","R","BOSS"],"build_version":"2019-01-23","purchased_purges":1,"victory":false,"max_hp_per_floor":[72,72,72,72,72,72,72,72,72,72,72,72,72,72,72,72,72,72,72,72,72,72,72,72,72,72,72,72,72,72,72,72,72],"card_choices":[{"not_picked":["Bane","Dodge and Roll"],"picked":"Dagger Spray","floor":1},{"not_picked":["Dodge and Roll","Reflex"],"picked":"Flying Knee","floor":2},{"not_picked":["Bane","Underhanded Strike"],"picked":"Malaise","floor":3},{"not_picked":["Eviscerate","Acrobatics"],"picked":"Finisher","floor":5},{"not_picked":["Poisoned Stab","Slice"],"picked":"Blade Dance","floor":7},{"not_picked":["Bane","Underhanded Strike"],"picked":"Dodge and Roll","floor":8},{"not_picked":["Setup","Dagger Spray"],"picked":"PiercingWail","floor":10},{"not_picked":["Catalyst","Deadly Poison"],"picked":"Infinite Blades","floor":12},{"not_picked":["Calculated Gamble","Finisher"],"picked":"Dash","floor":14},{"not_picked":["Storm of Steel","Glass Knife"],"picked":"Adrenaline","floor":16},{"not_picked":["Dagger Spray","Distraction"],"picked":"Noxious Fumes","floor":18},{"not_picked":["Deflect","Blur"],"picked":"Dash+1","floor":19},{"not_picked":["Dash","Flying Knee","Poisoned Stab"],"picked":"SKIP","floor":20},{"not_picked":["Underhanded Strike","Bane"],"picked":"PiercingWail","floor":22},{"not_picked":["Outmaneuver","Flying Knee","Blur"],"picked":"SKIP","floor":25},{"not_picked":["Dagger Spray","Noxious Fumes"],"picked":"Calculated Gamble","floor":28},{"not_picked":["Noxious Fumes+1","Acrobatics","Riddle With Holes"],"picked":"SKIP","floor":30}],"player_experience":1277960,"relics_obtained":[{"floor":7,"key":"Ornamental Fan"},{"floor":9,"key":"Orichalcum"},{"floor":26,"key":"Smiling Mask"},{"floor":30,"key":"Bronze Scales"}],"event_choices":[{"cards_removed":["Strike_G"],"damage_healed":0,"gold_gain":0,"player_choice":"Card Removal","damage_taken":0,"max_hp_gain":0,"max_hp_loss":0,"event_name":"The Cleric","floor":4,"gold_loss":75},{"damage_healed":0,"gold_gain":0,"player_choice":"Gave Potion","damage_taken":0,"relics_obtained":["War Paint"],"max_hp_gain":0,"max_hp_loss":0,"event_name":"WeMeetAgain","floor":6,"gold_loss":0},{"damage_healed":0,"gold_gain":0,"player_choice":"Obtained Relic","damage_taken":0,"relics_obtained":["Happy Flower"],"max_hp_gain":0,"max_hp_loss":0,"event_name":"Addict","floor":31,"gold_loss":85}],"is_beta":false,"boss_relics":[{"not_picked":["Eternal Feather","Tiny House"],"picked":"Ring of the Serpent"}],"items_purged_floors":[21],"is_endless":false,"potions_floor_spawned":[2,5,7,8,12,14,19,22,28,30],"killed_by":"Collector","ascension_level":20}