{"path_per_floor":["M","M","M","M","M","R","E","M","T","$","M","R","E","M","R","B",null,"M","?","M","M","?","M","E","$","T","R","M","M"],"character_chosen":"IRONCLAD","items_purchased":["Twin Strike","Art of War","Uppercut","Thinking Ahead"],"gold_per_floor":[118,133,145,155,165,165,194,210,210,29,45,45,73,90,90,190,190,202,202,218,233,233,251,284,55,55,55,65,84,84],"floor_reached":30,"campfire_rested":0,"playtime":2113,"current_hp_per_floor":[80,80,79,78,67,67,62,62,62,62,80,80,69,76,76,80,80,75,75,71,58,58,60,52,52,52,52,40,21,0],"items_purged":[],"gold":84,"score":382,"play_id":"36a1010e-19f4-4eca-8807-bd2f6b728712","local_time":"20180409151237","is_prod":false,"is_daily":false,"is_ascension_mode":true,"campfire_upgraded":3,"timestamp":1523301157,"path_taken":["M","M","M","M","M","R","E","M","T","$","M","R","E","M","R","BOSS","M","?","M","?","?","M","E","$","T","R","M","M","M"],"build_version":"2018-04-05v2","purchased_purges":0,"victory":false,"master_deck":["Strike_R","Strike_R","Strike_R","Strike_R","Defend_R+1","Defend_R","Defend_R","Defend_R+1","Bash","Shrug It Off","Spot Weakness+1","Pommel Strike","Shrug It Off","Metallicize+1","Thunderclap","Sword Boomerang","Twin Strike","Flex+1","Battle Trance","Iron Wave","Demon Form","Shrug It Off","Burning Pact+1","Heavy Blade","Uppercut","Thinking Ahead","Power Through"],"max_hp_per_floor":[80,80,80,80,80,80,80,80,80,80,80,80,80,80,80,80,80,80,80,80,80,80,80,80,80,80,80,80,80,80],"relics":["Black Blood","Vajra","War Paint","Magic Flower","Art of War","Ornamental Fan","Champion Belt","Girya"],"card_choices":[{"not_picked":["Pommel Strike","Body Slam"],"picked":"Shrug It Off","floor":1},{"not_picked":["Pommel Strike","True Grit"],"picked":"Spot Weakness","floor":2},{"not_picked":["Wild Strike","Searing Blow"],"picked":"Pommel Strike","floor":3},{"not_picked":["Flex","Rage"],"picked":"Shrug It Off","floor":4},{"not_picked":["Carnage","Offering"],"picked":"Metallicize","floor":5},{"not_picked":["Evolve","Perfected Strike"],"picked":"Thunderclap","floor":7},{"not_picked":["Battle Trance","Heavy Blade"],"picked":"Sword Boomerang","floor":8},{"not_picked":["Rupture","Evolve"],"picked":"Flex","floor":11},{"not_picked":["Bloodletting","Hemokinesis"],"picked":"Battle Trance","floor":13},{"not_picked":["Shrug It Off","Feel No Pain"],"picked":"Iron Wave","floor":14},{"not_picked":["Feed","Exhume"],"picked":"Demon Form","floor":16},{"not_picked":["Body Slam","Spot Weakness"],"picked":"Shrug It Off","floor":18},{"not_picked":["Wild Strike","Warcry"],"picked":"Burning Pact","floor":20},{"not_picked":["Clash","Dual Wield"],"picked":"Heavy Blade","floor":23},{"not_picked":["True Grit","Carnage"],"picked":"Power Through","floor":29}],"player_experience":201889,"potions_floor_usage":[11,13,13,16,23,23,24],"damage_taken":[{"damage":5,"enemies":"Small Slimes","floor":1,"turns":4},{"damage":1,"enemies":"Cultist","floor":2,"turns":3},{"damage":7,"enemies":"Jaw Worm","floor":3,"turns":3},{"damage":7,"enemies":"3 Louse","floor":4,"turns":3},{"damage":17,"enemies":"Exordium Wildlife","floor":5,"turns":7},{"damage":11,"enemies":"3 Sentries","floor":7,"turns":10},{"damage":6,"enemies":"Looter","floor":8,"turns":3},{"damage":2,"enemies":"Exordium Thugs","floor":11,"turns":4},{"damage":20,"enemies":"Lagavulin","floor":13,"turns":3},{"damage":2,"enemies":"3 Louse","floor":14,"turns":3},{"damage":3,"enemies":"The Guardian","floor":16,"turns":11},{"damage":20,"enemies":"2 Thieves","floor":18,"turns":3},{"damage":19,"enemies":"Spheric Guardian","floor":20,"turns":6},{"damage":28,"enemies":"Snake Plant","floor":21,"turns":6},{"damage":33,"enemies":"Slaver and Parasite","floor":23,"turns":5},{"damage":23,"enemies":"Gremlin Leader","floor":24,"turns":8},{"damage":27,"enemies":"Snecko","floor":28,"turns":7},{"damage":34,"enemies":"Cultist and Chosen","floor":29,"turns":6},{"damage":22,"enemies":"Snake Plant","floor":30,"turns":3}],"event_choices":[{"event_name":"Bonfire Elementals","player_choice":"BASIC","floor":19,"damage_taken":0},{"event_name":"Beggar","player_choice":"Ignored","floor":22,"damage_taken":0}],"boss_relics":[{"not_picked":["Pandora\u0027s Box","Velvet Choker"],"picked":"Black Blood"}],"potions_floor_spawned":[5,7,8,11,14,21,23],"seed_played":"-7885591626373145874","killed_by":"Snake Plant","ascension_level":4,"is_trial":false}