{"gold_per_floor":[115,129,142,156,171,171,201,201,201,225,225,258,284,317,317,407,407,423,423,423,436,451,451,451],"floor_reached":24,"playtime":1709,"items_purged":[],"score":440,"play_id":"3de231db-8d24-4be5-9fd3-6824221183e7","local_time":"20190517045537","is_ascension_mode":true,"campfire_choices":[{"data":"Neutralize","floor":6.0,"key":"SMITH"},{"floor":11.0,"key":"REST"},{"floor":15,"key":"REST"},{"floor":23,"key":"REST"}],"neow_cost":"NONE","seed_source_timestamp":1966772524606302,"circlet_count":0,"master_deck":["AscendersBane","Defend_G","Defend_G","Defend_G","Defend_G","Defend_G","Strike_G","Strike_G","Strike_G","Strike_G","Survivor","Neutralize+1","Flying Knee","Dagger Throw","Footwork","Quick Slash","Backflip","Backstab","Cloak And Dagger","Deflect","Footwork","Glass Knife","Heel Hook","Backstab","Endless Agony+1"],"special_seed":0,"relics":["Ring of the Snake","Pantograph","Golden Idol","Paper Crane","Odd Mushroom","Kunai","Black Star"],"potions_floor_usage":[12,14,19,22],"damage_taken":[{"damage":0.0,"enemies":"2 Louse","floor":1.0,"turns":3.0},{"damage":8.0,"enemies":"Jaw Worm","floor":2.0,"turns":7.0},{"damage":1.0,"enemies":"Small Slimes","floor":3.0,"turns":3.0},{"damage":6.0,"enemies":"Exordium Wildlife","floor":4.0,"turns":4.0},{"damage":1.0,"enemies":"Blue Slaver","floor":5.0,"turns":4.0},{"damage":31.0,"enemies":"Gremlin Nob","floor":7.0,"turns":5.0},{"damage":0.0,"enemies":"2 Fungi Beasts","floor":10.0,"turns":3.0},{"damage":15,"enemies":"3 Sentries","floor":12,"turns":8},{"damage":1,"enemies":"The Mushroom Lair","floor":13,"turns":6},{"damage":13,"enemies":"Gremlin Nob","floor":14,"turns":6},{"damage":4,"enemies":"The Guardian","floor":16,"turns":18},{"damage":38,"enemies":"Chosen","floor":18,"turns":6},{"damage":0,"enemies":"2 Thieves","floor":19,"turns":1},{"damage":10,"enemies":"Sentry and Sphere","floor":21,"turns":14},{"damage":2,"enemies":"3 Cultists","floor":22,"turns":10},{"damage":26,"enemies":"Slavers","floor":24,"turns":1}],"seed_played":"5258944807049623039","potions_obtained":[{"floor":1.0,"key":"Energy Potion"},{"floor":5.0,"key":"Weak Potion"},{"floor":7.0,"key":"Strength Potion"},{"floor":12,"key":"SpeedPotion"},{"floor":18,"key":"SmokeBomb"},{"floor":21,"key":"Block Potion"}],"is_trial":false,"path_per_floor":["M","M","M","M","M","R","E","?","T","M","R","E","?","E","R","B",null,"M","M","?","M","M","R","E"],"character_chosen":"THE_SILENT","items_purchased":[],"campfire_rested":3,"item_purchase_floors":[],"current_hp_per_floor":[59,51,50,44,43,43,12,12,12,12,30,15,14,1,19,40,55,17,17,17,7,5,23,0],"gold":451,"neow_bonus":"REMOVE_CARD","is_prod":false,"is_daily":false,"chose_seed":false,"campfire_upgraded":1,"win_rate":0,"timestamp":1558083337,"path_taken":["M","M","M","M","M","R","E","?","T","M","R","E","?","E","R","BOSS","M","M","?","M","M","R","E"],"build_version":"2019-01-23","purchased_purges":0,"victory":false,"max_hp_per_floor":[66,66,66,66,66,66,66,60,60,60,60,60,60,60,60,60,60,60,60,60,60,60,60,60],"card_choices":[{"not_picked":["Well Laid Plans","Quick Slash"],"picked":"Flying Knee","floor":1.0},{"not_picked":["Concentrate","Underhanded Strike"],"picked":"Dagger Throw","floor":2.0},{"not_picked":["Underhanded Strike","A Thousand Cuts"],"picked":"Footwork","floor":3.0},{"not_picked":["Deflect","Bane"],"picked":"Quick Slash","floor":4.0},{"not_picked":["Catalyst","Distraction"],"picked":"Backflip","floor":5.0},{"not_picked":["Choke","Malaise"],"picked":"Backstab","floor":7.0},{"not_picked":["Outmaneuver","Acrobatics"],"picked":"Cloak And Dagger","floor":10.0},{"not_picked":["Deadly Poison","Corpse Explosion"],"picked":"Deflect","floor":12},{"not_picked":["Poisoned Stab","Bouncing Flask"],"picked":"Footwork","floor":13},{"not_picked":["Outmaneuver","Acrobatics","Quick Slash"],"picked":"SKIP","floor":14},{"not_picked":["Envenom","Unload"],"picked":"Glass Knife","floor":16},{"not_picked":["Bouncing Flask","Blur"],"picked":"Heel Hook","floor":18},{"not_picked":["Quick Slash","Underhanded Strike+1"],"picked":"Endless Agony+1","floor":21},{"not_picked":["Outmaneuver","Flying Knee","Deadly Poison"],"picked":"SKIP","floor":22}],"player_experience":1504340,"relics_obtained":[{"floor":7.0,"key":"Pantograph"},{"floor":12,"key":"Paper Crane"},{"floor":13,"key":"Odd Mushroom"},{"floor":14,"key":"Kunai"}],"event_choices":[{"damage_healed":0.0,"max_hp_gain":0.0,"max_hp_loss":6.0,"gold_gain":0.0,"event_name":"Golden Idol","player_choice":"Lose Max HP","floor":8.0,"gold_loss":0.0,"damage_taken":0.0,"relics_obtained":["Golden Idol"]},{"damage_healed":0,"gold_gain":0,"player_choice":"Fought Mushrooms","damage_taken":0,"max_hp_gain":0,"max_hp_loss":0,"event_name":"Mushrooms","floor":13,"gold_loss":0},{"damage_healed":0,"gold_gain":0,"player_choice":"Read","damage_taken":0,"max_hp_gain":0,"max_hp_loss":0,"event_name":"The Library","floor":20,"gold_loss":0,"cards_obtained":["Backstab"]}],"is_beta":false,"boss_relics":[{"not_picked":["WristBlade","Calling Bell"],"picked":"Black Star"}],"items_purged_floors":[],"is_endless":false,"potions_floor_spawned":[1,5,7,12,18,19,21],"killed_by":"Slavers","ascension_level":20}