{"gold_per_floor":[113,63,73,86,98,125,125,146,146,156,156,176,188,205,205,309,309,321,2,22,22,22,53,70,70,70,70],"floor_reached":27,"playtime":1453,"items_purged":[],"score":237,"play_id":"302e4111-1c1b-439e-849c-28ef6930573d","local_time":"20190606171954","is_ascension_mode":false,"campfire_choices":[{"floor":7,"key":"REST"},{"floor":15,"key":"REST"}],"neow_cost":"NONE","seed_source_timestamp":536948843573398,"circlet_count":0,"master_deck":["Strike_B","Strike_B","Strike_B","Defend_B","Defend_B","Defend_B","Defend_B","Zap","Dualcast","Chill","Sweeping Beam","Stack","Go for the Eyes","Multi-Cast","Conserve Battery","Ball Lightning","Ball Lightning","Compile Driver","Multi-Cast","Ball Lightning","Thinking Ahead","Steam Power","Hologram+1","Shame"],"relics":["Cracked Core","Bronze Scales","Odd Mushroom","Mummified Hand","White Beast Statue","Potion Belt","Torii","Question Card","Meat on the Bone"],"potions_floor_usage":[6,6,16,20,23,23],"damage_taken":[{"damage":3,"enemies":"Jaw Worm","floor":1,"turns":4},{"damage":3,"enemies":"Small Slimes","floor":3,"turns":3},{"damage":7,"enemies":"2 Louse","floor":4,"turns":2},{"damage":3,"enemies":"Exordium Wildlife","floor":5,"turns":7},{"damage":22,"enemies":"Gremlin Nob","floor":6,"turns":5},{"damage":20,"enemies":"The Mushroom Lair","floor":8,"turns":3},{"damage":1,"enemies":"Looter","floor":10,"turns":3},{"damage":11,"enemies":"Red Slaver","floor":12,"turns":3},{"damage":21,"enemies":"Gremlin Gang","floor":13,"turns":3},{"damage":4,"enemies":"Large Slime","floor":14,"turns":4},{"damage":7,"enemies":"Slime Boss","floor":16,"turns":8},{"damage":18,"enemies":"Spheric Guardian","floor":18,"turns":4},{"damage":24,"enemies":"Shell Parasite","floor":20,"turns":5},{"damage":32,"enemies":"Slavers","floor":23,"turns":5},{"damage":17,"enemies":"Snecko","floor":24,"turns":5},{"damage":7,"enemies":"Snake Plant","floor":27,"turns":1}],"seed_played":"122937742625154501","potions_obtained":[{"floor":1,"key":"GamblersBrew"},{"floor":3,"key":"Explosive Potion"},{"floor":5,"key":"SteroidPotion"},{"floor":12,"key":"Strength Potion"},{"floor":18,"key":"Regen Potion"},{"floor":20,"key":"Block Potion"},{"floor":23,"key":"Fire Potion"},{"floor":24,"key":"Regen Potion"}],"is_trial":false,"path_per_floor":["M","?","M","M","M","E","R","?","T","M","?","M","M","M","R","B",null,"M","$","M","?","?","E","M","?","T","M"],"character_chosen":"DEFECT","items_purchased":["Potion Belt","Thinking Ahead"],"campfire_rested":2,"item_purchase_floors":[19,19],"current_hp_per_floor":[79,79,76,69,66,44,68,48,48,47,74,63,42,38,62,55,82,64,64,52,52,52,20,3,3,3,0],"gold":70,"neow_bonus":"TEN_PERCENT_HP_BONUS","is_prod":false,"is_daily":false,"chose_seed":false,"campfire_upgraded":0,"win_rate":0.0,"timestamp":1559834394,"path_taken":["M","?","M","M","M","E","R","?","T","M","?","M","M","M","R","BOSS","M","$","M","?","?","E","M","?","T","M"],"build_version":"2019-01-23","purchased_purges":0,"victory":false,"max_hp_per_floor":[82,82,82,82,82,82,82,82,82,82,82,82,82,82,82,82,82,82,82,82,82,82,82,82,82,82,82],"card_choices":[{"not_picked":["Self Repair","Coolheaded"],"picked":"Chill","floor":1},{"not_picked":["Redo","Force Field"],"picked":"Sweeping Beam","floor":3},{"not_picked":["Leap","Barrage"],"picked":"Stack","floor":4},{"not_picked":["Self Repair","Compile Driver"],"picked":"Go for the Eyes","floor":5},{"not_picked":["Stack","Creative AI"],"picked":"Multi-Cast","floor":6},{"not_picked":["Reinforced Body","Sweeping Beam"],"picked":"Conserve Battery","floor":8},{"not_picked":["Redo","Stack"],"picked":"Ball Lightning","floor":10},{"not_picked":["Genetic Algorithm","Barrage","Gash"],"picked":"SKIP","floor":12},{"not_picked":["Cold Snap","Leap"],"picked":"Ball Lightning","floor":13},{"not_picked":["Go for the Eyes","Cold Snap"],"picked":"Compile Driver","floor":14},{"not_picked":["Biased Cognition","Amplify"],"picked":"Multi-Cast","floor":16},{"not_picked":["Beam Cell","Barrage+1"],"picked":"Ball Lightning","floor":18},{"not_picked":["Blizzard","Skim"],"picked":"Steam Power","floor":20},{"not_picked":["Gash+1","Conserve Battery"],"picked":"Hologram+1","floor":23},{"not_picked":["Storm","Hologram+1","Beam Cell"],"picked":"SKIP","floor":24}],"player_experience":7679,"relics_obtained":[{"floor":6,"key":"Bronze Scales"},{"floor":8,"key":"Odd Mushroom"},{"floor":9,"key":"Mummified Hand"},{"floor":23,"key":"Torii"},{"floor":26,"key":"Meat on the Bone"}],"event_choices":[{"cards_removed":["Strike_B"],"damage_healed":0,"gold_gain":0,"player_choice":"Card Removal","damage_taken":0,"max_hp_gain":0,"max_hp_loss":0,"event_name":"The Cleric","floor":2,"gold_loss":50},{"damage_healed":0,"gold_gain":0,"player_choice":"Fought Mushrooms","damage_taken":0,"max_hp_gain":0,"max_hp_loss":0,"event_name":"Mushrooms","floor":8,"gold_loss":0},{"damage_healed":27,"gold_gain":0,"player_choice":"Banana","damage_taken":0,"max_hp_gain":0,"max_hp_loss":0,"event_name":"Big Fish","floor":11,"gold_loss":0},{"damage_healed":0,"gold_gain":0,"player_choice":"Ignored","damage_taken":0,"max_hp_gain":0,"max_hp_loss":0,"event_name":"Beggar","floor":21,"gold_loss":0},{"damage_healed":0,"gold_gain":0,"player_choice":"Ignored","damage_taken":0,"max_hp_gain":0,"max_hp_loss":0,"event_name":"Ghosts","floor":22,"gold_loss":0},{"damage_healed":0,"gold_gain":0,"player_choice":"Stole Relic","damage_taken":0,"relics_obtained":["Question Card"],"max_hp_gain":0,"max_hp_loss":0,"event_name":"Addict","floor":25,"gold_loss":0,"cards_obtained":["Shame"]}],"is_beta":false,"boss_relics":[{"not_picked":["FrozenCore","Eternal Feather"],"picked":"White Beast Statue"}],"items_purged_floors":[],"is_endless":false,"potions_floor_spawned":[1,3,5,12,18,20,23,24],"killed_by":"Snake Plant","ascension_level":0}