{"gold_per_floor":[113,125,300,300,300,300,328,341,341,356,2,13,13,24,24,121,121,138,138,16,36,60,60,91,106,106,106,106,67,77,93,93,196,196,210,264,284,12,0,0,15,15,15,26,44,44,44,144,144,144],"floor_reached":50,"playtime":3578,"items_purged":["Regret"],"score":637,"play_id":"37f77e6e-de51-4877-bb43-fe5d81177053","local_time":"20190323204717","is_ascension_mode":false,"campfire_choices":[{"floor":6,"key":"REST"},{"floor":15,"key":"REST"},{"data":"Rage","floor":23,"key":"SMITH"},{"data":"Pommel Strike","floor":27,"key":"SMITH"},{"floor":32,"key":"REST"},{"floor":40,"key":"REST"},{"data":"Apotheosis","floor":46,"key":"SMITH"},{"data":"Entrench","floor":47,"key":"SMITH"},{"data":"Inflame","floor":49,"key":"SMITH"}],"neow_cost":"NONE","seed_source_timestamp":5402389174254,"circlet_count":0,"master_deck":["Strike_R","Strike_R","Strike_R","Strike_R","Defend_R","Defend_R","Defend_R","Bash","Demon Form","Perfected Strike","Shrug It Off","Shrug It Off","Thunderclap","Whirlwind","Thunderclap","Inflame","Flame Barrier","Infernal Blade+1","Anger","Pommel Strike+1","Ghostly Armor","Reaper","Heavy Blade","Iron Wave","Infernal Blade+1","Rampage","Rage+1","Headbutt+1","Cleave","Wild Strike","Clash","Flex","Inflame+1","Flex","Flex+1","Anger+1","Dual Wield+1","Berserk","Body Slam+1","Second Wind+1","Flex","Heavy Blade","Entrench+1","Armaments","Heavy Blade","Apotheosis+1","Infernal Blade+1","Anger+1","Intimidate+1","Heavy Blade","Anger+1","Clothesline+1","Fire Breathing+1"],"relics":["Burning Blood","Turnip","Mercury Hourglass","Pantograph","Prayer Wheel","Strange Spoon","Velvet Choker","Happy Flower","Oddly Smooth Stone","Vajra","Letter Opener","Astrolabe","WingedGreaves","Red Mask","Self Forming Clay","Thread and Needle"],"potions_floor_usage":[18,24,24,33,45,50,50,50],"damage_taken":[{"damage":11,"enemies":"2 Louse","floor":1,"turns":5},{"damage":7,"enemies":"Small Slimes","floor":2,"turns":4},{"damage":29,"enemies":"Gremlin Nob","floor":7,"turns":5},{"damage":0,"enemies":"Cultist","floor":8,"turns":3},{"damage":6,"enemies":"3 Louse","floor":10,"turns":2},{"damage":6,"enemies":"2 Fungi Beasts","floor":12,"turns":3},{"damage":13,"enemies":"Exordium Thugs","floor":14,"turns":3},{"damage":51,"enemies":"Hexaghost","floor":16,"turns":9},{"damage":10,"enemies":"2 Thieves","floor":18,"turns":4},{"damage":2,"enemies":"Shell Parasite","floor":21,"turns":5},{"damage":29,"enemies":"Slavers","floor":24,"turns":3},{"damage":32,"enemies":"Centurion and Healer","floor":25,"turns":5},{"damage":3,"enemies":"3 Cultists","floor":30,"turns":3},{"damage":15,"enemies":"Snake Plant","floor":31,"turns":2},{"damage":45,"enemies":"Champ","floor":33,"turns":9},{"damage":0,"enemies":"3 Darklings","floor":35,"turns":2},{"damage":71,"enemies":"2 Orb Walkers","floor":36,"turns":5},{"damage":14,"enemies":"Orb Walker","floor":37,"turns":4},{"damage":24,"enemies":"3 Darklings","floor":41,"turns":4},{"damage":9,"enemies":"Maw","floor":44,"turns":7},{"damage":13,"enemies":"Writhing Mass","floor":45,"turns":3},{"damage":0,"enemies":"Mind Bloom Boss Battle","floor":48,"turns":5},{"damage":87,"enemies":"Donu and Deca","floor":50,"turns":5}],"seed_played":"660954444767772635","potions_obtained":[{"floor":1,"key":"SneckoOil"},{"floor":14,"key":"Poison Potion"},{"floor":18,"key":"GamblersBrew"},{"floor":21,"key":"Explosive Potion"},{"floor":30,"key":"Dexterity Potion"},{"floor":31,"key":"SkillPotion"},{"floor":44,"key":"SkillPotion"},{"floor":45,"key":"Fruit Juice"},{"floor":48,"key":"Block Potion"}],"is_trial":false,"path_per_floor":["M","M","?","?","?","R","E","M","T","M","$","M","?","M","R","B",null,"M","?","$","M","T","R","E","M","T","R","T","$","M","M","R","B",null,"M","?","M","$","?","R","M","$","T","M","M","R","R","?","R","B"],"character_chosen":"IRONCLAD","items_purchased":["Inflame","Flame Barrier","Strange Spoon","Rampage","Rage","Inflame","Apotheosis"],"campfire_rested":4,"item_purchase_floors":[11,11,11,20,20,29,38],"current_hp_per_floor":[75,74,74,56,56,80,57,63,63,63,63,63,63,56,80,35,80,76,76,76,80,80,80,57,31,31,31,31,31,34,25,49,62,80,80,22,28,28,28,52,51,51,51,48,49,49,49,80,80,0],"gold":144,"neow_bonus":"ONE_RANDOM_RARE_CARD","is_prod":false,"is_daily":false,"chose_seed":false,"campfire_upgraded":5,"win_rate":0.0,"timestamp":1553338037,"path_taken":["M","M","?","?","?","R","E","M","T","?","$","M","?","M","R","BOSS","M","?","?","?","?","R","E","?","T","R","?","$","M","M","R","BOSS","M","?","M","$","?","R","M","?","T","M","?","R","R","?","R","BOSS"],"build_version":"2019-01-23","purchased_purges":1,"victory":false,"max_hp_per_floor":[80,80,80,80,80,80,80,80,80,80,80,80,80,80,80,80,80,80,80,80,80,80,80,80,80,80,80,80,80,80,80,80,80,80,80,80,80,80,80,80,80,80,80,80,80,80,80,80,80,85],"card_choices":[{"not_picked":["Hemokinesis","Rage"],"picked":"Perfected Strike","floor":1},{"not_picked":["Shockwave","Anger"],"picked":"Shrug It Off","floor":2},{"not_picked":["Sever Soul","Warcry"],"picked":"Shrug It Off","floor":7},{"not_picked":["Havoc","Heavy Blade"],"picked":"Thunderclap","floor":8},{"not_picked":["Battle Trance","Reckless Charge"],"picked":"Whirlwind","floor":10},{"not_picked":["Second Wind","Entrench"],"picked":"Thunderclap","floor":10},{"not_picked":["Corruption","Carnage"],"picked":"Infernal Blade","floor":12},{"not_picked":["Wild Strike","Feel No Pain"],"picked":"Anger","floor":12},{"not_picked":["Searing Blow","Feel No Pain"],"picked":"Pommel Strike","floor":14},{"not_picked":["True Grit","Offering"],"picked":"Ghostly Armor","floor":14},{"not_picked":["Fiend Fire","Brutality"],"picked":"Reaper","floor":16},{"not_picked":["Sword Boomerang","Pummel"],"picked":"Heavy Blade","floor":18},{"not_picked":["Shrug It Off+1","Heavy Blade"],"picked":"Iron Wave","floor":18},{"not_picked":["Combust","Exhume"],"picked":"Headbutt+1","floor":21},{"not_picked":["Clothesline","Twin Strike+1"],"picked":"Cleave","floor":21},{"not_picked":["Intimidate","Demon Form"],"picked":"Wild Strike","floor":24},{"not_picked":["Reckless Charge+1","Cleave+1"],"picked":"Clash","floor":25},{"not_picked":["Shrug It Off","Wild Strike"],"picked":"Flex","floor":25},{"not_picked":["Whirlwind+1","Anger"],"picked":"Flex","floor":30},{"not_picked":["Perfected Strike+1","Body Slam"],"picked":"Flex+1","floor":30},{"not_picked":["Shockwave","Havoc"],"picked":"Anger+1","floor":31},{"not_picked":["Shrug It Off+1","Havoc"],"picked":"Dual Wield+1","floor":31},{"not_picked":["Dark Embrace","Barricade"],"picked":"Berserk","floor":33},{"not_picked":["Body Slam+1","Warcry"],"picked":"Flex","floor":35},{"not_picked":["Havoc+1","Evolve+1"],"picked":"Heavy Blade","floor":35},{"not_picked":["Headbutt","Rupture"],"picked":"Entrench","floor":36},{"not_picked":["Heavy Blade+1","Clothesline+1"],"picked":"Armaments","floor":37},{"not_picked":["Combust+1","Entrench"],"picked":"Heavy Blade","floor":37},{"not_picked":["Clothesline+1","Havoc"],"picked":"Infernal Blade+1","floor":41},{"not_picked":["Shrug It Off","Havoc"],"picked":"Anger+1","floor":41},{"not_picked":["Body Slam+1","Burning Pact+1"],"picked":"Intimidate+1","floor":44},{"not_picked":["Warcry","Sever Soul"],"picked":"Heavy Blade","floor":44},{"not_picked":["Wild Strike","Metallicize+1"],"picked":"Anger+1","floor":45},{"not_picked":["Sentinel+1","Bloodletting"],"picked":"Clothesline+1","floor":45},{"not_picked":["Exhume","Carnage"],"picked":"Fire Breathing+1","floor":48}],"player_experience":77415,"relics_obtained":[{"floor":7,"key":"Pantograph"},{"floor":9,"key":"Prayer Wheel"},{"floor":22,"key":"Happy Flower"},{"floor":24,"key":"Oddly Smooth Stone"},{"floor":26,"key":"Vajra"},{"floor":28,"key":"Letter Opener"},{"floor":36,"key":"WingedGreaves"},{"floor":43,"key":"Self Forming Clay"},{"floor":48,"key":"Thread and Needle"}],"event_choices":[{"damage_healed":0,"gold_gain":175,"player_choice":"AGREE","damage_taken":0,"max_hp_gain":0,"max_hp_loss":0,"event_name":"Liars Game","floor":3,"gold_loss":0,"cards_obtained":["Doubt"]},{"damage_healed":0,"gold_gain":0,"player_choice":"Success","damage_taken":18,"relics_obtained":["Turnip"],"max_hp_gain":0,"max_hp_loss":0,"event_name":"Scrap Ooze","floor":4,"gold_loss":0},{"damage_healed":0,"gold_gain":0,"player_choice":"Gave Potion","damage_taken":0,"relics_obtained":["Mercury Hourglass"],"max_hp_gain":0,"max_hp_loss":0,"event_name":"WeMeetAgain","floor":5,"gold_loss":0},{"damage_healed":0,"gold_gain":0,"player_choice":"Grow","damage_taken":0,"max_hp_gain":0,"max_hp_loss":0,"event_name":"Living Wall","floor":13,"gold_loss":0,"cards_upgraded":["Infernal Blade"]},{"damage_healed":0,"gold_gain":0,"player_choice":"Copied","damage_taken":0,"max_hp_gain":0,"max_hp_loss":0,"event_name":"Duplicator","floor":19,"gold_loss":0,"cards_obtained":["Infernal Blade"]},{"damage_healed":0,"gold_gain":0,"player_choice":"Fight","damage_taken":0,"max_hp_gain":0,"max_hp_loss":0,"event_name":"Mysterious Sphere","floor":36,"gold_loss":0},{"damage_healed":0,"gold_gain":0,"player_choice":"Paid","damage_taken":0,"relics_obtained":["Red Mask"],"max_hp_gain":0,"max_hp_loss":0,"event_name":"Tomb of Lord Red Mask","floor":39,"gold_loss":12},{"damage_healed":0,"gold_gain":0,"player_choice":"Fight","damage_taken":0,"max_hp_gain":0,"max_hp_loss":0,"event_name":"MindBloom","floor":48,"gold_loss":0}],"is_beta":false,"boss_relics":[{"not_picked":["Cursed Key","Runic Pyramid"],"picked":"Velvet Choker"},{"not_picked":["White Beast Statue","Coffee Dripper"],"picked":"Astrolabe"}],"items_purged_floors":[38],"is_endless":false,"potions_floor_spawned":[1,14,18,21,30,31,44,45,48],"killed_by":"Donu and Deca","ascension_level":0}