{"gold_per_floor":[117,117,134,134,150,150,175,175,202,218,228,263,283,293,293,390,390,409,379,75,75,91,108,135,135,135,154,167,167,195,214,214,214],"floor_reached":33,"playtime":1947,"items_purged":["Strike_R"],"score":316,"play_id":"3f8854e9-baf7-40de-ba70-a3b5556079eb","local_time":"20190913025608","is_ascension_mode":true,"campfire_choices":[{"data":"Whirlwind","floor":6,"key":"SMITH"},{"data":"Brutality","floor":15,"key":"SMITH"},{"floor":25,"key":"REST"},{"data":"Heavy Blade","floor":29,"key":"SMITH"},{"floor":32,"key":"REST"}],"neow_cost":"NONE","seed_source_timestamp":88598066097100,"circlet_count":0,"master_deck":["Strike_R","Strike_R","Strike_R","Defend_R","Defend_R","Defend_R+1","Defend_R","Bash+1","Brutality+1","Whirlwind+1","Flex+1","Metallicize","Wild Strike","Shockwave","Demon Form","Rupture","Shrug It Off","Blood for Blood","Double Tap","Warcry+1","Sword Boomerang","Anger","Rage","Headbutt","Sever Soul","Power Through+1","Heavy Blade+1","Disarm","True Grit"],"relics":["Burning Blood","Happy Flower","Vajra","Runic Cube","Omamori","Nloth\u0027s Gift","PreservedInsect","Ornamental Fan","Charon\u0027s Ashes"],"potions_floor_usage":[12,16,16,16,28,31],"damage_taken":[{"damage":8,"enemies":"2 Louse","floor":1,"turns":4},{"damage":0,"enemies":"Small Slimes","floor":3,"turns":3},{"damage":9,"enemies":"Cultist","floor":5,"turns":4},{"damage":14,"enemies":"Gremlin Nob","floor":7,"turns":4},{"damage":4,"enemies":"2 Fungi Beasts","floor":10,"turns":3},{"damage":2,"enemies":"Exordium Thugs","floor":11,"turns":2},{"damage":16,"enemies":"3 Sentries","floor":12,"turns":5},{"damage":5,"enemies":"3 Louse","floor":13,"turns":3},{"damage":5,"enemies":"Red Slaver","floor":14,"turns":3},{"damage":15,"enemies":"Hexaghost","floor":16,"turns":7},{"damage":8,"enemies":"Chosen","floor":18,"turns":4},{"damage":16,"enemies":"Spheric Guardian","floor":22,"turns":4},{"damage":14,"enemies":"3 Cultists","floor":23,"turns":3},{"damage":30,"enemies":"Book of Stabbing","floor":24,"turns":4},{"damage":16,"enemies":"Cultist and Chosen","floor":27,"turns":4},{"damage":16,"enemies":"Centurion and Healer","floor":28,"turns":4},{"damage":25,"enemies":"Slavers","floor":30,"turns":5},{"damage":5,"enemies":"3 Cultists","floor":31,"turns":3},{"damage":67,"enemies":"Automaton","floor":33,"turns":6}],"seed_played":"-1971031507788981826","potions_obtained":[{"floor":1,"key":"Weak Potion"},{"floor":10,"key":"Strength Potion"},{"floor":11,"key":"AttackPotion"},{"floor":14,"key":"Regen Potion"},{"floor":19,"key":"Dexterity Potion"},{"floor":19,"key":"Energy Potion"},{"floor":22,"key":"Swift Potion"},{"floor":23,"key":"LiquidBronze"},{"floor":30,"key":"Strength Potion"}],"is_trial":false,"path_per_floor":["M","?","M","?","M","R","E","?","T","M","M","E","M","M","R","B",null,"M","?","$","?","M","M","E","R","T","M","M","R","E","M","R","B"],"character_chosen":"IRONCLAD","items_purchased":["Sword Boomerang","Anger","Omamori"],"campfire_rested":2,"item_purchase_floors":[20,20,20],"current_hp_per_floor":[78,71,77,61,58,58,50,50,50,52,56,46,47,48,48,54,80,78,78,78,78,68,60,36,60,60,50,40,40,21,22,46,0],"gold":214,"neow_bonus":"TRANSFORM_CARD","is_prod":false,"is_daily":false,"chose_seed":false,"campfire_upgraded":3,"win_rate":0,"timestamp":1568310968,"path_taken":["M","?","M","?","M","R","E","?","T","?","M","E","M","M","R","BOSS","M","?","?","?","?","M","E","R","T","M","M","R","E","M","R","BOSS"],"build_version":"2019-07-17","purchased_purges":1,"victory":false,"max_hp_per_floor":[80,80,80,80,80,80,80,80,80,80,80,80,80,80,80,80,80,80,80,80,80,80,80,80,80,80,80,80,80,80,80,80,80],"card_choices":[{"not_picked":["Evolve","Perfected Strike"],"picked":"Whirlwind","floor":1},{"not_picked":["Cleave","Disarm"],"picked":"Flex","floor":3},{"not_picked":["Warcry","Twin Strike"],"picked":"Metallicize","floor":5},{"not_picked":["Second Wind","Uppercut"],"picked":"Wild Strike","floor":7},{"not_picked":["Cleave","Wild Strike"],"picked":"Shockwave","floor":10},{"not_picked":["Warcry","Searing Blow"],"picked":"Demon Form","floor":11},{"not_picked":["Warcry","Anger"],"picked":"Rupture","floor":12},{"not_picked":["Thunderclap","Armaments"],"picked":"Shrug It Off","floor":13},{"not_picked":["Warcry","True Grit"],"picked":"Blood for Blood","floor":14},{"not_picked":["Feed","Impervious"],"picked":"Double Tap","floor":16},{"not_picked":["Perfected Strike","Flame Barrier"],"picked":"Warcry+1","floor":18},{"not_picked":["Metallicize","Fiend Fire"],"picked":"Rage","floor":22},{"not_picked":["Ghostly Armor","Heavy Blade"],"picked":"Headbutt","floor":23},{"not_picked":["Power Through","Offering"],"picked":"Sever Soul","floor":24},{"not_picked":["Ghostly Armor","Warcry"],"picked":"Power Through+1","floor":27},{"not_picked":["Clash+1","Headbutt"],"picked":"Heavy Blade","floor":28},{"not_picked":["Sword Boomerang","Immolate"],"picked":"Disarm","floor":30},{"not_picked":["Warcry+1","Wild Strike"],"picked":"True Grit","floor":31}],"player_experience":49811,"relics_obtained":[{"floor":7,"key":"Darkstone Periapt"},{"floor":12,"key":"Vajra"},{"floor":24,"key":"PreservedInsect"},{"floor":26,"key":"Ornamental Fan"},{"floor":30,"key":"Charon\u0027s Ashes"}],"event_choices":[{"damage_healed":0,"gold_gain":0,"player_choice":"Success","damage_taken":7,"relics_obtained":["Happy Flower"],"max_hp_gain":0,"max_hp_loss":0,"event_name":"Scrap Ooze","floor":2,"gold_loss":0},{"damage_healed":0,"gold_gain":0,"player_choice":"Entered Light","damage_taken":16,"max_hp_gain":0,"max_hp_loss":0,"event_name":"Shining Light","floor":4,"gold_loss":0,"cards_upgraded":["Bash","Defend_R"]},{"damage_healed":0,"gold_gain":0,"player_choice":"Upgraded","damage_taken":0,"max_hp_gain":0,"max_hp_loss":0,"event_name":"Upgrade Shrine","floor":8,"gold_loss":0,"cards_upgraded":["Flex"]},{"damage_healed":0,"gold_gain":0,"player_choice":"Bought 2 Potions","damage_taken":0,"max_hp_gain":0,"max_hp_loss":0,"event_name":"The Woman in Blue","floor":19,"gold_loss":0},{"damage_healed":0,"gold_gain":0,"player_choice":"Traded Relic","damage_taken":0,"relics_obtained":["Nloth\u0027s Gift"],"max_hp_gain":0,"max_hp_loss":0,"event_name":"N\u0027loth","floor":21,"relics_lost":["Darkstone Periapt"],"gold_loss":0}],"is_beta":false,"boss_relics":[{"not_picked":["Black Star","Calling Bell"],"picked":"Runic Cube"}],"items_purged_floors":[20],"is_endless":false,"potions_floor_spawned":[1,10,11,14,22,23,30],"killed_by":"Automaton","ascension_level":1}