{"gold_per_floor":[369,389,23,40,55,55,86,97,120,136,6,6,16,43,43,117,117,137,137,150,150,170,170,205,220,277,277,277],"floor_reached":28,"playtime":2790,"items_purged":["Strike_B"],"score":704,"play_id":"df345193-71bb-4ade-9e67-c787a2169865","local_time":"20190828231733","is_ascension_mode":true,"campfire_choices":[{"data":"Zap","floor":6,"key":"SMITH"},{"data":"Defragment","floor":15,"key":"SMITH"},{"floor":23,"key":"REST"},{"floor":27,"key":"REST"}],"neow_cost":"PERCENT_DAMAGE","seed_source_timestamp":2790916351298131,"circlet_count":0,"master_deck":["AscendersBane","Strike_B+1","Strike_B+1","Defend_B+1","Defend_B+1","Defend_B+1","Zap+1","Dualcast","Compile Driver","BootSequence","Ball Lightning","Capacitor","Sweeping Beam","Lockon","FTL","Leap","Defragment+1","Rainbow","Cold Snap","Hyperbeam","Rip and Tear","Go for the Eyes","Glacier","Auto Shields","Compile Driver+1"],"relics":["Cracked Core","Pear","Du-Vu Doll","Oddly Smooth Stone","Ancient Tea Set","White Beast Statue","Omamori","Tiny Chest"],"potions_floor_usage":[5,7,14,16,20,22,24,28],"damage_taken":[{"damage":1,"enemies":"Cultist","floor":1,"turns":3},{"damage":4,"enemies":"Jaw Worm","floor":2,"turns":3},{"damage":0,"enemies":"Small Slimes","floor":4,"turns":3},{"damage":4,"enemies":"Exordium Wildlife","floor":5,"turns":3},{"damage":0,"enemies":"Lagavulin","floor":7,"turns":3},{"damage":9,"enemies":"2 Fungi Beasts","floor":8,"turns":3},{"damage":10,"enemies":"Gremlin Gang","floor":10,"turns":3},{"damage":0,"enemies":"Red Slaver","floor":13,"turns":2},{"damage":0,"enemies":"3 Sentries","floor":14,"turns":3},{"damage":0,"enemies":"Slime Boss","floor":16,"turns":6},{"damage":7,"enemies":"3 Byrds","floor":18,"turns":4},{"damage":0,"enemies":"Chosen","floor":20,"turns":2},{"damage":41,"enemies":"Snecko","floor":22,"turns":6},{"damage":24,"enemies":"Slavers","floor":24,"turns":5},{"damage":7,"enemies":"Centurion and Healer","floor":25,"turns":7},{"damage":59,"enemies":"Gremlin Leader","floor":28,"turns":7}],"seed_played":"1134258796291817291","potions_obtained":[{"floor":1,"key":"LiquidBronze"},{"floor":2,"key":"SkillPotion"},{"floor":4,"key":"AttackPotion"},{"floor":10,"key":"SpeedPotion"},{"floor":13,"key":"Dexterity Potion"},{"floor":18,"key":"AttackPotion"},{"floor":20,"key":"Explosive Potion"},{"floor":22,"key":"Block Potion"},{"floor":24,"key":"SpeedPotion"},{"floor":25,"key":"Regen Potion"}],"is_trial":false,"path_per_floor":["M","M","$","M","M","R","E","M","T","M","$","?","M","E","R","B",null,"M","?","M","?","M","R","E","M","T","R","E"],"character_chosen":"DEFECT","items_purchased":["Ball Lightning","Pear","Defragment","AttackPotion"],"campfire_rested":2,"item_purchase_floors":[3,3,11,11],"current_hp_per_floor":[45,41,51,51,47,47,47,38,38,28,28,28,28,28,28,28,68,61,61,61,61,20,44,20,13,13,37,0],"gold":277,"neow_bonus":"TWO_FIFTY_GOLD","is_prod":false,"is_daily":false,"chose_seed":false,"campfire_upgraded":2,"win_rate":0,"timestamp":1567048653,"path_taken":["M","M","?","M","M","R","E","M","T","M","?","?","M","E","R","BOSS","M","?","M","?","?","R","E","M","T","R","E"],"build_version":"2019-07-17","purchased_purges":1,"victory":false,"max_hp_per_floor":[71,71,81,81,81,81,81,81,81,81,81,81,81,81,81,81,81,81,81,81,81,81,81,81,81,81,81,81],"card_choices":[{"not_picked":["Skim","Leap"],"picked":"Compile Driver","floor":1},{"not_picked":["Conserve Battery","Beam Cell"],"picked":"BootSequence","floor":2},{"not_picked":["Tempest","Coolheaded"],"picked":"Capacitor","floor":4},{"not_picked":["Recycle","Beam Cell"],"picked":"Sweeping Beam","floor":5},{"not_picked":["Self Repair","Streamline"],"picked":"Lockon","floor":7},{"not_picked":["Scrape","Steam"],"picked":"FTL","floor":8},{"not_picked":["Compile Driver","Melter"],"picked":"Leap","floor":10},{"not_picked":["Double Energy","Ball Lightning","Redo"],"picked":"SKIP","floor":13},{"not_picked":["Sweeping Beam","Double Energy","Go for the Eyes"],"picked":"SKIP","floor":14},{"not_picked":["Thunder Strike","All For One"],"picked":"Rainbow","floor":16},{"not_picked":["Beam Cell","Skim+1"],"picked":"Cold Snap","floor":18},{"not_picked":["Rebound","Sweeping Beam"],"picked":"Go for the Eyes","floor":20},{"not_picked":["White Noise","Steam"],"picked":"Glacier","floor":22},{"not_picked":["Gash","Hologram+1"],"picked":"Auto Shields","floor":24},{"not_picked":["Ball Lightning","Beam Cell"],"picked":"Compile Driver+1","floor":25}],"player_experience":1887864,"relics_obtained":[{"floor":7,"key":"Du-Vu Doll"},{"floor":9,"key":"Oddly Smooth Stone"},{"floor":14,"key":"Ancient Tea Set"},{"floor":24,"key":"Omamori"},{"floor":26,"key":"Tiny Chest"}],"event_choices":[{"damage_healed":0,"gold_gain":0,"player_choice":"Ignored","damage_taken":0,"max_hp_gain":0,"max_hp_loss":0,"event_name":"Liars Game","floor":12,"gold_loss":0},{"damage_healed":0,"gold_gain":0,"cards_transformed":["Strike_B","Defend_B"],"player_choice":"Became Test Subject","damage_taken":0,"max_hp_gain":0,"max_hp_loss":0,"event_name":"Drug Dealer","floor":19,"gold_loss":0,"cards_obtained":["Hyperbeam","Rip and Tear"]},{"damage_healed":0,"gold_gain":0,"player_choice":"Simplicity","damage_taken":0,"max_hp_gain":0,"max_hp_loss":0,"event_name":"Back to Basics","floor":21,"gold_loss":0,"cards_upgraded":["Strike_B","Strike_B","Defend_B","Defend_B","Defend_B"]}],"is_beta":false,"boss_relics":[{"not_picked":["Eternal Feather","Ectoplasm"],"picked":"White Beast Statue"}],"items_purged_floors":[3],"is_endless":false,"potions_floor_spawned":[1,2,4,10,13,18,20,22,24,25],"killed_by":"Gremlin Leader","ascension_level":20}