{"gold_per_floor":[119,134,154,154,44,44,73,73,73,89,89,101,101,118,118,213,213,230,230,130,149,168,168,181,181,181,198,198,213,19,45,45,143,143,161,161,161,172,47,61,61,61,61,61,72,101,101],"floor_reached":47,"playtime":1991,"items_purged":["Strike_B","Writhe","Writhe"],"score":843,"play_id":"0255229c-e78a-4163-81c0-2d64a3366359","local_time":"20181203142957","is_ascension_mode":true,"campfire_choices":[{"data":"Streamline","floor":6,"key":"SMITH"},{"data":"Rip and Tear","floor":8,"key":"SMITH"},{"data":"Glacier","floor":11,"key":"SMITH"},{"data":"Defragment","floor":13,"key":"SMITH"},{"floor":15,"key":"REST"},{"data":"Machine Learning","floor":23,"key":"SMITH"},{"floor":25,"key":"REST"},{"floor":28,"key":"REST"},{"floor":32,"key":"REST"},{"data":"Heatsinks","floor":41,"key":"SMITH"},{"floor":44,"key":"REST"}],"neow_cost":"NONE","seed_source_timestamp":69030063111240,"circlet_count":0,"master_deck":["AscendersBane","Strike_B","Strike_B","Defend_B","Defend_B","Defend_B","Defend_B","Zap","Dualcast+1","Sweeping Beam","Streamline+1","Beam Cell","Rip and Tear+1","Glacier+1","Force Field","Defragment+1","Echo Form","Machine Learning+1","Amplify","White Noise","Sweeping Beam","Echo Form","Heatsinks+1","Leap+1","Lockon"],"relics":["Cracked Core","Mummified Hand","Pear","Sozu","Potion Belt","Dodecahedron","Sling","Blue Candle","Cursed Key","Bottled Lightning"],"potions_floor_usage":[12,33],"damage_taken":[{"damage":12,"enemies":"Small Slimes","floor":1,"turns":3},{"damage":5,"enemies":"Cultist","floor":2,"turns":4},{"damage":2,"enemies":"Jaw Worm","floor":3,"turns":3},{"damage":13,"enemies":"Gremlin Nob","floor":7,"turns":3},{"damage":6,"enemies":"3 Louse","floor":10,"turns":2},{"damage":21,"enemies":"Gremlin Gang","floor":12,"turns":2},{"damage":0,"enemies":"Large Slime","floor":14,"turns":2},{"damage":0,"enemies":"The Guardian","floor":16,"turns":8},{"damage":16,"enemies":"Spheric Guardian","floor":18,"turns":4},{"damage":9,"enemies":"2 Thieves","floor":21,"turns":4},{"damage":19,"enemies":"Snake Plant","floor":22,"turns":5},{"damage":9,"enemies":"Centurion and Healer","floor":24,"turns":5},{"damage":19,"enemies":"Cultist and Chosen","floor":27,"turns":6},{"damage":12,"enemies":"Snake Plant","floor":29,"turns":4},{"damage":13,"enemies":"Slavers","floor":31,"turns":4},{"damage":17,"enemies":"Champ","floor":33,"turns":10},{"damage":12,"enemies":"3 Shapes","floor":35,"turns":6},{"damage":23,"enemies":"3 Darklings","floor":38,"turns":5},{"damage":20,"enemies":"4 Shapes","floor":40,"turns":5},{"damage":0,"enemies":"Maw","floor":45,"turns":6},{"damage":38,"enemies":"Giant Head","floor":46,"turns":9},{"damage":34,"enemies":"Writhing Mass","floor":47,"turns":3}],"seed_played":"161768389494777716","potions_obtained":[{"floor":2,"key":"SkillPotion"},{"floor":7,"key":"Dexterity Potion"},{"floor":12,"key":"LiquidBronze"}],"is_trial":false,"path_per_floor":["M","M","M","?","$","R","E","R","T","M","R","M","R","M","R","B",null,"M","?","$","M","M","R","M","R","T","M","R","M","$","E","R","B",null,"M","?","?","M","$","M","R","?","T","R","M","E","M"],"character_chosen":"DEFECT","items_purchased":["Rip and Tear","Sling"],"campfire_rested":5,"item_purchase_floors":[5,30],"current_hp_per_floor":[56,51,49,49,49,49,36,36,46,40,40,19,19,19,44,44,75,59,59,59,50,31,31,22,47,47,28,53,41,41,28,53,36,73,61,61,82,59,59,39,39,39,39,64,64,26,0],"gold":101,"neow_bonus":"UPGRADE_CARD","is_prod":false,"is_daily":false,"chose_seed":false,"campfire_upgraded":6,"win_rate":0,"timestamp":1543865397,"path_taken":["M","M","M","?","?","R","E","R","T","M","R","M","R","M","R","BOSS","M","?","$","M","M","R","M","R","T","M","R","M","$","E","R","BOSS","M","?","?","M","$","M","R","?","T","R","M","E","?"],"build_version":"2018-11-15","purchased_purges":3,"victory":false,"max_hp_per_floor":[75,75,75,75,75,75,75,75,85,85,85,85,85,85,85,85,85,85,85,85,85,85,85,85,85,85,85,85,85,85,85,85,85,85,85,85,85,85,85,85,85,85,85,85,85,85,85],"card_choices":[{"not_picked":["Reprogram","Stack"],"picked":"Sweeping Beam","floor":1},{"not_picked":["Melter","Auto Shields"],"picked":"Streamline","floor":2},{"not_picked":["Chill","Reprogram"],"picked":"Beam Cell","floor":3},{"not_picked":["Fusion","Melter"],"picked":"Glacier","floor":7},{"not_picked":["Sweeping Beam","Cold Snap"],"picked":"Force Field","floor":10},{"not_picked":["Rebound","BootSequence"],"picked":"Defragment","floor":12},{"not_picked":["Barrage","Conserve Battery"],"picked":"Echo Form","floor":14},{"not_picked":["Core Surge","Multi-Cast"],"picked":"Machine Learning","floor":16},{"not_picked":["Chill","Sweeping Beam","Fusion"],"picked":"SKIP","floor":18},{"not_picked":["Redo","Ball Lightning","Aggregate+1"],"picked":"SKIP","floor":21},{"not_picked":["Beam Cell","Gash","Steam"],"picked":"SKIP","floor":22},{"not_picked":["Chaos","Genetic Algorithm"],"picked":"Amplify","floor":24},{"not_picked":["Stack","Beam Cell"],"picked":"White Noise","floor":27},{"not_picked":["Doom and Gloom","Melter"],"picked":"Sweeping Beam","floor":29},{"not_picked":["Turbo","Hologram","Hyperbeam"],"picked":"SKIP","floor":31},{"not_picked":["Meteor Strike","Electrodynamics"],"picked":"Echo Form","floor":33},{"not_picked":["Turbo","Sweeping Beam"],"picked":"Heatsinks","floor":35},{"not_picked":["White Noise","Beam Cell"],"picked":"Leap+1","floor":38},{"not_picked":["Fusion+1","Reprogram+1","Sunder"],"picked":"SKIP","floor":40},{"not_picked":["Heatsinks","Chill"],"picked":"Lockon","floor":45},{"not_picked":["Coolheaded","Steam","Go for the Eyes"],"picked":"SKIP","floor":46}],"player_experience":792161,"relics_obtained":[{"floor":7,"key":"Mummified Hand"},{"floor":9,"key":"Pear"},{"floor":26,"key":"Dodecahedron"},{"floor":31,"key":"Blue Candle"},{"floor":46,"key":"Bottled Lightning"}],"event_choices":[{"damage_healed":0,"gold_gain":0,"player_choice":"Bought 0 Potions","damage_taken":0,"max_hp_gain":0,"max_hp_loss":0,"event_name":"The Woman in Blue","floor":4,"gold_loss":0},{"damage_healed":0,"gold_gain":0,"player_choice":"Opened","damage_taken":0,"relics_obtained":["Potion Belt"],"max_hp_gain":0,"max_hp_loss":0,"event_name":"The Mausoleum","floor":19,"gold_loss":0,"cards_obtained":["Writhe"]},{"cards_removed":["Strike_B"],"damage_healed":0,"gold_gain":0,"player_choice":"Removed Attack","damage_taken":0,"max_hp_gain":0,"max_hp_loss":0,"event_name":"Falling","floor":36,"gold_loss":0},{"damage_healed":21,"gold_gain":0,"player_choice":"Writhe","damage_taken":0,"max_hp_gain":0,"max_hp_loss":0,"event_name":"Winding Halls","floor":37,"gold_loss":0,"cards_obtained":["Writhe"]},{"damage_healed":0,"gold_gain":0,"player_choice":"Got Potions","damage_taken":0,"max_hp_gain":0,"max_hp_loss":0,"event_name":"Lab","floor":42,"gold_loss":0}],"is_beta":false,"boss_relics":[{"not_picked":["Velvet Choker","Astrolabe"],"picked":"Sozu"},{"not_picked":["Runic Dome","Pandora\u0027s Box"],"picked":"Cursed Key"}],"items_purged_floors":[5,20,39],"is_endless":false,"potions_floor_spawned":[2,7,10,12,18,24,29,31,46],"killed_by":"Writhing Mass","ascension_level":12}