{"gold_per_floor":[114,114,114,127,127,127,165,165,165,206,229,229,229,253,253,348,348,372,396,396,421,63,63],"floor_reached":23,"playtime":1349,"items_purged":[],"score":381,"play_id":"0a76c06a-1a93-416c-ba8e-47a57547e3d7","local_time":"20190518051122","is_ascension_mode":true,"campfire_choices":[{"data":"Gash","floor":6.0,"key":"SMITH"},{"data":"Rebound","floor":8.0,"key":"SMITH"},{"data":"Tempest","floor":12,"key":"SMITH"},{"data":"Lockon","floor":15,"key":"SMITH"}],"neow_cost":"NONE","seed_source_timestamp":2054515775483419,"circlet_count":0,"master_deck":["AscendersBane","Zap","Dualcast+1","Leap","Gash+1","Rebound+1","Coolheaded","Tempest+1","Lockon+1","Hyperbeam","Sweeping Beam","Biased Cognition","Genetic Algorithm","Auto Shields","Static Discharge","Barrage","Coolheaded","Doom and Gloom","Chill+1","Go for the Eyes+1","Defragment"],"special_seed":0,"relics":["Cracked Core","NeowsBlessing","Golden Idol","Cables","Du-Vu Doll","Oddly Smooth Stone","DataDisk","Pandora\u0027s Box","Dead Branch"],"potions_floor_usage":[16,18,19,23],"damage_taken":[{"damage":0.0,"enemies":"2 Louse","floor":1.0,"turns":1.0},{"damage":0.0,"enemies":"Jaw Worm","floor":4.0,"turns":1.0},{"damage":0.0,"enemies":"3 Sentries","floor":7.0,"turns":1.0},{"damage":18,"enemies":"Gremlin Nob","floor":10,"turns":3},{"damage":0,"enemies":"Small Slimes","floor":11,"turns":3},{"damage":0,"enemies":"Exordium Wildlife","floor":14,"turns":2},{"damage":15,"enemies":"Hexaghost","floor":16,"turns":8},{"damage":17,"enemies":"2 Thieves","floor":18,"turns":3},{"damage":3,"enemies":"Shell Parasite","floor":19,"turns":4},{"damage":3,"enemies":"Centurion and Healer","floor":21,"turns":6},{"damage":27,"enemies":"Gremlin Leader","floor":23,"turns":4}],"seed_played":"-4147033692314312886","potions_obtained":[{"floor":4.0,"key":"SmokeBomb"},{"floor":11,"key":"PowerPotion"},{"floor":16,"key":"AttackPotion"},{"floor":18,"key":"EssenceOfSteel"},{"floor":19,"key":"SpeedPotion"},{"floor":21,"key":"AttackPotion"}],"is_trial":false,"path_per_floor":["M","?","?","M","?","R","E","R","T","E","M","R","?","M","R","B",null,"M","M","?","M","$","E"],"character_chosen":"DEFECT","items_purchased":["Dead Branch","Defragment"],"campfire_rested":0,"item_purchase_floors":[22,22],"current_hp_per_floor":[64,64,57,57,57,57,57,57,57,39,39,39,36,36,36,21,55,38,35,29,26,26,0],"gold":63,"neow_bonus":"THREE_ENEMY_KILL","is_prod":false,"is_daily":false,"chose_seed":false,"campfire_upgraded":4,"win_rate":0,"timestamp":1558170682,"path_taken":["M","?","?","M","?","R","E","R","T","E","M","R","?","M","R","BOSS","M","M","?","M","$","E"],"build_version":"2019-01-23","purchased_purges":0,"victory":false,"max_hp_per_floor":[71,66,66,66,66,66,66,66,66,66,66,66,66,66,66,66,66,66,66,66,66,66,66],"card_choices":[{"not_picked":["Steam","Stack"],"picked":"Leap","floor":1.0},{"not_picked":["Genetic Algorithm","BootSequence"],"picked":"Gash","floor":4.0},{"not_picked":["Barrage","Stack"],"picked":"Rebound","floor":7.0},{"not_picked":["Steam","Reprogram"],"picked":"Coolheaded","floor":10},{"not_picked":["Gash","Hyperbeam"],"picked":"Tempest","floor":11},{"not_picked":["Hello World","Beam Cell"],"picked":"Lockon","floor":14},{"not_picked":["Amplify","Thunder Strike"],"picked":"Hyperbeam","floor":16},{"not_picked":["Scrape","Consume"],"picked":"Doom and Gloom","floor":18},{"not_picked":["Beam Cell","Lockon"],"picked":"Chill+1","floor":19},{"not_picked":["Redo","Hologram+1"],"picked":"Go for the Eyes+1","floor":21}],"player_experience":1511932,"relics_obtained":[{"floor":7.0,"key":"Cables"},{"floor":9.0,"key":"Du-Vu Doll"},{"floor":10,"key":"Oddly Smooth Stone"}],"event_choices":[{"damage_healed":0.0,"max_hp_gain":0.0,"max_hp_loss":5.0,"gold_gain":0.0,"event_name":"Golden Idol","player_choice":"Lose Max HP","floor":2.0,"gold_loss":0.0,"damage_taken":0.0,"relics_obtained":["Golden Idol"]},{"cards_removed":["Defend_B"],"damage_healed":0.0,"max_hp_gain":0.0,"max_hp_loss":0.0,"gold_gain":0.0,"event_name":"Golden Wing","player_choice":"Card Removal","floor":3.0,"gold_loss":0.0,"damage_taken":7.0},{"damage_healed":0.0,"max_hp_gain":0.0,"max_hp_loss":0.0,"gold_gain":0.0,"event_name":"Living Wall","player_choice":"Grow","floor":5.0,"gold_loss":0.0,"damage_taken":0.0,"cards_upgraded":["Dualcast"]},{"damage_healed":0,"gold_gain":0,"player_choice":"Success","damage_taken":3,"relics_obtained":["DataDisk"],"max_hp_gain":0,"max_hp_loss":0,"event_name":"Scrap Ooze","floor":13,"gold_loss":0},{"damage_healed":0,"gold_gain":0,"player_choice":"","damage_taken":6,"max_hp_gain":0,"max_hp_loss":0,"event_name":"Knowing Skull","floor":20,"potions_obtained":[],"gold_loss":0,"cards_obtained":[]}],"is_beta":false,"boss_relics":[{"not_picked":["Runic Dome","Tiny House"],"picked":"Pandora\u0027s Box"}],"items_purged_floors":[],"is_endless":false,"potions_floor_spawned":[4,11,16,18,19,21],"killed_by":"Gremlin Leader","ascension_level":14}