{"gold_per_floor":[12,12,12,22,42,76,76,106,106,132,144,172,184,204,204,204],"floor_reached":16,"playtime":1195,"items_purged":[],"score":314,"play_id":"7ac564c9-e0b8-4305-ba22-6275f8b023bf","local_time":"20190816193515","is_ascension_mode":true,"campfire_choices":[{"floor":7,"key":"REST"},{"floor":15,"key":"REST"}],"neow_cost":"NO_GOLD","seed_source_timestamp":1742362176820101,"circlet_count":0,"master_deck":["AscendersBane","Strike_B","Strike_B","Strike_B","Strike_B+1","Defend_B","Defend_B","Defend_B","Defend_B","Zap","Dualcast","Barrage+1","Beam Cell","Streamline","Hyperbeam+1","Fission","Fusion","FTL","Compile Driver","Double Energy","Machine Learning"],"relics":["Cracked Core","Anchor","Bottled Flame","Happy Flower","Torii","Whetstone"],"potions_floor_usage":[6,10,10,12,13],"damage_taken":[{"damage":1,"enemies":"Small Slimes","floor":1,"turns":4},{"damage":4,"enemies":"Jaw Worm","floor":4,"turns":4},{"damage":1,"enemies":"Cultist","floor":5,"turns":3},{"damage":40,"enemies":"Gremlin Nob","floor":6,"turns":5},{"damage":25,"enemies":"3 Sentries","floor":8,"turns":7},{"damage":10,"enemies":"Lagavulin","floor":10,"turns":5},{"damage":11,"enemies":"Gremlin Gang","floor":11,"turns":2},{"damage":0,"enemies":"3 Sentries","floor":12,"turns":3},{"damage":7,"enemies":"3 Louse","floor":13,"turns":4},{"damage":0,"enemies":"Lots of Slimes","floor":14,"turns":2},{"damage":31,"enemies":"Hexaghost","floor":16,"turns":7}],"seed_played":"9074486041704803486","potions_obtained":[{"floor":3,"key":"Ancient Potion"},{"floor":3,"key":"SkillPotion"},{"floor":4,"key":"SpeedPotion"},{"floor":8,"key":"Strength Potion"},{"floor":10,"key":"Energy Potion"},{"floor":12,"key":"EssenceOfSteel"}],"is_trial":false,"path_per_floor":["M","?","?","M","M","E","R","E","T","E","M","E","M","M","R","B"],"character_chosen":"DEFECT","items_purchased":[],"campfire_rested":2,"item_purchase_floors":[],"current_hp_per_floor":[77,77,77,73,72,32,57,32,32,22,11,11,4,4,29,0],"gold":204,"neow_bonus":"TWENTY_PERCENT_HP_BONUS","is_prod":false,"is_daily":false,"chose_seed":false,"campfire_upgraded":0,"win_rate":0,"timestamp":1565998515,"path_taken":["M","?","?","?","M","E","R","E","T","E","?","E","M","M","R","BOSS"],"build_version":"2019-07-17","purchased_purges":0,"victory":false,"max_hp_per_floor":[85,85,85,85,85,85,85,85,85,85,85,85,85,85,85,85],"card_choices":[{"not_picked":["Steam","Heatsinks"],"picked":"Barrage","floor":1},{"not_picked":["Aggregate","Coolheaded"],"picked":"Beam Cell","floor":4},{"not_picked":["Compile Driver","Conserve Battery"],"picked":"Streamline","floor":5},{"not_picked":["Melter","Rebound"],"picked":"Hyperbeam","floor":6},{"not_picked":["Beam Cell","Streamline"],"picked":"Fission","floor":8},{"not_picked":["FTL","Undo"],"picked":"Fusion","floor":10},{"not_picked":["Barrage","Gash"],"picked":"FTL","floor":11},{"not_picked":["Barrage","Heatsinks"],"picked":"Compile Driver","floor":12},{"not_picked":["Loop","Force Field"],"picked":"Double Energy","floor":13},{"not_picked":["Steam","Genetic Algorithm"],"picked":"Machine Learning","floor":14}],"player_experience":1815828,"relics_obtained":[{"floor":6,"key":"Anchor"},{"floor":8,"key":"Bottled Flame"},{"floor":9,"key":"Happy Flower"},{"floor":10,"key":"Torii"},{"floor":12,"key":"Whetstone"}],"event_choices":[{"damage_healed":0,"gold_gain":0,"player_choice":"Grow","damage_taken":0,"max_hp_gain":0,"max_hp_loss":0,"event_name":"Living Wall","floor":2,"gold_loss":0,"cards_upgraded":["Barrage"]},{"damage_healed":0,"gold_gain":0,"player_choice":"Got Potions","damage_taken":0,"max_hp_gain":0,"max_hp_loss":0,"event_name":"Lab","floor":3,"gold_loss":0}],"is_beta":false,"boss_relics":[],"items_purged_floors":[],"is_endless":false,"potions_floor_spawned":[4,8,10,12],"killed_by":"Hexaghost","ascension_level":20}