{"gold_per_floor":[117,117,117,27,42,86,86,117,186,186,219,232,307,343,343,439,439,462,483,364,489,489,489,533,458,483,519,519,557,557,568,568,641,641,661,708,708,721,738,738,766,322,322,322,342,5,32,50,50,50,50,50,0,30,30],"floor_reached":55,"playtime":4367,"items_purged":[],"score":1599,"play_id":"0bd8007d-fcd4-45b1-9a3e-5d6bc3a9c961","local_time":"20190518085304","is_ascension_mode":true,"campfire_choices":[{"data":"Tempest","floor":7.0,"key":"SMITH"},{"floor":10.0,"key":"REST"},{"data":"Streamline","floor":15.0,"key":"SMITH"},{"floor":23.0,"key":"REST"},{"floor":28.0,"key":"REST"},{"data":"Defragment","floor":32.0,"key":"SMITH"},{"data":"Creative AI","floor":40.0,"key":"SMITH"},{"data":"Turbo","floor":44.0,"key":"SMITH"},{"floor":49.0,"key":"RECALL"},{"data":"Conserve Battery","floor":52.0,"key":"SMITH"}],"neow_cost":"NONE","seed_source_timestamp":2062673123305638,"circlet_count":0,"master_deck":["AscendersBane","Strike_B+1","Strike_B+1","Defend_B","Zap+1","Dualcast","Streamline+1","Tempest+1","Leap+1","Electrodynamics","Coolheaded","Beam Cell","Go for the Eyes","Conserve Battery+1","Hologram","Core Surge","Defragment+1","Darkness","Double Energy+1","Barrage+1","Chill","Storm+1","Biased Cognition","Creative AI+1","Go for the Eyes+1","Consume+1","Auto Shields+1","Hologram+1","Defragment+1","Chill","Go for the Eyes+1","Turbo+1","Scrape","Stack","FTL+1","Capacitor","Static Discharge+1"],"special_seed":0,"relics":["Cracked Core","NeowsBlessing","Bloody Idol","Anchor","Juzu Bracelet","Gremlin Horn","Lantern","Kunai","Runic Pyramid","PreservedInsect","Turnip","Matryoshka","Blood Vial","Oddly Smooth Stone","Dream Catcher","Centennial Puzzle","Whetstone","Astrolabe","StoneCalendar","Potion Belt","Chemical X","Happy Flower","War Paint","FossilizedHelix","Dodecahedron","Bottled Tornado"],"potions_floor_usage":[55],"damage_taken":[{"damage":0.0,"enemies":"2 Louse","floor":1.0,"turns":1.0},{"damage":0.0,"enemies":"Cultist","floor":5.0,"turns":1.0},{"damage":0.0,"enemies":"Gremlin Nob","floor":6.0,"turns":1.0},{"damage":25.0,"enemies":"Lagavulin","floor":8.0,"turns":4.0},{"damage":3.0,"enemies":"3 Sentries","floor":11.0,"turns":5.0},{"damage":0.0,"enemies":"Small Slimes","floor":12.0,"turns":2.0},{"damage":12.0,"enemies":"Gremlin Nob","floor":14.0,"turns":3.0},{"damage":0.0,"enemies":"Slime Boss","floor":16.0,"turns":6.0},{"damage":3.0,"enemies":"Spheric Guardian","floor":18.0,"turns":4.0},{"damage":0.0,"enemies":"2 Thieves","floor":19.0,"turns":3.0},{"damage":20.0,"enemies":"Colosseum Slavers","floor":21.0,"turns":5.0},{"damage":2.0,"enemies":"Colosseum Nobs","floor":21.0,"turns":3.0},{"damage":17.0,"enemies":"Slavers","floor":24.0,"turns":4.0},{"damage":14.0,"enemies":"Book of Stabbing","floor":27.0,"turns":5.0},{"damage":0.0,"enemies":"Slavers","floor":29.0,"turns":2.0},{"damage":0.0,"enemies":"Snake Plant","floor":31.0,"turns":3.0},{"damage":51.0,"enemies":"Automaton","floor":33.0,"turns":9.0},{"damage":7.0,"enemies":"3 Shapes","floor":35.0,"turns":5.0},{"damage":15.0,"enemies":"2 Orb Walkers","floor":36.0,"turns":4.0},{"damage":2.0,"enemies":"3 Darklings","floor":38.0,"turns":2.0},{"damage":5.0,"enemies":"Transient","floor":39.0,"turns":5.0},{"damage":1.0,"enemies":"Reptomancer","floor":41.0,"turns":4.0},{"damage":10.0,"enemies":"Maw","floor":45.0,"turns":5.0},{"damage":0.0,"enemies":"Nemesis","floor":47.0,"turns":2.0},{"damage":0.0,"enemies":"Writhing Mass","floor":48.0,"turns":4.0},{"damage":13.0,"enemies":"Time Eater","floor":50.0,"turns":7.0},{"damage":18.0,"enemies":"Shield and Spear","floor":54.0,"turns":5.0},{"damage":59,"enemies":"The Heart","floor":55,"turns":5}],"seed_played":"428905206853805744","potions_obtained":[{"floor":5.0,"key":"PowerPotion"},{"floor":6.0,"key":"SkillPotion"},{"floor":11.0,"key":"GamblersBrew"},{"floor":12.0,"key":"FearPotion"},{"floor":18.0,"key":"AttackPotion"},{"floor":19.0,"key":"FocusPotion"},{"floor":24.0,"key":"Ancient Potion"},{"floor":29.0,"key":"Block Potion"},{"floor":33.0,"key":"SteroidPotion"},{"floor":35.0,"key":"EntropicBrew"},{"floor":39.0,"key":"Explosive Potion"},{"floor":47.0,"key":"Fire Potion"},{"floor":48.0,"key":"SkillPotion"},{"floor":54.0,"key":"SpeedPotion"}],"is_trial":false,"path_per_floor":["M","?","?","$","M","E","R","E","T","R","E","M","?","E","R","B",null,"M","M","?","?","?","R","E","?","T","E","R","E","?","M","R","B",null,"M","?","?","M","M","R","E","$","T","R","M","$","E","M","R","B",null,"R","$","E","B"],"character_chosen":"DEFECT","items_purchased":["Tempest","Leap","Chemical X","Turbo","Happy Flower","SteroidPotion","FossilizedHelix","Stack","PowerPotion"],"campfire_rested":3,"item_purchase_floors":[4,4,42,42,42,42,46,46,53],"current_hp_per_floor":[64,64,69,69,69,69,69,44,44,65,62,62,62,50,50,50,66,63,63,63,41,41,62,45,45,45,33,54,56,56,63,63,19,58,58,50,50,55,71,71,71,71,71,71,66,66,71,71,71,58,68,68,68,57,0],"gold":30,"neow_bonus":"THREE_ENEMY_KILL","is_prod":false,"is_daily":false,"chose_seed":false,"campfire_upgraded":6,"win_rate":0,"timestamp":1558183984,"path_taken":["M","?","?","$","M","E","R","E","T","R","E","M","?","E","R","BOSS","M","M","?","?","?","R","E","?","T","E","R","E","?","M","R","BOSS","M","?","?","M","M","R","E","$","T","R","M","$","E","M","R","BOSS","R","$","E","BOSS"],"build_version":"2019-01-23","purchased_purges":0,"victory":false,"max_hp_per_floor":[71,66,71,71,71,71,71,71,71,71,71,71,71,71,71,71,71,71,71,71,71,71,71,71,71,71,71,71,71,71,71,71,71,71,71,71,71,71,71,71,71,71,71,71,71,71,71,71,71,71,71,71,71,71,71],"card_choices":[{"not_picked":["Turbo","Conserve Battery"],"picked":"Streamline","floor":1.0},{"not_picked":["Gash","Coolheaded"],"picked":"Electrodynamics","floor":5.0},{"not_picked":["Storm","Self Repair"],"picked":"Coolheaded","floor":6.0},{"not_picked":["Hologram","Gash"],"picked":"Beam Cell","floor":8.0},{"not_picked":["Barrage","Hello World"],"picked":"Go for the Eyes","floor":11.0},{"not_picked":["Turbo","Consume"],"picked":"Conserve Battery","floor":12.0},{"not_picked":["Turbo","Conserve Battery"],"picked":"Hologram","floor":14.0},{"not_picked":["Machine Learning","Meteor Strike"],"picked":"Core Surge","floor":16.0},{"not_picked":["Rip and Tear","Redo"],"picked":"Defragment","floor":18.0},{"not_picked":["Lockon","Beam Cell"],"picked":"Darkness","floor":19.0},{"not_picked":["Blizzard","Redo"],"picked":"Double Energy+1","floor":24.0},{"not_picked":["Amplify","Static Discharge"],"picked":"Barrage+1","floor":27.0},{"not_picked":["Compile Driver","Barrage"],"picked":"Chill","floor":28.0},{"not_picked":["Rebound","Go for the Eyes"],"picked":"Storm+1","floor":29.0},{"not_picked":["Rebound+1","Barrage"],"picked":"Biased Cognition","floor":31.0},{"not_picked":["Core Surge","All For One"],"picked":"Creative AI","floor":33.0},{"not_picked":["Beam Cell","Go for the Eyes","Storm"],"picked":"SKIP","floor":35.0},{"not_picked":["Beam Cell","Go for the Eyes","Storm"],"picked":"SKIP","floor":35.0},{"not_picked":["Capacitor+1","Ball Lightning+1"],"picked":"Hologram+1","floor":36.0},{"not_picked":["Hello World+1","Streamline"],"picked":"Defragment+1","floor":38.0},{"not_picked":["Ball Lightning","Blizzard"],"picked":"Chill","floor":39.0},{"not_picked":["FTL","Undo+1"],"picked":"Go for the Eyes+1","floor":41.0},{"not_picked":["Heatsinks","Steam"],"picked":"Scrape","floor":45.0},{"not_picked":["Rip and Tear","Beam Cell"],"picked":"FTL+1","floor":47.0},{"not_picked":["Fusion","Turbo"],"picked":"Capacitor","floor":48.0},{"not_picked":["Reboot","Gash"],"picked":"Static Discharge+1","floor":54.0}],"player_experience":1513753,"relics_obtained":[{"floor":6.0,"key":"Anchor"},{"floor":8.0,"key":"Juzu Bracelet"},{"floor":9.0,"key":"Gremlin Horn"},{"floor":11.0,"key":"Lantern"},{"floor":14.0,"key":"Kunai"},{"floor":21.0,"key":"Turnip"},{"floor":21.0,"key":"Matryoshka"},{"floor":24.0,"key":"Blood Vial"},{"floor":26.0,"key":"Oddly Smooth Stone"},{"floor":26.0,"key":"Dream Catcher"},{"floor":27.0,"key":"Centennial Puzzle"},{"floor":29.0,"key":"Whetstone"},{"floor":36.0,"key":"StoneCalendar"},{"floor":41.0,"key":"Potion Belt"},{"floor":43.0,"key":"War Paint"},{"floor":47.0,"key":"Dodecahedron"},{"floor":54.0,"key":"Bottled Tornado"}],"event_choices":[{"damage_healed":0.0,"max_hp_gain":0.0,"max_hp_loss":5.0,"gold_gain":0.0,"event_name":"Golden Idol","player_choice":"Lose Max HP","floor":2.0,"gold_loss":0.0,"damage_taken":0.0,"relics_obtained":["Golden Idol"]},{"damage_healed":0.0,"max_hp_gain":5.0,"max_hp_loss":0.0,"gold_gain":0.0,"event_name":"Big Fish","player_choice":"Donut","floor":3.0,"gold_loss":0.0,"damage_taken":0.0},{"damage_healed":0.0,"max_hp_gain":0.0,"max_hp_loss":0.0,"gold_gain":75.0,"event_name":"Golden Wing","player_choice":"Gained Gold","floor":13.0,"gold_loss":0.0,"damage_taken":0.0},{"damage_healed":0.0,"max_hp_gain":0.0,"max_hp_loss":0.0,"gold_gain":0.0,"event_name":"WeMeetAgain","player_choice":"Paid Gold","floor":20.0,"gold_loss":119.0,"damage_taken":0.0,"relics_obtained":["PreservedInsect"]},{"damage_healed":0.0,"max_hp_gain":0.0,"max_hp_loss":0.0,"gold_gain":0.0,"event_name":"Colosseum","player_choice":"Fight","floor":21.0,"gold_loss":0.0,"damage_taken":0.0},{"damage_healed":0.0,"max_hp_gain":0.0,"max_hp_loss":0.0,"gold_gain":0.0,"event_name":"Colosseum","player_choice":"Fought Nobs","floor":21.0,"gold_loss":0.0,"damage_taken":0.0},{"cards_removed":["Strike_B"],"damage_healed":0.0,"max_hp_gain":0.0,"max_hp_loss":0.0,"gold_gain":0.0,"event_name":"Bonfire Elementals","player_choice":"Offered Basic","floor":22.0,"gold_loss":0.0,"damage_taken":0.0},{"cards_removed":["Strike_B"],"damage_healed":0.0,"max_hp_gain":0.0,"max_hp_loss":0.0,"gold_gain":0.0,"event_name":"Beggar","player_choice":"Gave Gold","floor":25.0,"gold_loss":75.0,"damage_taken":0.0},{"damage_healed":0.0,"max_hp_gain":0.0,"max_hp_loss":0.0,"gold_gain":0.0,"event_name":"Forgotten Altar","player_choice":"Gave Idol","floor":30.0,"relics_lost":["Golden Idol"],"gold_loss":0.0,"damage_taken":0.0,"relics_obtained":["Bloody Idol"]},{"damage_healed":0.0,"max_hp_gain":0.0,"max_hp_loss":0.0,"gold_gain":0.0,"event_name":"Mysterious Sphere","player_choice":"Fight","floor":36.0,"gold_loss":0.0,"damage_taken":0.0},{"damage_healed":0.0,"max_hp_gain":0.0,"max_hp_loss":0.0,"gold_gain":0.0,"event_name":"SecretPortal","player_choice":"Ignored","floor":37.0,"gold_loss":0.0,"damage_taken":0.0}],"is_beta":false,"boss_relics":[{"not_picked":["Snecko Eye","Black Star"],"picked":"Runic Pyramid"},{"not_picked":["Empty Cage","Eternal Feather"],"picked":"Astrolabe"}],"items_purged_floors":[],"is_endless":false,"potions_floor_spawned":[5,6,11,12,18,19,24,29,33,35,39,47,48,54],"killed_by":"The Heart","ascension_level":14}