{"gold_per_floor":[109,119,133,10,24,24,52,52,52,52,115,130,55,72,72,148,148,168,179,179,179,190,190,219,219,219,246,246,260,260,3,3,82,82,94,94,110,110,129,129],"floor_reached":40,"playtime":2012,"items_purged":["Pain"],"score":771,"play_id":"8b17f8cd-5bfd-4c47-a7d0-5fd4847a5f38","local_time":"20190718231855","is_ascension_mode":true,"campfire_choices":[{"data":"Well Laid Plans","floor":6,"key":"SMITH"},{"floor":8,"key":"REST"},{"data":"Die Die Die","floor":10,"key":"SMITH"},{"floor":15,"key":"REST"},{"data":"Cloak And Dagger","floor":23,"key":"SMITH"},{"floor":25,"key":"REST"},{"floor":28,"key":"REST"},{"floor":32,"key":"REST"}],"neow_cost":"PERCENT_DAMAGE","seed_source_timestamp":9281535756141,"circlet_count":0,"master_deck":["AscendersBane","Strike_G","Strike_G","Strike_G","Defend_G","Defend_G","Defend_G","Defend_G","Defend_G","Survivor","Neutralize","Die Die Die+1","Deadly Poison","Leg Sweep","Well Laid Plans+1","Sucker Punch","Noxious Fumes","Acrobatics","Dagger Spray+1","Cloak And Dagger+1","Corpse Explosion","Parasite","Doubt","Riddle With Holes+1","Poisoned Stab+1","Shame","Dagger Throw+1","Dagger Throw+1","Setup+1","Footwork+1","Dodge and Roll","After Image+1","Noxious Fumes+1","Dramatic Entrance+1","Heel Hook+1"],"relics":["Ring of the Snake","Molten Egg 2","Frozen Egg 2","Calling Bell","Du-Vu Doll","Snake Skull","Mercury Hourglass","Paper Crane","Juzu Bracelet","Mummified Hand","Dodecahedron","Snecko Eye"],"potions_floor_usage":[7,12,16,16,22,24,29,33,33],"damage_taken":[{"damage":6,"enemies":"Jaw Worm","floor":1,"turns":5},{"damage":0,"enemies":"Small Slimes","floor":2,"turns":2},{"damage":0,"enemies":"Cultist","floor":3,"turns":4},{"damage":3,"enemies":"Looter","floor":5,"turns":3},{"damage":12,"enemies":"3 Sentries","floor":7,"turns":5},{"damage":6,"enemies":"Large Slime","floor":12,"turns":5},{"damage":3,"enemies":"Blue Slaver","floor":14,"turns":4},{"damage":25,"enemies":"The Guardian","floor":16,"turns":10},{"damage":10,"enemies":"2 Thieves","floor":18,"turns":4},{"damage":2,"enemies":"Chosen","floor":19,"turns":4},{"damage":3,"enemies":"Centurion and Healer","floor":22,"turns":3},{"damage":31,"enemies":"Book of Stabbing","floor":24,"turns":3},{"damage":26,"enemies":"Slavers","floor":27,"turns":4},{"damage":19,"enemies":"Snake Plant","floor":29,"turns":4},{"damage":38,"enemies":"Collector","floor":33,"turns":7},{"damage":13,"enemies":"3 Darklings","floor":35,"turns":5},{"damage":0,"enemies":"Orb Walker","floor":37,"turns":2},{"damage":3,"enemies":"Sphere and 2 Shapes","floor":39,"turns":3},{"damage":36,"enemies":"Reptomancer","floor":40,"turns":2}],"seed_played":"-3057995919776838170","potions_obtained":[{"floor":2,"key":"PowerPotion"},{"floor":7,"key":"GamblersBrew"},{"floor":12,"key":"PowerPotion"},{"floor":14,"key":"Regen Potion"},{"floor":21,"key":"Block Potion"},{"floor":21,"key":"Dexterity Potion"},{"floor":22,"key":"AttackPotion"},{"floor":27,"key":"GhostInAJar"},{"floor":39,"key":"Energy Potion"}],"is_trial":false,"path_per_floor":["M","M","M","$","M","R","E","R","T","R","?","M","?","M","R","B",null,"M","M","?","?","M","R","E","R","T","E","R","M","?","$","R","B",null,"M","?","M","?","M","E"],"character_chosen":"THE_SILENT","items_purchased":["Sucker Punch","Noxious Fumes","Footwork+1","Dodge and Roll","FearPotion"],"campfire_rested":5,"item_purchase_floors":[4,4,31,31,31],"current_hp_per_floor":[38,38,38,38,35,35,23,42,42,42,42,36,36,33,52,42,60,50,48,48,48,45,45,14,33,33,7,26,7,20,20,39,1,50,37,37,37,37,34,0],"gold":129,"neow_bonus":"THREE_RARE_CARDS","is_prod":false,"is_daily":false,"chose_seed":false,"campfire_upgraded":3,"win_rate":0,"timestamp":1563455935,"path_taken":["M","M","M","$","M","R","E","R","T","R","?","M","?","M","R","BOSS","M","M","?","?","M","R","E","R","T","E","R","M","?","$","R","BOSS","M","?","M","?","M","E"],"build_version":"2019-07-17","purchased_purges":1,"victory":false,"max_hp_per_floor":[66,66,66,66,66,66,66,66,66,66,66,66,66,66,66,66,66,66,66,66,66,66,66,66,66,66,66,66,66,66,66,66,66,66,66,66,66,66,66,66],"card_choices":[{"not_picked":["Malaise","Phantasmal Killer"],"picked":"Die Die Die","floor":0},{"not_picked":["Prepared","Expertise"],"picked":"Deadly Poison","floor":1},{"not_picked":["Slice","PiercingWail"],"picked":"Leg Sweep","floor":2},{"not_picked":["Deadly Poison","Underhanded Strike"],"picked":"Well Laid Plans","floor":3},{"not_picked":["Finisher","Deflect"],"picked":"Acrobatics","floor":5},{"not_picked":["Underhanded Strike","Caltrops"],"picked":"Dagger Spray","floor":7},{"not_picked":["Bane+1","Skewer+1"],"picked":"Cloak And Dagger","floor":12},{"not_picked":["Distraction","Deadly Poison","Dagger Spray+1"],"picked":"SKIP","floor":14},{"not_picked":["Unload+1","Night Terror"],"picked":"Corpse Explosion","floor":16},{"not_picked":["Backflip+1","Noxious Fumes+1"],"picked":"Riddle With Holes+1","floor":18},{"not_picked":["Flying Knee+1","Outmaneuver"],"picked":"Poisoned Stab+1","floor":19},{"not_picked":["Prepared","Poisoned Stab+1"],"picked":"Dagger Throw+1","floor":22},{"not_picked":["Deflect","Calculated Gamble"],"picked":"Dagger Throw+1","floor":24},{"not_picked":["Caltrops+1","Quick Slash+1"],"picked":"Setup+1","floor":27},{"not_picked":["Outmaneuver","Deadly Poison","Concentrate"],"picked":"SKIP","floor":29},{"not_picked":["Phantasmal Killer","Doppelganger"],"picked":"After Image+1","floor":33},{"not_picked":["Deadly Poison","Deflect"],"picked":"Noxious Fumes+1","floor":35},{"not_picked":["Finesse","Deep Breath"],"picked":"Dramatic Entrance+1","floor":36},{"not_picked":["Quick Slash+1","Bane+1","All Out Attack+1"],"picked":"SKIP","floor":37},{"not_picked":["Blade Dance","Calculated Gamble+1"],"picked":"Heel Hook+1","floor":39}],"player_experience":1036654,"relics_obtained":[{"floor":7,"key":"Molten Egg 2"},{"floor":9,"key":"Frozen Egg 2"},{"floor":17,"key":"Du-Vu Doll"},{"floor":17,"key":"Snake Skull"},{"floor":17,"key":"Mercury Hourglass"},{"floor":24,"key":"Juzu Bracelet"},{"floor":26,"key":"Mummified Hand"},{"floor":27,"key":"Dodecahedron"}],"event_choices":[{"damage_healed":0,"gold_gain":63,"player_choice":"Gained Gold","damage_taken":0,"max_hp_gain":0,"max_hp_loss":0,"event_name":"Golden Wing","floor":11,"gold_loss":0},{"cards_removed":["Strike_G"],"damage_healed":0,"gold_gain":0,"player_choice":"Card Removal","damage_taken":0,"max_hp_gain":0,"max_hp_loss":0,"event_name":"The Cleric","floor":13,"gold_loss":75},{"damage_healed":0,"gold_gain":0,"player_choice":"Stole Relic","damage_taken":0,"relics_obtained":["Paper Crane"],"max_hp_gain":0,"max_hp_loss":0,"event_name":"Addict","floor":20,"gold_loss":0,"cards_obtained":["Shame"]},{"damage_healed":0,"gold_gain":0,"player_choice":"Got Potions","damage_taken":0,"max_hp_gain":0,"max_hp_loss":0,"event_name":"Lab","floor":21,"gold_loss":0},{"damage_healed":13,"gold_gain":0,"player_choice":"Heal","damage_taken":0,"max_hp_gain":0,"max_hp_loss":0,"event_name":"The Library","floor":30,"gold_loss":0},{"damage_healed":0,"gold_gain":0,"player_choice":"Memory 1","damage_taken":0,"max_hp_gain":0,"max_hp_loss":0,"event_name":"SensoryStone","floor":36,"gold_loss":0},{"cards_removed":["Strike_G"],"damage_healed":0,"gold_gain":0,"player_choice":"Removed Attack","damage_taken":0,"max_hp_gain":0,"max_hp_loss":0,"event_name":"Falling","floor":38,"gold_loss":0}],"is_beta":false,"boss_relics":[{"not_picked":["WristBlade","Runic Dome"],"picked":"Calling Bell"},{"not_picked":["Runic Pyramid","Coffee Dripper"],"picked":"Snecko Eye"}],"items_purged_floors":[31],"is_endless":false,"potions_floor_spawned":[2,7,12,14,22,27,39],"killed_by":"Reptomancer","ascension_level":15}