{"gold_per_floor":[361,380,29,29,49,77,77,28,51,69,69,69,69,85,85,211,211,226,226,24,24,24,24,38,59,82,82,109,129,143,143],"floor_reached":31,"playtime":1641,"items_purged":[],"score":235,"play_id":"041c0263-22b9-4399-9306-a915764bf0dd","local_time":"20190327171805","is_ascension_mode":false,"campfire_choices":[{"floor":7,"key":"REST"},{"data":"Armaments","floor":13,"key":"SMITH"},{"floor":15,"key":"REST"},{"floor":23,"key":"RECALL"},{"data":"Heavy Blade","floor":27,"key":"SMITH"}],"neow_cost":"TEN_PERCENT_HP_LOSS","seed_source_timestamp":23217904166529,"circlet_count":0,"master_deck":["Strike_R","Strike_R","Strike_R+1","Strike_R","Strike_R","Defend_R","Defend_R+1","Defend_R+1","Defend_R","Bash","Heavy Blade+1","Blood for Blood","Armaments+1","Cleave+1","Shrug It Off","Anger+1","Shrug It Off","Heavy Blade+1","Regret","Injury","Perfected Strike+1","Juggernaut","Rage+1","Thunderclap+1","Shame","Pain","Evolve+1","Body Slam+1","Spot Weakness","Perfected Strike+1"],"relics":["Burning Blood","Molten Egg 2","Bag of Preparation","Happy Flower","Strawberry","Golden Idol","Eternal Feather","HandDrill","Singing Bowl","WarpedTongs","War Paint"],"potions_floor_usage":[6,16,25,29],"damage_taken":[{"damage":5,"enemies":"2 Louse","floor":1,"turns":3},{"damage":6,"enemies":"Jaw Worm","floor":2,"turns":3},{"damage":1,"enemies":"Small Slimes","floor":5,"turns":3},{"damage":41,"enemies":"Lagavulin","floor":6,"turns":10},{"damage":7,"enemies":"Blue Slaver","floor":10,"turns":3},{"damage":3,"enemies":"3 Louse","floor":14,"turns":3},{"damage":67,"enemies":"Hexaghost","floor":16,"turns":9},{"damage":18,"enemies":"Chosen","floor":18,"turns":5},{"damage":21,"enemies":"Spheric Guardian","floor":24,"turns":4},{"damage":7,"enemies":"Snecko","floor":25,"turns":3},{"damage":27,"enemies":"Shelled Parasite and Fungi","floor":29,"turns":5},{"damage":46,"enemies":"Centurion and Healer","floor":30,"turns":6},{"damage":19,"enemies":"Cultist and Chosen","floor":31,"turns":4}],"seed_played":"8298888659047814096","potions_obtained":[{"floor":5,"key":"Energy Potion"},{"floor":6,"key":"Explosive Potion"},{"floor":24,"key":"Fire Potion"},{"floor":25,"key":"Fire Potion"}],"is_trial":false,"path_per_floor":["M","M","$","?","M","E","R","$","T","M","?","?","R","M","R","B",null,"M","?","$","?","?","R","M","M","T","R","T","M","M","M"],"character_chosen":"IRONCLAD","items_purchased":["Molten Egg 2","Armaments","Cleave+1","Shrug It Off","HandDrill"],"campfire_rested":2,"item_purchase_floors":[3,3,3,8,20],"current_hp_per_floor":[72,72,72,58,63,28,49,49,49,48,55,55,55,58,79,18,79,67,67,67,67,67,79,64,63,63,78,78,57,17,0],"gold":143,"neow_bonus":"TWO_FIFTY_GOLD","is_prod":false,"is_daily":false,"chose_seed":false,"campfire_upgraded":2,"win_rate":0,"timestamp":1553671085,"path_taken":["M","M","$","?","M","E","R","$","T","M","?","?","R","M","R","BOSS","M","?","$","?","?","R","M","?","T","R","?","?","?","M"],"build_version":"2019-01-23","purchased_purges":0,"victory":false,"max_hp_per_floor":[72,72,72,72,72,72,72,72,72,72,79,79,79,79,79,79,79,79,79,79,79,79,79,79,79,79,79,79,79,79,79],"card_choices":[{"not_picked":["Clash","Pummel"],"picked":"Heavy Blade","floor":1},{"not_picked":["Thunderclap","True Grit"],"picked":"Blood for Blood","floor":2},{"not_picked":["Havoc","Body Slam+1"],"picked":"Shrug It Off","floor":5},{"not_picked":["Shrug It Off","Pommel Strike+1"],"picked":"Anger+1","floor":6},{"not_picked":["Armaments","Sword Boomerang+1"],"picked":"Heavy Blade+1","floor":10},{"not_picked":["Shrug It Off","True Grit"],"picked":"Perfected Strike+1","floor":14},{"not_picked":["Brutality","Demon Form"],"picked":"Juggernaut","floor":16},{"not_picked":["Cleave+1","Hemokinesis+1"],"picked":"Rage","floor":18},{"not_picked":["Body Slam+1","Armaments"],"picked":"Evolve+1","floor":24},{"not_picked":["Cleave+1","Warcry"],"picked":"Body Slam+1","floor":25},{"not_picked":["Combust","Wild Strike+1"],"picked":"Spot Weakness","floor":29},{"not_picked":["Carnage+1","True Grit"],"picked":"Perfected Strike+1","floor":30}],"player_experience":197503,"relics_obtained":[{"floor":6,"key":"Bag of Preparation"},{"floor":9,"key":"Happy Flower"},{"floor":28,"key":"War Paint"}],"event_choices":[{"damage_healed":0,"gold_gain":0,"player_choice":"Entered Light","damage_taken":14,"max_hp_gain":0,"max_hp_loss":0,"event_name":"Shining Light","floor":4,"gold_loss":0,"cards_upgraded":["Strike_R","Defend_R"]},{"damage_healed":0,"gold_gain":0,"player_choice":"Box","damage_taken":0,"relics_obtained":["Strawberry"],"max_hp_gain":0,"max_hp_loss":0,"event_name":"Big Fish","floor":11,"gold_loss":0,"cards_obtained":["Regret"]},{"damage_healed":0,"gold_gain":0,"player_choice":"Take Wound","damage_taken":0,"relics_obtained":["Golden Idol"],"max_hp_gain":0,"max_hp_loss":0,"event_name":"Golden Idol","floor":12,"gold_loss":0,"cards_obtained":["Injury"]},{"damage_healed":0,"gold_gain":0,"player_choice":"Read","damage_taken":0,"max_hp_gain":0,"max_hp_loss":0,"event_name":"The Library","floor":19,"gold_loss":0,"cards_obtained":["Thunderclap"]},{"damage_healed":0,"gold_gain":0,"player_choice":"Stole Relic","damage_taken":0,"relics_obtained":["Singing Bowl"],"max_hp_gain":0,"max_hp_loss":0,"event_name":"Addict","floor":21,"gold_loss":0,"cards_obtained":["Shame"]},{"damage_healed":0,"gold_gain":0,"player_choice":"Rummage","damage_taken":0,"relics_obtained":["WarpedTongs"],"max_hp_gain":0,"max_hp_loss":0,"event_name":"Accursed Blacksmith","floor":22,"gold_loss":0,"cards_obtained":["Pain"]}],"is_beta":false,"boss_relics":[{"not_picked":["Runic Pyramid","Orrery"],"picked":"Eternal Feather"}],"items_purged_floors":[],"is_endless":false,"potions_floor_spawned":[5,6,24,25],"killed_by":"Cultist and Chosen","ascension_level":0}