{"gold_per_floor":[114,114,125,125,140,140,160,160,186,186,20,20,45,45,45,118,118,128,147,160,178,93,93,127,145,145,158,158,189,189,215,215,215],"floor_reached":33,"playtime":1898,"items_purged":[],"score":610,"play_id":"d0908f25-2e65-47f8-98d6-977d95f297f8","local_time":"20190502221752","is_ascension_mode":true,"campfire_choices":[{"data":"Finisher","floor":6,"key":"SMITH"},{"data":"Cloak And Dagger","floor":8,"key":"SMITH"},{"data":"Neutralize","floor":10,"key":"SMITH"},{"data":"Dagger Throw","floor":12,"key":"SMITH"},{"floor":15,"key":"REST"},{"floor":23,"key":"REST"},{"data":"Malaise","floor":28,"key":"SMITH"},{"floor":32,"key":"REST"}],"neow_cost":"NONE","seed_source_timestamp":733052013890171,"circlet_count":0,"master_deck":["AscendersBane","Defend_G+1","Defend_G+1","Defend_G+1","Defend_G+1","Defend_G+1","Strike_G+1","Strike_G+1","Strike_G+1","Strike_G+1","Strike_G+1","Survivor+1","Neutralize+1","Riddle With Holes","Finisher+1","Cloak And Dagger+1","Dagger Throw+1","Malaise+1","Corpse Explosion","Slice","PiercingWail","Footwork","A Thousand Cuts","Backflip","PiercingWail","Flying Knee","Die Die Die","Calculated Gamble+1"],"relics":["Ring of the Snake","Bag of Marbles","Bronze Scales","Regal Pillow","Anchor","White Beast Statue","Potion Belt","War Paint","Thread and Needle","Art of War","Oddly Smooth Stone"],"potions_floor_usage":[16,18,19,20,21,24,24,29,33,33,33,33],"damage_taken":[{"damage":4,"enemies":"2 Louse","floor":1,"turns":4},{"damage":4,"enemies":"Cultist","floor":3,"turns":3},{"damage":4,"enemies":"Jaw Worm","floor":5,"turns":6},{"damage":0,"enemies":"Looter","floor":7,"turns":1},{"damage":11,"enemies":"Lagavulin","floor":13,"turns":5},{"damage":30,"enemies":"The Guardian","floor":16,"turns":12},{"damage":0,"enemies":"3 Byrds","floor":18,"turns":3},{"damage":16,"enemies":"Chosen","floor":19,"turns":7},{"damage":11,"enemies":"Snecko","floor":20,"turns":5},{"damage":1,"enemies":"Snake Plant","floor":21,"turns":4},{"damage":19,"enemies":"Book of Stabbing","floor":24,"turns":5},{"damage":0,"enemies":"3 Cultists","floor":25,"turns":3},{"damage":0,"enemies":"Centurion and Healer","floor":27,"turns":5},{"damage":11,"enemies":"Slavers","floor":29,"turns":4},{"damage":16,"enemies":"Book of Stabbing","floor":31,"turns":5},{"damage":85,"enemies":"Champ","floor":33,"turns":22}],"seed_played":"-1812528593723286516","potions_obtained":[{"floor":3,"key":"FairyPotion"},{"floor":7,"key":"PowerPotion"},{"floor":13,"key":"PowerPotion"},{"floor":16,"key":"AttackPotion"},{"floor":18,"key":"GhostInAJar"},{"floor":19,"key":"Poison Potion"},{"floor":20,"key":"Energy Potion"},{"floor":21,"key":"LiquidBronze"},{"floor":24,"key":"Ancient Potion"},{"floor":25,"key":"EssenceOfSteel"},{"floor":27,"key":"Block Potion"},{"floor":29,"key":"GamblersBrew"},{"floor":31,"key":"LiquidBronze"}],"is_trial":false,"path_per_floor":["M","?","M","?","M","R","M","R","T","R","$","R","E","?","R","B",null,"M","M","M","M","?","R","E","M","T","M","R","E","?","E","R","B"],"character_chosen":"THE_SILENT","items_purchased":["Regal Pillow"],"campfire_rested":3,"item_purchase_floors":[11],"current_hp_per_floor":[61,43,39,39,35,35,35,35,35,35,35,35,24,29,67,37,67,67,51,40,39,39,77,58,58,58,58,58,47,47,31,69,0],"gold":215,"neow_bonus":"TEN_PERCENT_HP_BONUS","is_prod":false,"is_daily":false,"chose_seed":false,"campfire_upgraded":5,"win_rate":0,"timestamp":1556849872,"path_taken":["M","?","M","?","M","R","M","R","T","R","$","R","E","?","R","BOSS","M","M","M","M","?","R","E","M","T","M","R","E","?","E","R","BOSS"],"build_version":"2019-01-23","purchased_purges":0,"victory":false,"max_hp_per_floor":[72,72,72,72,72,72,72,72,72,72,72,72,72,77,77,77,77,77,77,77,77,77,77,77,77,77,77,77,77,77,77,77,77],"card_choices":[{"not_picked":["Blade Dance","Cloak And Dagger"],"picked":"Riddle With Holes","floor":1},{"not_picked":["Endless Agony","Calculated Gamble"],"picked":"Finisher","floor":3},{"not_picked":["Expertise","Acrobatics"],"picked":"Cloak And Dagger","floor":5},{"not_picked":["Bane","Dodge and Roll"],"picked":"Dagger Throw","floor":7},{"not_picked":["Glass Knife","Calculated Gamble"],"picked":"Malaise","floor":13},{"not_picked":["Malaise","Tools of the Trade"],"picked":"Corpse Explosion","floor":16},{"not_picked":["Outmaneuver","Quick Slash"],"picked":"Slice","floor":18},{"not_picked":["Prepared","Quick Slash"],"picked":"PiercingWail","floor":19},{"not_picked":["Cloak And Dagger","Slice"],"picked":"Footwork","floor":20},{"not_picked":["Sucker Punch","Deadly Poison"],"picked":"A Thousand Cuts","floor":21},{"not_picked":["Underhanded Strike","All Out Attack"],"picked":"Backflip","floor":24},{"not_picked":["Quick Slash","Outmaneuver"],"picked":"PiercingWail","floor":25},{"not_picked":["Dagger Spray","Backflip"],"picked":"Flying Knee","floor":27},{"not_picked":["PiercingWail","Poisoned Stab"],"picked":"Die Die Die","floor":29},{"not_picked":["Deflect","Poisoned Stab"],"picked":"Calculated Gamble+1","floor":31}],"player_experience":1357424,"relics_obtained":[{"floor":9,"key":"Bronze Scales"},{"floor":13,"key":"Anchor"},{"floor":24,"key":"War Paint"},{"floor":26,"key":"Thread and Needle"},{"floor":29,"key":"Art of War"},{"floor":31,"key":"Oddly Smooth Stone"}],"event_choices":[{"damage_healed":0,"gold_gain":0,"player_choice":"Success","damage_taken":18,"relics_obtained":["Bag of Marbles"],"max_hp_gain":0,"max_hp_loss":0,"event_name":"Scrap Ooze","floor":2,"gold_loss":0},{"damage_healed":0,"gold_gain":0,"player_choice":"Ignored","damage_taken":0,"max_hp_gain":0,"max_hp_loss":0,"event_name":"Shining Light","floor":4,"gold_loss":0},{"damage_healed":0,"gold_gain":0,"player_choice":"Donut","damage_taken":0,"max_hp_gain":5,"max_hp_loss":0,"event_name":"Big Fish","floor":14,"gold_loss":0},{"damage_healed":0,"gold_gain":0,"player_choice":"Obtained Relic","damage_taken":0,"relics_obtained":["Potion Belt"],"max_hp_gain":0,"max_hp_loss":0,"event_name":"Addict","floor":22,"gold_loss":85},{"damage_healed":0,"gold_gain":0,"player_choice":"Simplicity","damage_taken":0,"max_hp_gain":0,"max_hp_loss":0,"event_name":"Back to Basics","floor":30,"gold_loss":0,"cards_upgraded":["Defend_G","Defend_G","Defend_G","Defend_G","Strike_G","Strike_G","Strike_G","Strike_G","Strike_G"]}],"is_beta":false,"boss_relics":[{"not_picked":["HoveringKite","Velvet Choker"],"picked":"White Beast Statue"}],"items_purged_floors":[],"is_endless":false,"potions_floor_spawned":[3,7,13,16,18,19,20,21,24,25,27,29,31],"killed_by":"Champ","ascension_level":20}