{"gold_per_floor":[113,113,133,133,152,187,187,217,217,217,234,309,309,324,324,425,425,437,536,524,558,569,569,583,637,637,649,665,685,685,697,697,697],"floor_reached":33,"playtime":2648,"items_purged":[],"score":343,"play_id":"e522d568-d582-4057-bd21-72ad82c1cf0d","local_time":"20190909212045","is_ascension_mode":true,"campfire_choices":[{"floor":7,"key":"REST"},{"floor":10,"key":"REST"},{"floor":15,"key":"RECALL"},{"floor":23,"key":"REST"},{"floor":30,"key":"REST"},{"floor":32,"key":"REST"}],"neow_cost":"NONE","seed_source_timestamp":468582725297100,"circlet_count":0,"master_deck":["Strike_B","Strike_B","Strike_B","Defend_B","Defend_B","Defend_B","Defend_B","Zap","Dualcast","Heatsinks","Capacitor","Glacier","Loop","Gash","Consume","Reinforced Body","Biased Cognition+1","Conserve Battery+1","Coolheaded+1","Loop+1","Go for the Eyes","Gash","Reinforced Body","Gash","Compile Driver","Defragment+1"],"relics":["Cracked Core","NeowsBlessing","Torii","Frozen Egg 2","Velvet Choker","Red Mask","Tiny Chest","Oddly Smooth Stone"],"potions_floor_usage":[6,14,20,21,27,28],"damage_taken":[{"damage":0,"enemies":"Jaw Worm","floor":1,"turns":1},{"damage":0,"enemies":"Cultist","floor":3,"turns":1},{"damage":0,"enemies":"Small Slimes","floor":5,"turns":1},{"damage":64,"enemies":"Gremlin Nob","floor":6,"turns":6},{"damage":0,"enemies":"Lagavulin","floor":8,"turns":10},{"damage":1,"enemies":"2 Fungi Beasts","floor":11,"turns":4},{"damage":1,"enemies":"Looter","floor":14,"turns":4},{"damage":12,"enemies":"Hexaghost","floor":16,"turns":15},{"damage":0,"enemies":"Shell Parasite","floor":18,"turns":7},{"damage":0,"enemies":"2 Thieves","floor":20,"turns":5},{"damage":39,"enemies":"Masked Bandits","floor":21,"turns":6},{"damage":7,"enemies":"Snake Plant","floor":22,"turns":4},{"damage":2,"enemies":"Cultist and Chosen","floor":24,"turns":6},{"damage":19,"enemies":"3 Cultists","floor":27,"turns":9},{"damage":16,"enemies":"Snake Plant","floor":28,"turns":7},{"damage":12,"enemies":"Centurion and Healer","floor":29,"turns":8},{"damage":10,"enemies":"Snecko","floor":31,"turns":5},{"damage":41,"enemies":"Champ","floor":33,"turns":15}],"seed_played":"3910151970957774278","potions_obtained":[{"floor":1,"key":"SkillPotion"},{"floor":3,"key":"Regen Potion"},{"floor":6,"key":"GamblersBrew"},{"floor":11,"key":"Strength Potion"},{"floor":20,"key":"Explosive Potion"},{"floor":21,"key":"Block Potion"},{"floor":22,"key":"EssenceOfSteel"},{"floor":28,"key":"GamblersBrew"}],"is_trial":false,"path_per_floor":["M","?","M","$","M","E","R","E","T","R","M","?","?","M","R","B",null,"M","?","M","?","M","R","M","T","T","M","M","M","R","M","R","B"],"character_chosen":"DEFECT","items_purchased":[],"campfire_rested":5,"item_purchase_floors":[],"current_hp_per_floor":[75,75,75,75,75,23,45,45,45,67,66,55,55,54,54,42,75,75,75,75,36,29,51,49,49,49,30,14,2,24,14,36,0],"gold":697,"neow_bonus":"THREE_ENEMY_KILL","is_prod":false,"is_daily":false,"chose_seed":false,"campfire_upgraded":0,"win_rate":0,"timestamp":1568082045,"path_taken":["M","?","M","?","M","E","R","E","T","R","M","?","?","M","R","BOSS","M","?","M","?","M","R","M","?","T","M","?","M","R","M","R","BOSS"],"build_version":"2019-07-17","purchased_purges":0,"victory":false,"max_hp_per_floor":[75,75,75,75,75,75,75,75,75,75,75,75,75,75,75,75,75,75,75,75,75,75,75,75,75,75,75,75,75,75,75,75,75],"card_choices":[{"not_picked":["Go for the Eyes","Steam"],"picked":"Heatsinks","floor":1},{"not_picked":["Turbo","Seek"],"picked":"Capacitor","floor":3},{"not_picked":["Blizzard","Consume"],"picked":"Glacier","floor":5},{"not_picked":["Aggregate","Auto Shields"],"picked":"Loop","floor":6},{"not_picked":["Machine Learning","Coolheaded"],"picked":"Gash","floor":8},{"not_picked":["Leap","Reprogram"],"picked":"Consume","floor":11},{"not_picked":["Stack","Turbo"],"picked":"Reinforced Body","floor":14},{"not_picked":["Amplify","Electrodynamics+1"],"picked":"Biased Cognition+1","floor":16},{"not_picked":["Coolheaded","Hello World+1"],"picked":"Conserve Battery+1","floor":18},{"not_picked":["Conserve Battery","Stack+1"],"picked":"Coolheaded+1","floor":20},{"not_picked":["Melter","Darkness"],"picked":"Loop+1","floor":21},{"not_picked":["Steam","Coolheaded"],"picked":"Go for the Eyes","floor":22},{"not_picked":["Fusion+1","Stack+1"],"picked":"Gash","floor":24},{"not_picked":["Sweeping Beam+1","Core Surge"],"picked":"Reinforced Body","floor":27},{"not_picked":["Go for the Eyes","Streamline"],"picked":"Gash","floor":28},{"not_picked":["Tempest","Conserve Battery"],"picked":"Compile Driver","floor":29},{"not_picked":["Storm+1","Rebound"],"picked":"Defragment+1","floor":31}],"player_experience":309884,"relics_obtained":[{"floor":6,"key":"Torii"},{"floor":8,"key":"Frozen Egg 2"},{"floor":21,"key":"Red Mask"},{"floor":25,"key":"Tiny Chest"},{"floor":26,"key":"Oddly Smooth Stone"}],"event_choices":[{"cards_removed":["Strike_B"],"damage_healed":0,"gold_gain":0,"player_choice":"Card Removal","damage_taken":0,"max_hp_gain":0,"max_hp_loss":0,"event_name":"Wheel of Change","floor":2,"gold_loss":0},{"damage_healed":0,"gold_gain":75,"player_choice":"Gather Gold","damage_taken":11,"max_hp_gain":0,"max_hp_loss":0,"event_name":"World of Goop","floor":12,"gold_loss":0},{"damage_healed":0,"gold_gain":0,"player_choice":"Ignored","damage_taken":0,"max_hp_gain":0,"max_hp_loss":0,"event_name":"Liars Game","floor":13,"gold_loss":0},{"damage_healed":0,"gold_gain":99,"player_choice":"Stole From Cult","damage_taken":0,"max_hp_gain":0,"max_hp_loss":0,"event_name":"Nest","floor":19,"gold_loss":0},{"damage_healed":0,"gold_gain":0,"player_choice":"Fought Bandits","damage_taken":0,"max_hp_gain":0,"max_hp_loss":0,"event_name":"Masked Bandits","floor":21,"gold_loss":0}],"is_beta":false,"boss_relics":[{"not_picked":["Calling Bell","Lizard Tail"],"picked":"Velvet Choker"}],"items_purged_floors":[],"is_endless":false,"potions_floor_spawned":[1,3,6,11,20,21,22,28],"killed_by":"Champ","ascension_level":4}