{"gold_per_floor":[114,132,146,161,161,161,195,195,195,228,247,266,278,61,61,135,135,146,165,193,213,138,165,165,194,217,233,233,0,0,33,33,111,111,125,125,144,161,180,180,215,215,265,38,67,113,131,162,162,162,162,162,63,91,91],"floor_reached":55,"playtime":3075,"items_purged":["Shame"],"score":1498,"play_id":"423f92a5-a5a2-45dc-a61b-6058557175c9","local_time":"20190529014801","is_ascension_mode":true,"campfire_choices":[{"data":"Blood for Blood","floor":6.0,"key":"SMITH"},{"data":"Spot Weakness","floor":8.0,"key":"SMITH"},{"data":"Heavy Blade","floor":15.0,"key":"SMITH"},{"floor":24.0,"key":"REST"},{"data":"Flex","floor":30.0,"key":"SMITH"},{"floor":32.0,"key":"REST"},{"data":"Inflame","floor":40.0,"key":"SMITH"},{"data":"True Grit","floor":42.0,"key":"SMITH"},{"floor":49.0,"key":"RECALL"},{"data":"Limit Break","floor":52,"key":"SMITH"}],"neow_cost":"NONE","seed_source_timestamp":794529446987943,"circlet_count":0,"master_deck":["AscendersBane","Strike_R","Strike_R","Strike_R","Strike_R","Defend_R","Defend_R","Defend_R","Defend_R","Bash","Berserk+1","Heavy Blade+1","Spot Weakness+1","Pommel Strike","Blood for Blood+1","Intimidate","Shockwave","Flex+1","Limit Break+1","Offering","Whirlwind","True Grit+1","Warcry+1","Inflame+1","Reaper","Iron Wave+1","Madness+1","Madness+1","True Grit+1"],"special_seed":0,"relics":["Burning Blood","Bag of Marbles","Strawberry","Singing Bowl","Bronze Scales","Busted Crown","Red Mask","Toxic Egg 2","Vajra","Pen Nib","OrangePellets","Boot","Cursed Key","Meat on the Bone","Bag of Preparation","Anchor","Ginger","Omamori","Orichalcum"],"potions_floor_usage":[50,54,55],"damage_taken":[{"damage":5.0,"enemies":"2 Louse","floor":1.0,"turns":3.0},{"damage":6.0,"enemies":"Cultist","floor":2.0,"turns":4.0},{"damage":0.0,"enemies":"Small Slimes","floor":3.0,"turns":3.0},{"damage":21.0,"enemies":"Blue Slaver","floor":4.0,"turns":4.0},{"damage":12.0,"enemies":"Gremlin Nob","floor":7.0,"turns":3.0},{"damage":23.0,"enemies":"Lagavulin","floor":10.0,"turns":5.0},{"damage":8.0,"enemies":"Large Slime","floor":11.0,"turns":4.0},{"damage":6.0,"enemies":"3 Louse","floor":12.0,"turns":2.0},{"damage":5.0,"enemies":"Exordium Wildlife","floor":13.0,"turns":3.0},{"damage":0.0,"enemies":"Slime Boss","floor":16.0,"turns":6.0},{"damage":6.0,"enemies":"Spheric Guardian","floor":18.0,"turns":2.0},{"damage":12.0,"enemies":"Chosen","floor":19.0,"turns":4.0},{"damage":13.0,"enemies":"Masked Bandits","floor":20.0,"turns":2.0},{"damage":30.0,"enemies":"Sentry and Sphere","floor":21.0,"turns":4.0},{"damage":11.0,"enemies":"Book of Stabbing","floor":23.0,"turns":2.0},{"damage":30.0,"enemies":"Slavers","floor":25.0,"turns":4.0},{"damage":13.0,"enemies":"Snake Plant","floor":27.0,"turns":4.0},{"damage":26.0,"enemies":"Book of Stabbing","floor":31.0,"turns":3.0},{"damage":28.0,"enemies":"Champ","floor":33.0,"turns":6.0},{"damage":14.0,"enemies":"3 Shapes","floor":35.0,"turns":3.0},{"damage":19.0,"enemies":"3 Darklings","floor":37.0,"turns":3.0},{"damage":39.0,"enemies":"4 Shapes","floor":38.0,"turns":6.0},{"damage":7.0,"enemies":"Sphere and 2 Shapes","floor":39.0,"turns":3.0},{"damage":11.0,"enemies":"Giant Head","floor":41.0,"turns":5.0},{"damage":23.0,"enemies":"Reptomancer","floor":45.0,"turns":4.0},{"damage":14.0,"enemies":"2 Orb Walkers","floor":46.0,"turns":3.0},{"damage":0.0,"enemies":"Jaw Worm Horde","floor":47.0,"turns":1.0},{"damage":34.0,"enemies":"Nemesis","floor":48.0,"turns":5.0},{"damage":68,"enemies":"Awakened One","floor":50,"turns":7},{"damage":69,"enemies":"Shield and Spear","floor":54,"turns":5},{"damage":117,"enemies":"The Heart","floor":55,"turns":5}],"seed_played":"1248480812392331145","potions_obtained":[{"floor":3.0,"key":"AttackPotion"},{"floor":4.0,"key":"EssenceOfSteel"},{"floor":7.0,"key":"Strength Potion"},{"floor":12.0,"key":"Explosive Potion"},{"floor":16.0,"key":"Swift Potion"},{"floor":20.0,"key":"Dexterity Potion"},{"floor":21.0,"key":"AttackPotion"},{"floor":23.0,"key":"Poison Potion"},{"floor":35.0,"key":"Poison Potion"},{"floor":38.0,"key":"SmokeBomb"},{"floor":39.0,"key":"Explosive Potion"},{"floor":41.0,"key":"SmokeBomb"},{"floor":45.0,"key":"BloodPotion"},{"floor":48.0,"key":"SteroidPotion"}],"is_trial":false,"path_per_floor":["M","M","M","M","?","R","E","R","T","E","M","M","M","$","R","B",null,"M","M","?","M","?","E","R","E","T","M","?","$","R","E","R","B",null,"M","?","M","M","M","R","E","R","T","$","E","?","M","E","R","B",null,"R","$","E","B"],"character_chosen":"IRONCLAD","items_purchased":["Limit Break","Bronze Scales","OrangePellets","Inflame","Bag of Preparation","True Grit+1","Dexterity Potion"],"campfire_rested":2,"item_purchase_floors":[14,14,29,29,44,53,53],"current_hp_per_floor":[69,69,75,60,60,60,54,54,61,44,44,46,47,47,47,53,78,80,76,69,45,45,42,69,47,47,40,71,71,71,53,81,59,87,94,82,98,81,82,82,79,79,79,79,85,79,87,90,90,40,94,94,94,69,0],"gold":91,"neow_bonus":"ONE_RANDOM_RARE_CARD","is_prod":false,"is_daily":false,"chose_seed":false,"campfire_upgraded":7,"win_rate":0,"timestamp":1559108881,"path_taken":["M","M","M","M","?","R","E","R","T","E","?","M","M","?","R","BOSS","M","M","?","M","?","E","R","E","T","M","?","?","R","E","R","BOSS","M","?","M","M","M","R","E","R","T","$","E","?","M","E","R","BOSS","R","$","E","BOSS"],"build_version":"2019-01-23","purchased_purges":1,"victory":false,"max_hp_per_floor":[75,75,75,75,75,75,75,75,82,82,84,86,86,86,86,86,86,88,90,90,90,90,92,92,94,94,94,94,94,94,96,96,96,96,96,96,98,100,102,102,104,104,104,104,106,108,110,112,112,112,112,112,112,114,114],"card_choices":[{"not_picked":["Wild Strike","Disarm"],"picked":"Heavy Blade","floor":1.0},{"not_picked":["Blood for Blood","Disarm"],"picked":"Spot Weakness","floor":2.0},{"not_picked":["Shrug It Off","Dropkick"],"picked":"Pommel Strike","floor":3.0},{"not_picked":["Anger","True Grit"],"picked":"Blood for Blood","floor":4.0},{"not_picked":["Wild Strike","Metallicize"],"picked":"Intimidate","floor":7.0},{"not_picked":["Shrug It Off","Exhume"],"picked":"Shockwave","floor":10.0},{"not_picked":["Warcry","Inflame","Shockwave"],"picked":"Singing Bowl","floor":11.0},{"not_picked":["Infernal Blade","Perfected Strike","Clash"],"picked":"Singing Bowl","floor":12.0},{"not_picked":["Shrug It Off","True Grit"],"picked":"Flex","floor":13.0},{"not_picked":["Barricade","Immolate"],"picked":"Offering","floor":16.0},{"not_picked":["Cleave"],"picked":"Singing Bowl","floor":18.0},{"not_picked":["Evolve"],"picked":"Singing Bowl","floor":19.0},{"not_picked":[],"picked":"Whirlwind","floor":20.0},{"not_picked":[],"picked":"True Grit","floor":21.0},{"not_picked":["Carnage"],"picked":"Singing Bowl","floor":23.0},{"not_picked":["Body Slam"],"picked":"Singing Bowl","floor":25.0},{"not_picked":[],"picked":"Warcry+1","floor":27.0},{"not_picked":["Carnage+1"],"picked":"Singing Bowl","floor":31.0},{"not_picked":[],"picked":"Reaper","floor":33.0},{"not_picked":[],"picked":"Iron Wave+1","floor":35.0},{"not_picked":["Clash"],"picked":"Singing Bowl","floor":37.0},{"not_picked":["Cleave+1"],"picked":"Singing Bowl","floor":38.0},{"not_picked":["Thunderclap+1"],"picked":"Singing Bowl","floor":39.0},{"not_picked":["Twin Strike+1"],"picked":"Singing Bowl","floor":41.0},{"not_picked":["Dual Wield+1"],"picked":"Singing Bowl","floor":45.0},{"not_picked":["Body Slam"],"picked":"Singing Bowl","floor":46.0},{"not_picked":["Headbutt"],"picked":"Singing Bowl","floor":47.0},{"not_picked":["Warcry+1"],"picked":"Singing Bowl","floor":48.0},{"not_picked":["Blood for Blood"],"picked":"Singing Bowl","floor":54}],"player_experience":1543701,"relics_obtained":[{"floor":7.0,"key":"Bag of Marbles"},{"floor":9.0,"key":"Strawberry"},{"floor":10.0,"key":"Singing Bowl"},{"floor":20.0,"key":"Red Mask"},{"floor":23.0,"key":"Toxic Egg 2"},{"floor":25.0,"key":"Vajra"},{"floor":26.0,"key":"Pen Nib"},{"floor":31.0,"key":"Boot"},{"floor":41.0,"key":"Meat on the Bone"},{"floor":45.0,"key":"Anchor"},{"floor":46.0,"key":"Ginger"},{"floor":48.0,"key":"Omamori"},{"floor":54,"key":"Orichalcum"}],"event_choices":[{"damage_healed":0.0,"max_hp_gain":0.0,"max_hp_loss":0.0,"gold_gain":0.0,"event_name":"Accursed Blacksmith","player_choice":"Forge","floor":5.0,"gold_loss":0.0,"damage_taken":0.0,"cards_upgraded":["Berserk"]},{"damage_healed":0.0,"max_hp_gain":0.0,"max_hp_loss":0.0,"gold_gain":0.0,"event_name":"Masked Bandits","player_choice":"Fought Bandits","floor":20.0,"gold_loss":0.0,"damage_taken":0.0},{"cards_removed":["Strike_R"],"damage_healed":0.0,"max_hp_gain":0.0,"max_hp_loss":0.0,"gold_gain":0.0,"event_name":"Beggar","player_choice":"Gave Gold","floor":22.0,"gold_loss":75.0,"damage_taken":0.0},{"damage_healed":31.0,"max_hp_gain":0.0,"max_hp_loss":0.0,"gold_gain":0.0,"event_name":"The Library","player_choice":"Heal","floor":28.0,"gold_loss":0.0,"damage_taken":0.0},{"damage_healed":0.0,"max_hp_gain":0.0,"max_hp_loss":0.0,"gold_gain":0.0,"event_name":"Winding Halls","player_choice":"Embrace Madness","floor":36.0,"gold_loss":0.0,"damage_taken":12.0,"cards_obtained":["Madness","Madness"]},{"damage_healed":0.0,"max_hp_gain":0.0,"max_hp_loss":0.0,"gold_gain":0.0,"event_name":"Mysterious Sphere","player_choice":"Fight","floor":46.0,"gold_loss":0.0,"damage_taken":0.0}],"is_beta":false,"boss_relics":[{"not_picked":["White Beast Statue","Black Blood"],"picked":"Busted Crown"},{"not_picked":["Snecko Eye","Lizard Tail"],"picked":"Cursed Key"}],"items_purged_floors":[44],"is_endless":false,"potions_floor_spawned":[3,4,7,12,13,16,20,21,23,35,38,39,41,45,48],"killed_by":"The Heart","ascension_level":14}