{"gold_per_floor":[218,17,35,54,54,82,82,93,93,11,42,42,61,77,77,77],"floor_reached":16,"playtime":641,"items_purged":[],"score":134,"play_id":"27ed06ec-1b5e-43c7-b747-3ddb92cbb7e9","local_time":"20190224152711","is_ascension_mode":true,"campfire_choices":[{"floor":7,"key":"REST"},{"floor":12,"key":"REST"},{"floor":15,"key":"REST"}],"neow_cost":"NONE","seed_source_timestamp":1018912400796100,"circlet_count":0,"master_deck":["Strike_B","Strike_B","Strike_B","Strike_B","Defend_B","Defend_B","Defend_B","Defend_B","Zap","Dualcast","Leap","Panacea","Sweeping Beam","Leap","Coolheaded","Doom and Gloom","Reprogram","Ball Lightning","Streamline","BootSequence","Redo","Hologram"],"relics":["Cracked Core","Smiling Mask","The Courier","Dead Branch"],"potions_floor_usage":[6,11,16],"damage_taken":[{"damage":11,"enemies":"2 Louse","floor":1,"turns":2},{"damage":1,"enemies":"Cultist","floor":3,"turns":3},{"damage":1,"enemies":"Jaw Worm","floor":4,"turns":4},{"damage":44,"enemies":"Gremlin Nob","floor":6,"turns":6},{"damage":12,"enemies":"Looter","floor":8,"turns":3},{"damage":17,"enemies":"Lagavulin","floor":11,"turns":5},{"damage":18,"enemies":"Lots of Slimes","floor":13,"turns":3},{"damage":3,"enemies":"Blue Slaver","floor":14,"turns":3},{"damage":38,"enemies":"Hexaghost","floor":16,"turns":9}],"seed_played":"4117312988317748417","potions_obtained":[{"floor":3,"key":"SmokeBomb"},{"floor":4,"key":"Weak Potion"},{"floor":6,"key":"GamblersBrew"},{"floor":13,"key":"FocusPotion"}],"is_trial":false,"path_per_floor":["M","$","M","M","?","E","R","M","T","$","E","R","M","M","R","B"],"character_chosen":"DEFECT","items_purchased":["Panacea","Sweeping Beam","Leap","Coolheaded","BootSequence","Redo"],"campfire_rested":3,"item_purchase_floors":[2,2,2,2,10,10],"current_hp_per_floor":[64,64,63,62,62,18,40,28,28,28,11,33,15,12,34,0],"gold":77,"neow_bonus":"HUNDRED_GOLD","is_prod":false,"is_daily":false,"chose_seed":false,"campfire_upgraded":0,"win_rate":0,"timestamp":1551050831,"path_taken":["M","$","M","M","?","E","R","?","T","$","E","R","M","M","R","BOSS"],"build_version":"2019-01-23","purchased_purges":0,"victory":false,"max_hp_per_floor":[75,75,75,75,75,75,75,75,75,75,75,75,75,75,75,75],"card_choices":[{"not_picked":["Conserve Battery","Rebound"],"picked":"Leap","floor":1},{"not_picked":["Compile Driver","BootSequence"],"picked":"Doom and Gloom","floor":3},{"not_picked":["Steam","Go for the Eyes"],"picked":"Reprogram","floor":4},{"not_picked":["Steam","Storm"],"picked":"Ball Lightning","floor":6},{"not_picked":["Conserve Battery","Gash"],"picked":"Streamline","floor":8},{"not_picked":["Skim","Thunder Strike","Turbo"],"picked":"SKIP","floor":11},{"not_picked":["Skim","Gash"],"picked":"Hologram","floor":13},{"not_picked":["Compile Driver","Barrage","Beam Cell"],"picked":"SKIP","floor":14}],"player_experience":194177,"relics_obtained":[{"floor":6,"key":"Smiling Mask"},{"floor":9,"key":"The Courier"},{"floor":11,"key":"Dead Branch"}],"event_choices":[{"damage_healed":0,"gold_gain":0,"player_choice":"Bought 0 Potions","damage_taken":0,"max_hp_gain":0,"max_hp_loss":0,"event_name":"The Woman in Blue","floor":5,"gold_loss":0}],"is_beta":false,"boss_relics":[],"items_purged_floors":[],"is_endless":false,"potions_floor_spawned":[3,4,6,13],"killed_by":"Hexaghost","ascension_level":4}