{"gold_per_floor":[113,125,125,125,60,60,73,111,141,141,165,244,269,269,269,362,362,382,382,31,47,67,67],"floor_reached":23,"playtime":958,"items_purged":["Strike_B"],"score":334,"play_id":"72e68c28-940b-4e21-af30-0e776fc7a94e","local_time":"20190727012047","is_ascension_mode":true,"campfire_choices":[{"floor":6,"key":"REST"},{"data":"Trip","floor":10,"key":"SMITH"},{"floor":15,"key":"REST"}],"neow_cost":"NONE","seed_source_timestamp":34145133957505,"circlet_count":0,"master_deck":["AscendersBane","Strike_B","Strike_B","Strike_B","Defend_B+1","Defend_B","Defend_B","Defend_B","Zap","Dualcast","Trip+1","Reinforced Body","Cold Snap+1","Sweeping Beam","Stack","Undo","Seek+1","Biased Cognition","Chill+1","Capacitor","Skim+1","Coolheaded+1"],"relics":["Cracked Core","Matryoshka","Golden Idol","Art of War","Potion Belt","Tiny Chest","Toxic Egg 2","Sundial","Nuclear Battery","PreservedInsect"],"potions_floor_usage":[8,11,23,23,23],"damage_taken":[{"damage":8,"enemies":"2 Louse","floor":1,"turns":2},{"damage":4,"enemies":"Small Slimes","floor":2,"turns":5},{"damage":0,"enemies":"Jaw Worm","floor":7,"turns":3},{"damage":15,"enemies":"Lagavulin","floor":8,"turns":9},{"damage":4,"enemies":"2 Fungi Beasts","floor":11,"turns":3},{"damage":3,"enemies":"Exordium Wildlife","floor":13,"turns":3},{"damage":41,"enemies":"Slime Boss","floor":16,"turns":13},{"damage":25,"enemies":"2 Thieves","floor":18,"turns":3},{"damage":5,"enemies":"Shell Parasite","floor":21,"turns":6},{"damage":14,"enemies":"Shelled Parasite and Fungi","floor":22,"turns":12},{"damage":12,"enemies":"Gremlin Leader","floor":23,"turns":5}],"seed_played":"1012587510092583855","potions_obtained":[{"floor":2,"key":"GamblersBrew"},{"floor":7,"key":"PowerPotion"},{"floor":18,"key":"PowerPotion"},{"floor":22,"key":"Dexterity Potion"}],"is_trial":false,"path_per_floor":["M","M","?","?","?","R","M","E","T","R","M","T","M","?","R","B",null,"M","?","$","M","M","E"],"character_chosen":"DEFECT","items_purchased":["PreservedInsect","Capacitor","Dexterity Potion"],"campfire_rested":2,"item_purchase_floors":[20,20,20],"current_hp_per_floor":[56,52,47,47,47,68,68,53,53,53,49,49,46,25,46,5,55,30,30,30,25,11,0],"gold":67,"neow_bonus":"RANDOM_COLORLESS","is_prod":false,"is_daily":false,"chose_seed":false,"campfire_upgraded":1,"win_rate":0,"timestamp":1564154447,"path_taken":["M","M","?","?","?","R","M","E","T","R","M","?","?","?","R","BOSS","M","?","$","M","?","E"],"build_version":"2019-07-17","purchased_purges":1,"victory":false,"max_hp_per_floor":[71,71,71,71,71,71,71,71,71,71,71,71,71,71,71,71,71,71,71,71,71,71,71],"card_choices":[{"not_picked":["Rebound","Steam"],"picked":"Reinforced Body","floor":1},{"not_picked":["Compile Driver","Stack"],"picked":"Cold Snap","floor":2},{"not_picked":["Coolheaded","Reprogram"],"picked":"Sweeping Beam","floor":7},{"not_picked":["Blizzard","Conserve Battery"],"picked":"Stack","floor":8},{"not_picked":["Sunder","Hello World"],"picked":"Undo","floor":11},{"not_picked":["Rebound","Coolheaded+1"],"picked":"Seek+1","floor":13},{"not_picked":["Machine Learning","Hyperbeam"],"picked":"Biased Cognition","floor":16},{"not_picked":["Sweeping Beam","Redo+1"],"picked":"Chill+1","floor":18},{"not_picked":["Beam Cell","Rebound"],"picked":"Skim+1","floor":21},{"not_picked":["Cold Snap","FTL"],"picked":"Coolheaded+1","floor":22}],"player_experience":1096803,"relics_obtained":[{"floor":8,"key":"Art of War"},{"floor":9,"key":"Potion Belt"},{"floor":9,"key":"Tiny Chest"},{"floor":12,"key":"Toxic Egg 2"},{"floor":12,"key":"Sundial"}],"event_choices":[{"damage_healed":0,"gold_gain":0,"player_choice":"Success","damage_taken":5,"relics_obtained":["Matryoshka"],"max_hp_gain":0,"max_hp_loss":0,"event_name":"Scrap Ooze","floor":3,"gold_loss":0},{"damage_healed":0,"gold_gain":0,"player_choice":"Take Wound","damage_taken":0,"relics_obtained":["Golden Idol"],"max_hp_gain":0,"max_hp_loss":0,"event_name":"Golden Idol","floor":4,"gold_loss":0,"cards_obtained":["Injury"]},{"damage_healed":0,"gold_gain":0,"player_choice":"Left Gold","damage_taken":0,"max_hp_gain":0,"max_hp_loss":0,"event_name":"World of Goop","floor":5,"gold_loss":65},{"damage_healed":0,"gold_gain":0,"player_choice":"Entered Light","damage_taken":21,"max_hp_gain":0,"max_hp_loss":0,"event_name":"Shining Light","floor":14,"gold_loss":0,"cards_upgraded":["Defend_B","Cold Snap"]},{"cards_removed":["Injury"],"damage_healed":0,"gold_gain":0,"player_choice":"Removed Curses","damage_taken":0,"max_hp_gain":0,"max_hp_loss":0,"event_name":"Fountain of Cleansing","floor":19,"gold_loss":0}],"is_beta":false,"boss_relics":[{"not_picked":["Tiny House","Lizard Tail"],"picked":"Nuclear Battery"}],"items_purged_floors":[20],"is_endless":false,"potions_floor_spawned":[2,7,18,22],"killed_by":"Gremlin Leader","ascension_level":15}