{"gold_per_floor":[118,135,10,20,33,33,47,61,61,61,61,61,92,112,112,112],"floor_reached":16,"playtime":1141,"items_purged":["Strike_R"],"score":125,"play_id":"00ae84be-80a3-4a94-969d-67732cb0c2f9","local_time":"20180723230404","is_ascension_mode":true,"campfire_choices":[{"data":"Berserk","floor":6,"key":"SMITH"},{"floor":12,"key":"REST"},{"floor":15,"key":"REST"}],"neow_cost":"NONE","seed_source_timestamp":1050338884810085,"circlet_count":0,"master_deck":["Strike_R","Strike_R","Strike_R","Defend_R","Defend_R","Defend_R","Defend_R","Bash","Rage","Pommel Strike","Second Wind","Body Slam","Berserk+1","Entrench","Sentinel","Iron Wave","Blood for Blood","Feel No Pain"],"relics":["Burning Blood","Shuriken","Peace Pipe"],"potions_floor_usage":[13,13,16],"damage_taken":[{"damage":0,"enemies":"2 Louse","floor":1,"turns":4},{"damage":8,"enemies":"Jaw Worm","floor":2,"turns":4},{"damage":5,"enemies":"Small Slimes","floor":4,"turns":3},{"damage":34,"enemies":"Gremlin Gang","floor":5,"turns":6},{"damage":24,"enemies":"Exordium Thugs","floor":7,"turns":6},{"damage":25,"enemies":"Lots of Slimes","floor":8,"turns":7},{"damage":20,"enemies":"Gremlin Nob","floor":13,"turns":3},{"damage":1,"enemies":"3 Louse","floor":14,"turns":6},{"damage":61,"enemies":"The Guardian","floor":16,"turns":9}],"seed_played":"-4281561708037699220","potions_obtained":[{"floor":2,"key":"Poison Potion"},{"floor":8,"key":"SkillPotion"},{"floor":14,"key":"Block Potion"}],"is_trial":false,"path_per_floor":["M","M","$","M","M","R","M","M","T","$","?","R","E","M","R"],"character_chosen":"IRONCLAD","items_purchased":["Body Slam"],"campfire_rested":2,"item_purchase_floors":[3],"current_hp_per_floor":[80,78,78,79,51,51,33,14,14,14,19,44,30,35,60,0],"gold":112,"neow_bonus":"TRANSFORM_CARD","is_prod":false,"is_daily":false,"chose_seed":false,"campfire_upgraded":1,"win_rate":0,"timestamp":1532401444,"path_taken":["M","M","$","M","M","R","M","M","T","$","?","R","E","?","R","BOSS"],"build_version":"2018-07-19v2","purchased_purges":1,"victory":false,"max_hp_per_floor":[80,80,80,80,80,80,80,80,80,80,85,85,85,85,85,85],"card_choices":[{"not_picked":["Cleave","Wild Strike"],"picked":"Pommel Strike","floor":1},{"not_picked":["Rupture","Wild Strike"],"picked":"Second Wind","floor":2},{"not_picked":["Cleave","Sword Boomerang"],"picked":"Berserk","floor":4},{"not_picked":["Heavy Blade","Reckless Charge"],"picked":"Entrench","floor":5},{"not_picked":["Feel No Pain","True Grit"],"picked":"Sentinel","floor":7},{"not_picked":["Uppercut","Sword Boomerang"],"picked":"Iron Wave","floor":8},{"not_picked":["Clothesline","Flex"],"picked":"Blood for Blood","floor":13},{"not_picked":["Pommel Strike","Brutality"],"picked":"Feel No Pain","floor":14}],"player_experience":304194,"relics_obtained":[{"floor":9,"key":"Shuriken"},{"floor":13,"key":"Peace Pipe"}],"event_choices":[{"event_name":"Big Fish","player_choice":"Donut","floor":11,"damage_taken":0}],"is_beta":false,"boss_relics":[],"items_purged_floors":[3],"is_endless":false,"potions_floor_spawned":[2,8,14],"killed_by":"The Guardian","ascension_level":4}