{"gold_per_floor":[15,15,15,40,72,84,121,133,222,265,287,299,376,399,411,524,536,567,125,137,137,3,28,28,48,48,48,64,64,64,77,77,182,182,195,195],"floor_reached":36,"playtime":1410,"items_purged":["Strike_R","Strike_R"],"score":392,"play_id":"89f56239-da52-46c7-9e74-190f4d727cc9","local_time":"20190418125548","is_ascension_mode":false,"campfire_choices":[{"data":"Bash","floor":6,"key":"SMITH"},{"data":"Body Slam","floor":8,"key":"SMITH"},{"data":"Spot Weakness","floor":12,"key":"SMITH"},{"data":"Strike_R","floor":15,"key":"PURGE"},{"data":"Limit Break","floor":24,"key":"SMITH"},{"floor":32,"key":"REST"}],"neow_cost":"NO_GOLD","seed_source_timestamp":2637845480929,"circlet_count":0,"master_deck":["Strike_R","Strike_R","Defend_R","Defend_R","Defend_R","Defend_R","Bash+1","Cleave","Body Slam+1","Anger","Headbutt","Power Through","Spot Weakness+1","Metallicize+1","Uppercut","Limit Break+1","Armaments+1","Inflame+1","Iron Wave","Clothesline+1","Second Wind","Armaments+1","Demon Form+1","Decay","Pain","Inflame+1","Barricade+1"],"relics":["Burning Blood","Peace Pipe","MawBank","Singing Bowl","Kunai","Incense Burner","Frozen Egg 2","Cursed Key","Ornamental Fan","Bag of Marbles","Bottled Flame","WarpedTongs","Mark of Pain"],"potions_floor_usage":[16,16,16,25,35,36,36],"damage_taken":[{"damage":0,"enemies":"2 Louse","floor":1,"turns":2},{"damage":0,"enemies":"Small Slimes","floor":4,"turns":3},{"damage":1,"enemies":"Cultist","floor":5,"turns":3},{"damage":15,"enemies":"Gremlin Nob","floor":7,"turns":4},{"damage":18,"enemies":"Lagavulin","floor":10,"turns":5},{"damage":0,"enemies":"Looter","floor":11,"turns":3},{"damage":9,"enemies":"Gremlin Nob","floor":13,"turns":4},{"damage":8,"enemies":"Lots of Slimes","floor":14,"turns":2},{"damage":24,"enemies":"Hexaghost","floor":16,"turns":9},{"damage":16,"enemies":"Spheric Guardian","floor":18,"turns":5},{"damage":5,"enemies":"3 Byrds","floor":20,"turns":4},{"damage":9,"enemies":"Colosseum Slavers","floor":21,"turns":4},{"damage":10,"enemies":"Book of Stabbing","floor":23,"turns":5},{"damage":14,"enemies":"Centurion and Healer","floor":25,"turns":5},{"damage":25,"enemies":"Snake Plant","floor":28,"turns":4},{"damage":2,"enemies":"Cultist and Chosen","floor":31,"turns":4},{"damage":14,"enemies":"Champ","floor":33,"turns":9},{"damage":8,"enemies":"3 Shapes","floor":35,"turns":4},{"damage":90,"enemies":"2 Orb Walkers","floor":36,"turns":6}],"seed_played":"-6838865271188693504","potions_obtained":[{"floor":1,"key":"Ancient Potion"},{"floor":13,"key":"SpeedPotion"},{"floor":14,"key":"AttackPotion"},{"floor":23,"key":"Strength Potion"},{"floor":25,"key":"LiquidBronze"},{"floor":31,"key":"SpeedPotion"},{"floor":35,"key":"Explosive Potion"}],"is_trial":false,"path_per_floor":["M","?","?","M","M","R","E","R","T","E","M","R","?","M","R","B",null,"M","$","M","?","$","E","R","M","T","?","M","?","?","M","R","B",null,"M","?"],"character_chosen":"IRONCLAD","items_purchased":["Ornamental Fan","Inflame+1","Iron Wave","Second Wind"],"campfire_rested":1,"item_purchase_floors":[19,19,19,22],"current_hp_per_floor":[80,80,73,79,80,80,71,71,71,59,65,65,62,60,60,42,80,70,70,71,68,68,64,64,56,56,56,39,39,39,43,67,59,82,82,0],"gold":195,"neow_bonus":"ONE_RARE_RELIC","is_prod":false,"is_daily":false,"chose_seed":false,"campfire_upgraded":4,"win_rate":0,"timestamp":1555556148,"path_taken":["M","?","?","M","M","R","E","R","T","E","M","R","?","M","R","BOSS","M","$","M","?","$","E","R","M","T","?","?","?","?","?","R","BOSS","M","?"],"build_version":"2019-01-23","purchased_purges":2,"victory":false,"max_hp_per_floor":[80,80,80,80,80,80,80,80,80,80,80,80,80,80,80,80,80,80,80,80,80,80,80,80,80,80,80,82,82,82,82,82,82,82,84,84],"card_choices":[{"not_picked":["Sever Soul","Sword Boomerang"],"picked":"Cleave","floor":1},{"not_picked":["Ghostly Armor","Second Wind"],"picked":"Body Slam","floor":4},{"not_picked":["Havoc","Clash"],"picked":"Anger","floor":5},{"not_picked":["Exhume","Anger"],"picked":"Headbutt","floor":7},{"not_picked":["Carnage","Reckless Charge"],"picked":"Power Through","floor":10},{"not_picked":["Second Wind","Clothesline"],"picked":"Spot Weakness","floor":11},{"not_picked":["Infernal Blade","Dropkick"],"picked":"Metallicize","floor":13},{"not_picked":["Reckless Charge","Cleave"],"picked":"Uppercut","floor":14},{"not_picked":["Exhume","Offering"],"picked":"Limit Break","floor":16},{"not_picked":["Clash+1","Sever Soul"],"picked":"Armaments+1","floor":18},{"not_picked":["Evolve+1","Perfected Strike"],"picked":"Clothesline+1","floor":20},{"not_picked":["Corruption+1","Anger"],"picked":"Armaments+1","floor":23},{"not_picked":["Clash","Cleave"],"picked":"Demon Form+1","floor":25},{"not_picked":["Clash+1","Armaments","Thunderclap"],"picked":"Singing Bowl","floor":28},{"not_picked":["Flex","Iron Wave"],"picked":"Inflame+1","floor":31},{"not_picked":["Immolate","Offering"],"picked":"Barricade+1","floor":33},{"not_picked":["Clothesline","Cleave","Wild Strike"],"picked":"Singing Bowl","floor":35}],"player_experience":324840,"relics_obtained":[{"floor":7,"key":"Singing Bowl"},{"floor":9,"key":"Kunai"},{"floor":10,"key":"Incense Burner"},{"floor":13,"key":"Frozen Egg 2"},{"floor":23,"key":"Bag of Marbles"},{"floor":26,"key":"Bottled Flame"}],"event_choices":[{"damage_healed":0,"gold_gain":0,"player_choice":"Ignored","damage_taken":0,"max_hp_gain":0,"max_hp_loss":0,"event_name":"Shining Light","floor":2,"gold_loss":0},{"damage_healed":0,"gold_gain":0,"player_choice":"Success","damage_taken":7,"relics_obtained":["MawBank"],"max_hp_gain":0,"max_hp_loss":0,"event_name":"Scrap Ooze","floor":3,"gold_loss":0},{"damage_healed":0,"gold_gain":0,"player_choice":"Searched \u00271\u0027 times","damage_taken":0,"max_hp_gain":0,"max_hp_loss":0,"event_name":"Dead Adventurer","floor":13,"gold_loss":0},{"damage_healed":0,"gold_gain":0,"player_choice":"Fight","damage_taken":0,"max_hp_gain":0,"max_hp_loss":0,"event_name":"Colosseum","floor":21,"gold_loss":0},{"damage_healed":0,"gold_gain":0,"player_choice":"Fled From Nobs","damage_taken":0,"max_hp_gain":0,"max_hp_loss":0,"event_name":"Colosseum","floor":21,"gold_loss":0},{"damage_healed":0,"gold_gain":0,"player_choice":"Rummage","damage_taken":0,"relics_obtained":["WarpedTongs"],"max_hp_gain":0,"max_hp_loss":0,"event_name":"Accursed Blacksmith","floor":27,"gold_loss":0,"cards_obtained":["Pain"]},{"damage_healed":0,"gold_gain":0,"player_choice":"Ignored","damage_taken":0,"max_hp_gain":0,"max_hp_loss":0,"event_name":"Vampires","floor":29,"gold_loss":0},{"damage_healed":0,"gold_gain":0,"player_choice":"Leave","damage_taken":0,"max_hp_gain":0,"max_hp_loss":0,"event_name":"FaceTrader","floor":30,"gold_loss":0},{"damage_healed":0,"gold_gain":0,"player_choice":"Fight","damage_taken":0,"max_hp_gain":0,"max_hp_loss":0,"event_name":"Mysterious Sphere","floor":36,"gold_loss":0}],"is_beta":false,"boss_relics":[{"not_picked":["Tiny House","Coffee Dripper"],"picked":"Cursed Key"},{"not_picked":["Eternal Feather","Velvet Choker"],"picked":"Mark of Pain"}],"items_purged_floors":[19,22],"is_endless":false,"potions_floor_spawned":[1,13,14,21,23,25,31,35],"killed_by":"2 Orb Walkers","ascension_level":0}