{"path_per_floor":["M","M","M","M","?","E","$","R","T","E","?","M","E","M","R","B",null,"M","M","?","?","$","R"],"character_chosen":"THE_SILENT","items_purchased":["Prepared","Medical Kit","Omamori"],"gold_per_floor":[111,127,145,158,158,183,83,83,83,114,114,132,157,173,173,269,269,279,298,298,398,44,44],"floor_reached":24,"campfire_rested":3,"playtime":1418,"current_hp_per_floor":[68,68,66,62,55,17,17,38,38,10,10,10,4,4,40,17,70,45,19,19,19,19,48],"items_purged":["Strike_G"],"gold":44,"score":264,"play_id":"4906216d-b095-4831-b59b-244c2577d4c8","local_time":"20180321164519","is_prod":false,"is_daily":false,"is_ascension_mode":true,"campfire_upgraded":0,"timestamp":1521665119,"path_taken":["M","M","M","M","?","E","$","R","T","E","?","M","E","?","R","BOSS","M","M","?","?","$","R","E"],"build_version":"2018-03-15v3","purchased_purges":2,"victory":false,"master_deck":["Defend_G","Defend_G","Defend_G","Defend_G","Survivor","Neutralize","Wraith Form","Backstab","Outmaneuver","Dagger Spray+1","Flying Knee","Deadly Poison","Prepared","Prepared","Reflex","Caltrops","Phantasmal Killer","Expertise","Backflip","PiercingWail","Crippling Poison","Underhanded Strike","Flechettes+1","PiercingWail","Bite","Bite","Bite","Bite","Bite"],"max_hp_per_floor":[70,70,70,70,70,70,70,70,70,70,70,70,70,70,70,70,70,70,70,49,49,49,49],"relics":["Ring of the Snake","Ancient Tea Set","Bronze Scales","Regal Pillow","Letter Opener","Orrery","Medical Kit","Omamori"],"card_choices":[{"not_picked":["All Out Attack","Choke"],"picked":"Backstab"},{"not_picked":["Accuracy","Slice"],"picked":"Outmaneuver"},{"not_picked":["Caltrops","Well Laid Plans"],"picked":"Dagger Spray"},{"not_picked":["All Out Attack","Sucker Punch"],"picked":"Flying Knee"},{"not_picked":["Dagger Throw","Backflip"],"picked":"Deadly Poison"},{"not_picked":["Endless Agony","Cloak And Dagger"],"picked":"Prepared"},{"not_picked":["Escape Plan","Endless Agony"],"picked":"Reflex"},{"not_picked":["Bane","Dagger Throw"],"picked":"Caltrops"},{"not_picked":["Corpse Explosion","Storm of Steel"],"picked":"Phantasmal Killer"},{"not_picked":["Finisher","Leg Sweep"],"picked":"Expertise"},{"not_picked":["Dagger Spray","Underhanded Strike"],"picked":"Backflip"},{"not_picked":["Bane","Expertise"],"picked":"PiercingWail"},{"not_picked":["Blade Dance","Flying Knee"],"picked":"Crippling Poison"},{"not_picked":["Flying Knee","Dagger Spray"],"picked":"Underhanded Strike"},{"not_picked":["Bane","Wraith Form"],"picked":"Flechettes"},{"not_picked":["Flying Knee","Outmaneuver"],"picked":"PiercingWail"}],"player_experience":63234,"potions_floor_usage":[4,6,13,16,19,24],"damage_taken":[{"damage":2,"enemies":"2 Louse","floor":1,"turns":3},{"damage":0,"enemies":"Small Slimes","floor":2,"turns":4},{"damage":2,"enemies":"Jaw Worm","floor":3,"turns":6},{"damage":4,"enemies":"Looter","floor":4,"turns":4},{"damage":38,"enemies":"Gremlin Nob","floor":6,"turns":6},{"damage":28,"enemies":"Lagavulin","floor":10,"turns":6},{"damage":0,"enemies":"Red Slaver","floor":12,"turns":3},{"damage":6,"enemies":"3 Sentries","floor":13,"turns":4},{"damage":0,"enemies":"2 Fungi Beasts","floor":14,"turns":3},{"damage":23,"enemies":"Slime Boss","floor":16,"turns":10},{"damage":25,"enemies":"Spheric Guardian","floor":18,"turns":4},{"damage":26,"enemies":"2 Thieves","floor":19,"turns":3},{"damage":63,"enemies":"Slavers","floor":24,"turns":3}],"event_choices":[{"event_name":"Golden Wing","player_choice":"Card Removal","floor":5,"damage_taken":0},{"event_name":"Accursed Blacksmith","player_choice":"Forge","floor":11,"damage_taken":0},{"event_name":"Vampires","player_choice":"Became a vampire","floor":20,"damage_taken":0},{"event_name":"Golden Shrine","player_choice":"Pray","floor":21,"damage_taken":0}],"boss_relics":[{"not_picked":["White Beast Statue","Snecko Eye"],"picked":"Orrery"}],"potions_floor_spawned":[1,3,6,14,16,19],"seed_played":"-1880048857653808251","killed_by":"Slavers","ascension_level":2,"is_trial":false}