{"gold_per_floor":[114,124,124,139,152,152,163,163,237,255,255,267,267,332,332,435,435,450,500,650,700,719,750,750,131,154,172,172,185,205,221,221,316,316,327,343,361,430,480,480,530,545,545,16,16,48,68,81,81,81],"floor_reached":50,"playtime":3964,"items_purged":["Clumsy","Parasite"],"score":542,"play_id":"8b0db40e-523e-4e70-ac62-3bb1151393fb","local_time":"20190323001328","is_ascension_mode":false,"campfire_choices":[{"data":"Static Discharge","floor":6,"key":"SMITH"},{"data":"Zap","floor":8,"key":"SMITH"},{"floor":13,"key":"REST"},{"data":"Ball Lightning","floor":15,"key":"SMITH"},{"data":"Machine Learning","floor":24,"key":"SMITH"},{"floor":28,"key":"REST"},{"floor":32,"key":"REST"},{"data":"Rainbow","floor":40,"key":"SMITH"},{"floor":45,"key":"REST"},{"data":"Fission","floor":49,"key":"SMITH"}],"neow_cost":"CURSE","seed_source_timestamp":4607432582024,"circlet_count":0,"master_deck":["Strike_B","Strike_B","Strike_B","Strike_B","Defend_B","Defend_B","Defend_B","Defend_B+1","Zap+1","Dualcast","Cold Snap","Force Field","Static Discharge+1","Ball Lightning+1","Ball Lightning","Rebound","Beam Cell","Machine Learning+1","White Noise+1","Leap","Lockon+1","Coolheaded+1","Go for the Eyes","Rainbow+1","Loop","Beam Cell","Turbo","Blizzard+1","Beam Cell","Creative AI","Chaos+1","Chaos+1","Conserve Battery","Aggregate+1","Conserve Battery","Melter","Fission+1","Reprogram+1","Redo","Conserve Battery+1"],"relics":["FrozenCore","Bird Faced Urn","Ginger","Bottled Flame","SsserpentHead","Pocketwatch","Calipers","Darkstone Periapt","War Paint","Ice Cream","Anchor","Inserter","Pantograph","Frozen Egg 2","Membership Card","Ornamental Fan","Regal Pillow"],"potions_floor_usage":[7,10,16,20,20,20,23,33,33,33,42,42,48,50],"damage_taken":[{"damage":2,"enemies":"2 Louse","floor":1,"turns":2},{"damage":0,"enemies":"Cultist","floor":2,"turns":4},{"damage":6,"enemies":"Jaw Worm","floor":4,"turns":3},{"damage":5,"enemies":"Looter","floor":5,"turns":3},{"damage":12,"enemies":"Lots of Slimes","floor":7,"turns":3},{"damage":12,"enemies":"Blue Slaver","floor":10,"turns":2},{"damage":3,"enemies":"Exordium Wildlife","floor":12,"turns":2},{"damage":7,"enemies":"3 Louse","floor":14,"turns":2},{"damage":21,"enemies":"Hexaghost","floor":16,"turns":7},{"damage":8,"enemies":"Chosen","floor":18,"turns":4},{"damage":35,"enemies":"Colosseum Slavers","floor":20,"turns":5},{"damage":16,"enemies":"Colosseum Nobs","floor":20,"turns":3},{"damage":25,"enemies":"2 Thieves","floor":22,"turns":4},{"damage":33,"enemies":"Gremlin Leader","floor":23,"turns":6},{"damage":26,"enemies":"Snake Plant","floor":27,"turns":4},{"damage":4,"enemies":"Cultist and Chosen","floor":29,"turns":6},{"damage":12,"enemies":"Centurion and Healer","floor":30,"turns":5},{"damage":12,"enemies":"Sentry and Sphere","floor":31,"turns":4},{"damage":43,"enemies":"Champ","floor":33,"turns":10},{"damage":14,"enemies":"Orb Walker","floor":35,"turns":5},{"damage":30,"enemies":"3 Shapes","floor":36,"turns":4},{"damage":21,"enemies":"Maw","floor":37,"turns":8},{"damage":3,"enemies":"Writhing Mass","floor":38,"turns":5},{"damage":26,"enemies":"Sphere and 2 Shapes","floor":42,"turns":5},{"damage":24,"enemies":"Nemesis","floor":46,"turns":7},{"damage":7,"enemies":"4 Shapes","floor":47,"turns":6},{"damage":12,"enemies":"Transient","floor":48,"turns":5},{"damage":86,"enemies":"Donu and Deca","floor":50,"turns":8}],"seed_played":"3947213610123798354","potions_obtained":[{"floor":1,"key":"SteroidPotion"},{"floor":4,"key":"Regen Potion"},{"floor":5,"key":"Swift Potion"},{"floor":10,"key":"SteroidPotion"},{"floor":12,"key":"Regen Potion"},{"floor":18,"key":"FearPotion"},{"floor":20,"key":"GamblersBrew"},{"floor":27,"key":"LiquidBronze"},{"floor":29,"key":"AttackPotion"},{"floor":31,"key":"EssenceOfSteel"},{"floor":35,"key":"Explosive Potion"},{"floor":37,"key":"Ancient Potion"},{"floor":42,"key":"FearPotion"},{"floor":46,"key":"PowerPotion"}],"is_trial":false,"path_per_floor":["M","M","?","M","M","R","M","R","T","M","?","M","R","M","R","B",null,"M","T","?","?","M","E","R","$","T","M","R","M","M","M","R","B",null,"M","M","M","M","?","R","T","M","T","$","R","E","M","M","R","B"],"character_chosen":"DEFECT","items_purchased":["Go for the Eyes","Ice Cream","Rainbow","Loop","Melter","Membership Card","Ornamental Fan","Fission"],"campfire_rested":4,"item_purchase_floors":[25,25,25,25,44,44,44,44],"current_hp_per_floor":[73,73,61,55,52,52,42,42,42,39,39,38,60,55,55,53,75,69,69,28,75,56,29,29,29,29,7,29,31,27,21,43,26,75,69,43,36,47,47,47,47,25,25,25,48,46,63,63,63,0],"gold":81,"neow_bonus":"ONE_RARE_RELIC","is_prod":false,"is_daily":false,"chose_seed":false,"campfire_upgraded":6,"win_rate":0.0,"timestamp":1553264008,"path_taken":["M","M","?","M","M","R","M","R","T","M","?","M","R","?","R","BOSS","M","?","?","?","M","E","R","$","T","M","R","M","M","M","R","BOSS","M","M","M","?","?","R","?","M","T","$","R","E","M","M","R","BOSS"],"build_version":"2019-01-23","purchased_purges":2,"victory":false,"max_hp_per_floor":[75,75,75,75,75,75,75,75,75,75,75,75,75,75,75,75,75,75,75,75,75,75,75,75,75,75,75,75,75,75,75,75,75,75,75,75,75,81,81,81,81,81,81,78,78,78,78,78,78,78],"card_choices":[{"not_picked":["Beam Cell","Coolheaded"],"picked":"Cold Snap","floor":1},{"not_picked":["Loop","Coolheaded"],"picked":"Force Field","floor":2},{"not_picked":["Hyperbeam","Darkness"],"picked":"Static Discharge","floor":4},{"not_picked":["White Noise","Chill"],"picked":"Ball Lightning","floor":5},{"not_picked":["Leap","Double Energy"],"picked":"Static Discharge","floor":7},{"not_picked":["Steam","Stack"],"picked":"Ball Lightning","floor":10},{"not_picked":["Streamline","Rip and Tear"],"picked":"Rebound","floor":12},{"not_picked":["Steam","Undo"],"picked":"Beam Cell","floor":14},{"not_picked":["Echo Form","Rainbow"],"picked":"Machine Learning","floor":16},{"not_picked":["Steam","Stack"],"picked":"White Noise","floor":18},{"not_picked":["Reinforced Body","Streamline"],"picked":"Leap","floor":20},{"not_picked":["Barrage","Stack"],"picked":"Lockon+1","floor":22},{"not_picked":["Blizzard","Double Energy+1"],"picked":"Coolheaded+1","floor":23},{"not_picked":["Reinforced Body","Rip and Tear+1"],"picked":"Beam Cell","floor":27},{"not_picked":["Rebound","Gash"],"picked":"Turbo","floor":29},{"not_picked":["Heatsinks","BootSequence+1"],"picked":"Blizzard+1","floor":30},{"not_picked":["Compile Driver+1","Rebound"],"picked":"Beam Cell","floor":31},{"not_picked":["Thunder Strike","Machine Learning"],"picked":"Creative AI","floor":33},{"not_picked":["Heatsinks","Sweeping Beam"],"picked":"Chaos+1","floor":35},{"not_picked":["Beam Cell","Hologram+1"],"picked":"Chaos+1","floor":36},{"not_picked":["Leap","Steam"],"picked":"Conserve Battery","floor":37},{"not_picked":["Gash+1","Leap"],"picked":"Aggregate+1","floor":38},{"not_picked":["Coolheaded","Barrage"],"picked":"Conserve Battery","floor":42},{"not_picked":["Darkness","Sunder"],"picked":"Reprogram+1","floor":46},{"not_picked":["Reinforced Body+1","Chaos+1"],"picked":"Redo","floor":47},{"not_picked":["Sweeping Beam+1","Turbo+1"],"picked":"Conserve Battery+1","floor":48}],"player_experience":41463,"relics_obtained":[{"floor":9,"key":"Bottled Flame"},{"floor":19,"key":"Pocketwatch"},{"floor":20,"key":"Calipers"},{"floor":20,"key":"Darkstone Periapt"},{"floor":23,"key":"War Paint"},{"floor":26,"key":"Anchor"},{"floor":41,"key":"Pantograph"},{"floor":43,"key":"Frozen Egg 2"},{"floor":46,"key":"Regal Pillow"}],"event_choices":[{"damage_healed":0,"gold_gain":0,"player_choice":"Success","damage_taken":12,"relics_obtained":["Ginger"],"max_hp_gain":0,"max_hp_loss":0,"event_name":"Scrap Ooze","floor":3,"gold_loss":0},{"damage_healed":0,"gold_gain":0,"player_choice":"Trade","damage_taken":0,"relics_obtained":["SsserpentHead"],"max_hp_gain":0,"max_hp_loss":0,"event_name":"FaceTrader","floor":11,"gold_loss":0},{"damage_healed":0,"gold_gain":0,"player_choice":"Fight","damage_taken":0,"max_hp_gain":0,"max_hp_loss":0,"event_name":"Colosseum","floor":20,"gold_loss":0},{"damage_healed":0,"gold_gain":0,"player_choice":"Fought Nobs","damage_taken":0,"max_hp_gain":0,"max_hp_loss":0,"event_name":"Colosseum","floor":20,"gold_loss":0},{"cards_removed":["Static Discharge"],"damage_healed":47,"gold_gain":0,"player_choice":"Offered Uncommon","damage_taken":0,"max_hp_gain":0,"max_hp_loss":0,"event_name":"Bonfire Elementals","floor":21,"gold_loss":0},{"damage_healed":0,"gold_gain":0,"player_choice":"Ignored","damage_taken":0,"max_hp_gain":0,"max_hp_loss":0,"event_name":"Tomb of Lord Red Mask","floor":39,"gold_loss":0}],"is_beta":false,"boss_relics":[{"not_picked":["Orrery","Calling Bell"],"picked":"FrozenCore"},{"not_picked":["Runic Dome","Philosopher\u0027s Stone"],"picked":"Inserter"}],"items_purged_floors":[25,44],"is_endless":false,"potions_floor_spawned":[1,4,5,10,12,18,20,27,29,31,35,37,42,46],"killed_by":"Donu and Deca","ascension_level":0}