{"gold_per_floor":[118,133,133,146,146,146,176,191,266,296,296,296,326,336,336,410,410,428,527,604,604,618,618,298,298,324,351,369,369,369,11,11,82,82,96,96,0,0,12,12,37,37,62,80,93,93,106,123,123,123],"floor_reached":51,"playtime":2303,"items_purged":["Strike_B+1"],"score":1305,"play_id":"2e024cec-ebba-4a5b-a88d-09cb9187cff2","local_time":"20190817213206","is_ascension_mode":true,"campfire_choices":[{"data":"Zap","floor":6.0,"key":"SMITH"},{"data":"Rainbow","floor":11.0,"key":"SMITH"},{"data":"Go for the Eyes","floor":12.0,"key":"SMITH"},{"data":"Rip and Tear","floor":15.0,"key":"SMITH"},{"data":"Echo Form","floor":23.0,"key":"SMITH"},{"data":"Loop","floor":25.0,"key":"SMITH"},{"floor":29.0,"key":"REST"},{"floor":32.0,"key":"REST"},{"data":"Glacier","floor":40.0,"key":"SMITH"},{"floor":46.0,"key":"REST"},{"data":"Defragment","floor":49.0,"key":"SMITH"}],"neow_cost":"NONE","seed_source_timestamp":81407585607737,"circlet_count":0,"master_deck":["AscendersBane","Strike_B+1","Strike_B+1","Strike_B+1","Defend_B+1","Defend_B+1","Defend_B+1","Defend_B+1","Zap+1","Dualcast+1","Cold Snap+1","Ball Lightning+1","Leap","Go for the Eyes+1","Auto Shields","Rainbow+1","Genetic Algorithm","Rip and Tear+1","Echo Form+1","Go for the Eyes+1","Loop+1","Defragment+1","Core Surge","Glacier+1","Loop","White Noise","Defragment+1"],"special_seed":0,"relics":["Cracked Core","Centennial Puzzle","WingedGreaves","Question Card","Orichalcum","Matryoshka","Sozu","Lantern","Gremlin Horn","ClockworkSouvenir","Whetstone","Regal Pillow","Pen Nib","Runic Capacitor","DataDisk","Runic Pyramid","Red Mask","Ice Cream","Bag of Preparation"],"potions_floor_usage":[],"damage_taken":[{"damage":0.0,"enemies":"Small Slimes","floor":1.0,"turns":3.0},{"damage":7.0,"enemies":"Jaw Worm","floor":2.0,"turns":2.0},{"damage":1.0,"enemies":"Cultist","floor":4.0,"turns":3.0},{"damage":11.0,"enemies":"Gremlin Nob","floor":7.0,"turns":3.0},{"damage":18.0,"enemies":"Exordium Wildlife","floor":8.0,"turns":5.0},{"damage":4.0,"enemies":"3 Sentries","floor":10.0,"turns":5.0},{"damage":6.0,"enemies":"Gremlin Nob","floor":13.0,"turns":4.0},{"damage":0.0,"enemies":"Blue Slaver","floor":14.0,"turns":4.0},{"damage":44.0,"enemies":"Hexaghost","floor":16.0,"turns":10.0},{"damage":0.0,"enemies":"Chosen","floor":18.0,"turns":3.0},{"damage":5.0,"enemies":"3 Byrds","floor":22.0,"turns":2.0},{"damage":29.0,"enemies":"Gremlin Leader","floor":27.0,"turns":6.0},{"damage":12.0,"enemies":"Shelled Parasite and Fungi","floor":28.0,"turns":5.0},{"damage":0.0,"enemies":"Collector","floor":33.0,"turns":7.0},{"damage":2.0,"enemies":"3 Shapes","floor":35.0,"turns":4.0},{"damage":13.0,"enemies":"Orb Walker","floor":39.0,"turns":3.0},{"damage":35.0,"enemies":"Reptomancer","floor":41.0,"turns":6.0},{"damage":14.0,"enemies":"Jaw Worm Horde","floor":44.0,"turns":4.0},{"damage":4.0,"enemies":"3 Darklings","floor":45.0,"turns":4.0},{"damage":0.0,"enemies":"Spire Growth","floor":47.0,"turns":5.0},{"damage":0.0,"enemies":"4 Shapes","floor":48.0,"turns":4.0},{"damage":37,"enemies":"Awakened One","floor":50,"turns":9}],"seed_played":"-5502474555884123754","potions_obtained":[{"floor":2.0,"key":"Regen Potion"},{"floor":5.0,"key":"Block Potion"},{"floor":5.0,"key":"Regen Potion"},{"floor":8.0,"key":"EntropicBrew"},{"floor":10.0,"key":"SpeedPotion"},{"floor":13.0,"key":"AttackPotion"},{"floor":14.0,"key":"Fire Potion"},{"floor":16.0,"key":"LiquidBronze"}],"is_trial":false,"path_per_floor":["M","M","?","M","?","R","E","M","T","E","R","R","E","M","R","B",null,"M","?","T","?","M","R","$","R","T","E","M","R","?","$","R","B",null,"M","?","?","$","M","R","E","?","T","M","M","R","M","M","R","B",null],"character_chosen":"DEFECT","items_purchased":["Loop","ClockworkSouvenir","Runic Capacitor","DataDisk"],"campfire_rested":3,"item_purchase_floors":[24,24,31,31],"current_hp_per_floor":[64,57,57,56,56,56,45,41,41,51,51,51,45,45,45,1,54,54,54,54,54,49,49,49,49,49,20,8,44,31,31,68,68,74,72,72,72,72,59,59,24,24,24,10,6,43,43,43,43,6],"gold":123,"neow_bonus":"RANDOM_COMMON_RELIC","is_prod":false,"is_daily":false,"chose_seed":false,"campfire_upgraded":8,"win_rate":0,"timestamp":1566095526,"path_taken":["M","M","?","M","?","R","E","M","T","E","R","R","E","M","R","BOSS","M","?","?","?","?","R","$","R","T","E","M","R","?","$","R","BOSS","M","?","?","?","M","R","E","?","T","M","M","R","M","M","R","BOSS"],"build_version":"2019-07-17","purchased_purges":1,"victory":true,"max_hp_per_floor":[71,71,71,71,71,71,71,71,71,71,71,71,71,71,71,71,71,71,71,71,71,71,71,71,71,71,71,71,71,76,76,76,76,76,76,76,76,76,76,76,76,76,76,76,76,76,76,76,76,76],"card_choices":[{"not_picked":["Rebound","Leap"],"picked":"Cold Snap","floor":1.0},{"not_picked":["Beam Cell","Doom and Gloom"],"picked":"Ball Lightning","floor":2.0},{"not_picked":["Stack","Reprogram"],"picked":"Leap","floor":4.0},{"not_picked":["Consume","Chaos"],"picked":"Go for the Eyes","floor":7.0},{"not_picked":["Compile Driver","Streamline"],"picked":"Auto Shields","floor":8.0},{"not_picked":["Tempest","Redo","Storm"],"picked":"Rainbow","floor":10.0},{"not_picked":["Streamline","Turbo","Gash"],"picked":"Genetic Algorithm","floor":13.0},{"not_picked":["Double Energy","Steam","Sweeping Beam"],"picked":"Rip and Tear","floor":14.0},{"not_picked":["Fission","Creative AI","Thunder Strike"],"picked":"Echo Form","floor":16.0},{"not_picked":["Redo","Consume+1","Double Energy"],"picked":"Go for the Eyes+1","floor":18.0},{"not_picked":["Redo","Skim+1","Barrage","Rebound"],"picked":"SKIP","floor":22.0},{"not_picked":["Steam","Conserve Battery","Cold Snap"],"picked":"Defragment+1","floor":27.0},{"not_picked":["Gash","Storm","Redo","Stack"],"picked":"SKIP","floor":28.0},{"not_picked":["Echo Form","Fission","Meteor Strike"],"picked":"Core Surge","floor":33.0},{"not_picked":["Cold Snap","Conserve Battery","Hologram+1"],"picked":"Leap+1","floor":35.0},{"not_picked":["Barrage","Beam Cell+1","Ball Lightning+1"],"picked":"Glacier","floor":39.0},{"not_picked":["Beam Cell","Sweeping Beam+1","Hologram"],"picked":"Loop","floor":41.0},{"not_picked":["Cold Snap+1","Leap","Redo"],"picked":"White Noise","floor":44.0},{"not_picked":["Cold Snap","Stack","Ball Lightning","Leap"],"picked":"SKIP","floor":45.0},{"not_picked":["FTL+1","Loop","Capacitor"],"picked":"Defragment","floor":47.0},{"not_picked":["Thunder Strike","Cold Snap","Conserve Battery","Steam"],"picked":"SKIP","floor":48.0}],"player_experience":275337,"relics_obtained":[{"floor":7.0,"key":"WingedGreaves"},{"floor":9.0,"key":"Question Card"},{"floor":10.0,"key":"Orichalcum"},{"floor":13.0,"key":"Matryoshka"},{"floor":20.0,"key":"Lantern"},{"floor":20.0,"key":"Gremlin Horn"},{"floor":26.0,"key":"Whetstone"},{"floor":26.0,"key":"Regal Pillow"},{"floor":27.0,"key":"Pen Nib"},{"floor":41.0,"key":"Ice Cream"},{"floor":43.0,"key":"Bag of Preparation"}],"event_choices":[{"damage_healed":0.0,"max_hp_gain":0.0,"max_hp_loss":0.0,"gold_gain":0.0,"event_name":"Living Wall","player_choice":"Grow","floor":3.0,"gold_loss":0.0,"damage_taken":0.0,"cards_upgraded":["Dualcast"]},{"damage_healed":0.0,"max_hp_gain":0.0,"max_hp_loss":0.0,"gold_gain":0.0,"event_name":"Lab","player_choice":"Got Potions","floor":5.0,"gold_loss":0.0,"damage_taken":0.0},{"damage_healed":0.0,"max_hp_gain":0.0,"max_hp_loss":0.0,"gold_gain":99.0,"event_name":"Nest","player_choice":"Stole From Cult","floor":19.0,"gold_loss":0.0,"damage_taken":0.0},{"damage_healed":0.0,"max_hp_gain":0.0,"max_hp_loss":0.0,"gold_gain":0.0,"event_name":"Back to Basics","player_choice":"Simplicity","floor":21.0,"gold_loss":0.0,"damage_taken":0.0,"cards_upgraded":["Strike_B","Strike_B","Strike_B","Strike_B","Defend_B","Defend_B","Defend_B","Defend_B"]},{"damage_healed":0.0,"max_hp_gain":5.0,"max_hp_loss":0.0,"gold_gain":0.0,"event_name":"Forgotten Altar","player_choice":"Shed Blood","floor":30.0,"gold_loss":0.0,"damage_taken":18.0},{"damage_healed":0.0,"max_hp_gain":0.0,"max_hp_loss":0.0,"gold_gain":0.0,"event_name":"Mysterious Sphere","player_choice":"Ignored","floor":36.0,"gold_loss":0.0,"damage_taken":0.0},{"damage_healed":0.0,"max_hp_gain":0.0,"max_hp_loss":0.0,"gold_gain":0.0,"event_name":"Tomb of Lord Red Mask","player_choice":"Paid","floor":37.0,"gold_loss":96.0,"damage_taken":0.0,"relics_obtained":["Red Mask"]},{"cards_removed":["Leap"],"damage_healed":0.0,"max_hp_gain":0.0,"max_hp_loss":0.0,"gold_gain":0.0,"event_name":"Falling","player_choice":"Removed Skill","floor":42.0,"gold_loss":0.0,"damage_taken":0.0}],"is_beta":false,"boss_relics":[{"not_picked":["Calling Bell","Black Star"],"picked":"Sozu"},{"not_picked":["Busted Crown","Lizard Tail"],"picked":"Runic Pyramid"}],"items_purged_floors":[24],"is_endless":false,"potions_floor_spawned":[2,8,10,13,14,16,22,28,35,39,44],"ascension_level":14}