{"gold_per_floor":[110,127,139,64,64,97,97,107,107,136,36,36,36,54,54,149,149,161,111,111,121,36,65,79,79,79,79,95,95,128,128,128,128],"floor_reached":33,"playtime":1916,"items_purged":["Strike_R","Strike_R","Defend_R"],"score":425,"play_id":"2fc671a4-a588-49ab-8ddd-57595c2a9ded","local_time":"20180919090033","is_ascension_mode":true,"campfire_choices":[{"data":"Bludgeon","floor":7,"key":"SMITH"},{"data":"Uppercut","floor":13,"key":"SMITH"},{"data":"Infernal Blade","floor":15,"key":"SMITH"},{"data":"Metallicize","floor":25,"key":"SMITH"},{"data":"Armaments","floor":27,"key":"SMITH"},{"data":"Brutality","floor":29,"key":"SMITH"},{"data":"Disarm","floor":32,"key":"SMITH"}],"neow_cost":"NONE","seed_source_timestamp":526402767164778,"circlet_count":0,"master_deck":["Strike_R","Strike_R","Defend_R","Defend_R","Defend_R","Bash","Bludgeon+1","Infernal Blade+1","Shrug It Off","Disarm+1","Armaments+1","Uppercut+1","Warcry","Brutality+1","Armaments+1","Shockwave+1","Metallicize+1","Dropkick"],"relics":["Burning Blood","Bag of Preparation","Strawberry","Meat on the Bone","Smiling Mask","Sozu","Orichalcum","Blood Vial","Singing Bowl","Sundial"],"potions_floor_usage":[16,23,33],"damage_taken":[{"damage":6,"enemies":"2 Louse","floor":1,"turns":3},{"damage":2,"enemies":"Jaw Worm","floor":2,"turns":4},{"damage":1,"enemies":"Cultist","floor":3,"turns":3},{"damage":21,"enemies":"Lagavulin","floor":6,"turns":6},{"damage":2,"enemies":"3 Louse","floor":8,"turns":6},{"damage":20,"enemies":"3 Sentries","floor":10,"turns":9},{"damage":5,"enemies":"Red Slaver","floor":14,"turns":5},{"damage":25,"enemies":"Hexaghost","floor":16,"turns":7},{"damage":2,"enemies":"Shell Parasite","floor":18,"turns":4},{"damage":13,"enemies":"3 Byrds","floor":21,"turns":6},{"damage":15,"enemies":"Gremlin Leader","floor":23,"turns":5},{"damage":13,"enemies":"Snake Plant","floor":24,"turns":4},{"damage":6,"enemies":"Cultist and Chosen","floor":28,"turns":6},{"damage":5,"enemies":"Book of Stabbing","floor":30,"turns":5},{"damage":77,"enemies":"Automaton","floor":33,"turns":10}],"seed_played":"-3357231571444237402","potions_obtained":[{"floor":1,"key":"Block Potion"},{"floor":3,"key":"AttackPotion"},{"floor":6,"key":"GamblersBrew"},{"floor":10,"key":"Explosive Potion"},{"floor":14,"key":"Strength Potion"}],"is_trial":false,"path_per_floor":["M","M","M","$","?","E","R","M","T","E","$","T","R","M","R","B",null,"M","$","?","M","?","E","M","R","T","R","M","R","E","?","R"],"character_chosen":"IRONCLAD","items_purchased":[],"campfire_rested":0,"item_purchase_floors":[],"current_hp_per_floor":[72,76,80,80,85,70,70,74,81,67,67,67,67,68,68,61,84,88,88,88,81,81,72,67,67,67,67,69,69,74,74,74,0],"gold":128,"neow_bonus":"ONE_RANDOM_RARE_CARD","is_prod":false,"is_daily":false,"chose_seed":false,"campfire_upgraded":7,"win_rate":0,"timestamp":1537362033,"path_taken":["M","M","M","$","?","E","R","M","T","E","$","?","R","M","R","BOSS","M","$","?","?","?","E","?","R","T","R","M","R","E","?","R","BOSS"],"build_version":"2018-09-06","purchased_purges":3,"victory":false,"max_hp_per_floor":[80,80,80,80,85,85,85,85,92,92,92,92,92,92,92,92,92,92,92,92,92,92,92,92,92,92,92,92,92,94,94,94,94],"card_choices":[{"not_picked":["Heavy Blade","Inflame"],"picked":"Infernal Blade","floor":1},{"not_picked":["Iron Wave","Twin Strike"],"picked":"Shrug It Off","floor":2},{"not_picked":["Perfected Strike","Iron Wave"],"picked":"Disarm","floor":3},{"not_picked":["Berserk","Anger"],"picked":"Armaments","floor":6},{"not_picked":["Feel No Pain","Iron Wave"],"picked":"Uppercut","floor":8},{"not_picked":["Dual Wield","Blood for Blood"],"picked":"Warcry","floor":10},{"not_picked":["Heavy Blade","Shrug It Off","Twin Strike"],"picked":"SKIP","floor":14},{"not_picked":["Reaper","Juggernaut"],"picked":"Brutality","floor":16},{"not_picked":["Flex","Sword Boomerang"],"picked":"Armaments+1","floor":18},{"not_picked":["Flex","Armaments+1","Body Slam"],"picked":"SKIP","floor":21},{"not_picked":["Flex","Carnage"],"picked":"Shockwave+1","floor":23},{"not_picked":["Anger","Clash+1"],"picked":"Metallicize","floor":24},{"not_picked":["Anger","Feed"],"picked":"Dropkick","floor":28},{"not_picked":["Reckless Charge","Iron Wave","Havoc"],"picked":"Singing Bowl","floor":30}],"player_experience":541096,"relics_obtained":[{"floor":6,"key":"Bag of Preparation"},{"floor":9,"key":"Strawberry"},{"floor":10,"key":"Meat on the Bone"},{"floor":12,"key":"Smiling Mask"},{"floor":23,"key":"Blood Vial"},{"floor":26,"key":"Singing Bowl"},{"floor":30,"key":"Sundial"}],"event_choices":[{"event_name":"Big Fish","player_choice":"Donut","floor":5,"damage_taken":0},{"event_name":"Bonfire Elementals","player_choice":"BASIC","floor":20,"damage_taken":0},{"event_name":"Addict","player_choice":"Obtained Relic","floor":22,"damage_taken":0},{"event_name":"The Woman in Blue","player_choice":"Bought 0 Potions","floor":31,"damage_taken":0}],"is_beta":false,"boss_relics":[{"not_picked":["Eternal Feather","Tiny House"],"picked":"Sozu"}],"items_purged_floors":[4,11,19],"is_endless":false,"potions_floor_spawned":[1,3,6,10,14,21,23,30],"killed_by":"Automaton","ascension_level":9}