{"gold_per_floor":[11,25,25,25,48,48,48,48,48,48,63,83,183,196,196,196],"floor_reached":16,"playtime":502,"items_purged":[],"score":95,"play_id":"4e457f0d-f335-4a33-8c8d-c4f9fad59776","local_time":"20190421170042","is_ascension_mode":true,"campfire_choices":[{"floor":6,"key":"DIG"},{"floor":8,"key":"DIG"},{"floor":10,"key":"DIG"},{"data":"Accuracy","floor":15,"key":"SMITH"}],"neow_cost":"NO_GOLD","seed_source_timestamp":6200457577620,"circlet_count":0,"master_deck":["Defend_G","Defend_G","Defend_G","Defend_G","Defend_G","Strike_G","Strike_G","Strike_G","Strike_G","Survivor","Neutralize","Cloak And Dagger","Quick Slash","Prepared","Accuracy+1","Tactician"],"relics":["Ring of the Snake","Shovel","Vajra","Blue Candle","Sundial","Mercury Hourglass","Potion Belt"],"potions_floor_usage":[16,16],"damage_taken":[{"damage":0,"enemies":"Jaw Worm","floor":1,"turns":8},{"damage":2,"enemies":"Small Slimes","floor":2,"turns":5},{"damage":0,"enemies":"2 Louse","floor":11,"turns":2},{"damage":0,"enemies":"Exordium Thugs","floor":12,"turns":3},{"damage":0,"enemies":"3 Louse","floor":14,"turns":2},{"damage":81,"enemies":"Hexaghost","floor":16,"turns":15}],"seed_played":"-116006578303621143","potions_obtained":[{"floor":11,"key":"Poison Potion"},{"floor":14,"key":"Block Potion"}],"is_trial":false,"path_per_floor":["M","M","?","?","T","R","?","R","T","R","M","M","?","M","R","B"],"character_chosen":"THE_SILENT","items_purchased":[],"campfire_rested":0,"item_purchase_floors":[],"current_hp_per_floor":[70,68,68,68,68,68,80,80,80,80,80,80,80,80,80,0],"gold":196,"neow_bonus":"ONE_RARE_RELIC","is_prod":false,"is_daily":false,"chose_seed":false,"campfire_upgraded":1,"win_rate":0,"timestamp":1555830042,"path_taken":["M","M","?","?","?","R","?","R","T","R","M","?","?","M","R","BOSS"],"build_version":"2019-01-23","purchased_purges":0,"victory":false,"max_hp_per_floor":[70,70,70,70,70,70,80,80,80,80,80,80,80,80,80,80],"card_choices":[{"not_picked":["Leg Sweep","Deflect"],"picked":"Cloak And Dagger","floor":1},{"not_picked":["Outmaneuver","Flying Knee"],"picked":"Quick Slash","floor":2},{"not_picked":["Outmaneuver","Bane"],"picked":"Prepared","floor":11},{"not_picked":["Prepared","Bullet Time"],"picked":"Accuracy","floor":12},{"not_picked":["Sucker Punch","Slice"],"picked":"Tactician","floor":14}],"player_experience":384959,"relics_obtained":[{"floor":5,"key":"Vajra"},{"floor":6,"key":"Blue Candle"},{"floor":8,"key":"Sundial"},{"floor":9,"key":"Mercury Hourglass"},{"floor":10,"key":"Potion Belt"}],"event_choices":[{"damage_healed":0,"gold_gain":0,"player_choice":"Leave","damage_taken":0,"max_hp_gain":0,"max_hp_loss":0,"event_name":"The Cleric","floor":3,"gold_loss":0},{"damage_healed":0,"gold_gain":0,"cards_transformed":["Strike_G"],"player_choice":"Change","damage_taken":0,"max_hp_gain":0,"max_hp_loss":0,"event_name":"Living Wall","floor":4,"gold_loss":0,"cards_obtained":["Phantasmal Killer"]},{"cards_removed":["Phantasmal Killer"],"damage_healed":2,"gold_gain":0,"player_choice":"Offered Rare","damage_taken":0,"max_hp_gain":10,"max_hp_loss":0,"event_name":"Bonfire Elementals","floor":7,"gold_loss":0},{"damage_healed":0,"gold_gain":100,"player_choice":"Gold","damage_taken":0,"max_hp_gain":0,"max_hp_loss":0,"event_name":"Wheel of Change","floor":13,"gold_loss":0}],"is_beta":false,"boss_relics":[],"items_purged_floors":[],"is_endless":false,"potions_floor_spawned":[11,14],"killed_by":"Hexaghost","ascension_level":1}