{"gold_per_floor":[115,133,144,155,166,166,193,118,118,118,136,166,131,146,146,249,249,261,274,274,21,34,34,69,69,69,98,117,117,142,142],"floor_reached":31,"playtime":1258,"items_purged":["Strike_G","Strike_G"],"score":484,"play_id":"f3f9ae4a-e9ac-4899-99bb-74f44d9e2920","local_time":"20181209204347","is_ascension_mode":true,"campfire_choices":[{"data":"Glass Knife","floor":6,"key":"SMITH"},{"floor":10,"key":"RECALL"},{"floor":15,"key":"REST"},{"data":"Glass Knife","floor":23,"key":"SMITH"},{"data":"Prepared","floor":25,"key":"SMITH"}],"neow_cost":"NONE","seed_source_timestamp":501367112387031,"circlet_count":0,"master_deck":["AscendersBane","Defend_G","Defend_G","Defend_G","Defend_G","Defend_G","Survivor","Neutralize","Glass Knife+1","Escape Plan","Tactician","Dagger Spray","Escape Plan","Backstab+1","A Thousand Cuts","Prepared","Escape Plan","Prepared+1","Glass Knife+1","Reflex+1","Dagger Throw+1","Glass Knife+1","All Out Attack+1","Underhanded Strike","Bite","Bite","Bite","Bite","Bite"],"relics":["Ring of the Snake","Mercury Hourglass","StoneCalendar","Coffee Dripper","Vajra","Letter Opener","Matryoshka","Bottled Flame","Darkstone Periapt","Whetstone"],"potions_floor_usage":[12,12,16,18,27,28],"damage_taken":[{"damage":1,"enemies":"Jaw Worm","floor":1,"turns":4},{"damage":0,"enemies":"2 Louse","floor":2,"turns":2},{"damage":1,"enemies":"Cultist","floor":3,"turns":3},{"damage":10,"enemies":"Exordium Wildlife","floor":4,"turns":6},{"damage":0,"enemies":"Blue Slaver","floor":5,"turns":3},{"damage":32,"enemies":"Lagavulin","floor":7,"turns":7},{"damage":0,"enemies":"Looter","floor":11,"turns":1},{"damage":9,"enemies":"3 Sentries","floor":12,"turns":5},{"damage":2,"enemies":"Exordium Wildlife","floor":14,"turns":2},{"damage":42,"enemies":"Hexaghost","floor":16,"turns":10},{"damage":14,"enemies":"Shell Parasite","floor":18,"turns":4},{"damage":0,"enemies":"Chosen","floor":19,"turns":4},{"damage":2,"enemies":"Snecko","floor":22,"turns":4},{"damage":28,"enemies":"Slavers","floor":24,"turns":3},{"damage":16,"enemies":"Gremlin Leader","floor":27,"turns":5},{"damage":0,"enemies":"Centurion and Healer","floor":28,"turns":4},{"damage":11,"enemies":"Sentry and Sphere","floor":31,"turns":2}],"seed_played":"-636583209297454994","potions_obtained":[{"floor":5,"key":"LiquidBronze"},{"floor":11,"key":"Dexterity Potion"},{"floor":12,"key":"FairyPotion"},{"floor":14,"key":"FearPotion"},{"floor":16,"key":"SteroidPotion"},{"floor":18,"key":"SpeedPotion"},{"floor":27,"key":"SpeedPotion"}],"is_trial":false,"path_per_floor":["M","M","M","M","M","R","E","$","T","R","M","E","?","M","R","B",null,"M","M","?","$","M","R","E","R","T","E","M","?","T","M"],"character_chosen":"THE_SILENT","items_purchased":["Vajra"],"campfire_rested":1,"item_purchase_floors":[21],"current_hp_per_floor":[62,62,61,51,51,51,19,19,19,19,19,10,27,25,46,4,54,40,40,40,40,38,38,10,10,10,1,1,1,1,0],"gold":142,"neow_bonus":"ONE_RANDOM_RARE_CARD","is_prod":false,"is_daily":false,"chose_seed":false,"campfire_upgraded":3,"win_rate":0,"timestamp":1544406227,"path_taken":["M","M","M","M","M","R","E","$","T","R","M","E","?","M","R","BOSS","M","M","?","$","M","R","E","R","T","E","?","?","?","M"],"build_version":"2018-12-06","purchased_purges":2,"victory":false,"max_hp_per_floor":[70,70,70,70,70,70,70,70,70,70,70,70,70,70,70,70,70,70,70,70,70,70,70,70,70,70,70,70,49,49,49],"card_choices":[{"not_picked":["Slice","Outmaneuver"],"picked":"Escape Plan","floor":1},{"not_picked":["Bane","Eviscerate"],"picked":"Tactician","floor":2},{"not_picked":["Backstab","Quick Slash"],"picked":"Dagger Spray","floor":3},{"not_picked":["PiercingWail","Tactician"],"picked":"Escape Plan","floor":4},{"not_picked":["Eviscerate","Outmaneuver"],"picked":"Backstab","floor":5},{"not_picked":["Deflect","Noxious Fumes"],"picked":"A Thousand Cuts","floor":7},{"not_picked":["Dodge and Roll","Backflip"],"picked":"Prepared","floor":11},{"not_picked":["Tactician","Distraction"],"picked":"Escape Plan","floor":12},{"not_picked":["Deadly Poison","Dodge and Roll"],"picked":"Prepared","floor":14},{"not_picked":["Wraith Form v2","Unload"],"picked":"Glass Knife","floor":16},{"not_picked":["Deflect","Slice"],"picked":"Reflex+1","floor":18},{"not_picked":["Cloak And Dagger","Acrobatics"],"picked":"Dagger Throw","floor":19},{"not_picked":["Crippling Poison","Endless Agony"],"picked":"All Out Attack+1","floor":22},{"not_picked":["Catalyst","Footwork"],"picked":"Underhanded Strike","floor":24},{"not_picked":["Bane","Doppelganger","Infinite Blades"],"picked":"SKIP","floor":27},{"not_picked":["Prepared","Accuracy","Blade Dance+1"],"picked":"SKIP","floor":28}],"player_experience":846260,"relics_obtained":[{"floor":7,"key":"Mercury Hourglass"},{"floor":12,"key":"StoneCalendar"},{"floor":24,"key":"Letter Opener"},{"floor":26,"key":"Matryoshka"},{"floor":27,"key":"Bottled Flame"},{"floor":30,"key":"Darkstone Periapt"},{"floor":30,"key":"Whetstone"}],"event_choices":[{"damage_healed":17,"gold_gain":0,"player_choice":"Healed","damage_taken":0,"max_hp_gain":0,"max_hp_loss":0,"event_name":"The Cleric","floor":13,"gold_loss":35},{"damage_healed":0,"gold_gain":0,"player_choice":"Copied","damage_taken":0,"max_hp_gain":0,"max_hp_loss":0,"event_name":"Duplicator","floor":20,"gold_loss":0,"cards_obtained":["Glass Knife"]},{"damage_healed":0,"gold_gain":0,"player_choice":"Became a vampire","damage_taken":0,"max_hp_gain":0,"max_hp_loss":21,"event_name":"Vampires","floor":29,"gold_loss":0,"cards_obtained":["Bite","Bite","Bite","Bite","Bite"]}],"is_beta":false,"boss_relics":[{"not_picked":["Snecko Eye","HoveringKite"],"picked":"Coffee Dripper"}],"items_purged_floors":[8,21],"is_endless":false,"potions_floor_spawned":[5,11,12,14,16,18,24,27],"killed_by":"Sentry and Sphere","ascension_level":12}