{"gold_per_floor":[12,29,45,65,65,98,109,128,128,148,166,166,91,108,108,213,213,230,248,173,185,196,196,211,19,72,102,102,102,102,114,114,114],"floor_reached":33,"playtime":1229,"items_purged":["Strike_R"],"score":275,"play_id":"93b608a7-340e-4714-85c8-bf71552d4a78","local_time":"20181128150043","is_ascension_mode":false,"campfire_choices":[{"data":"Flex","floor":12,"key":"SMITH"},{"data":"Heavy Blade","floor":15,"key":"SMITH"},{"data":"Armaments","floor":23,"key":"SMITH"},{"data":"Armaments","floor":29,"key":"SMITH"},{"floor":32,"key":"REST"}],"neow_cost":"NO_GOLD","seed_source_timestamp":842822244066769,"circlet_count":0,"master_deck":["Strike_R","Strike_R","Strike_R","Defend_R","Defend_R","Defend_R","Defend_R","Bash","Clash","Armaments+1","Heavy Blade+1","Anger","Cleave","Shrug It Off","Flex+1","Clothesline","Warcry","Armaments+1","Thunderclap","Twin Strike+1","Writhe"],"relics":["Black Blood","StoneCalendar","Letter Opener","Self Forming Clay","Brimstone","PreservedInsect","Darkstone Periapt","Art of War"],"potions_floor_usage":[6,7,16,19,21,22,24],"damage_taken":[{"damage":6,"enemies":"Jaw Worm","floor":1,"turns":3},{"damage":1,"enemies":"Cultist","floor":2,"turns":3},{"damage":0,"enemies":"Small Slimes","floor":3,"turns":3},{"damage":6,"enemies":"3 Louse","floor":4,"turns":4},{"damage":13,"enemies":"3 Sentries","floor":6,"turns":5},{"damage":3,"enemies":"Exordium Wildlife","floor":7,"turns":5},{"damage":0,"enemies":"Large Slime","floor":8,"turns":3},{"damage":0,"enemies":"2 Fungi Beasts","floor":10,"turns":3},{"damage":2,"enemies":"Blue Slaver","floor":11,"turns":4},{"damage":0,"enemies":"3 Louse","floor":14,"turns":2},{"damage":21,"enemies":"The Guardian","floor":16,"turns":8},{"damage":11,"enemies":"Shell Parasite","floor":18,"turns":7},{"damage":6,"enemies":"2 Thieves","floor":19,"turns":4},{"damage":15,"enemies":"Snake Plant","floor":21,"turns":6},{"damage":19,"enemies":"Snecko","floor":22,"turns":5},{"damage":13,"enemies":"3 Cultists","floor":24,"turns":5},{"damage":30,"enemies":"Slavers","floor":27,"turns":3},{"damage":21,"enemies":"Snake Plant","floor":31,"turns":4},{"damage":70,"enemies":"Champ","floor":33,"turns":5}],"seed_played":"2465417124861839118","potions_obtained":[{"floor":2,"key":"Block Potion"},{"floor":3,"key":"Strength Potion"},{"floor":4,"key":"GamblersBrew"},{"floor":8,"key":"LiquidBronze"},{"floor":16,"key":"Block Potion"},{"floor":18,"key":"Energy Potion"},{"floor":19,"key":"SpeedPotion"}],"is_trial":false,"path_per_floor":["M","M","M","M","?","E","M","M","T","M","M","R","$","M","R","B",null,"M","M","?","M","M","R","M","$","T","E","?","R","?","M","R","B"],"character_chosen":"IRONCLAD","items_purchased":["Brimstone"],"campfire_rested":1,"item_purchase_floors":[25],"current_hp_per_floor":[80,80,80,80,80,73,76,80,80,80,80,80,80,80,80,65,80,79,80,80,75,66,66,63,63,63,43,49,49,32,21,48,0],"gold":114,"neow_bonus":"ONE_RARE_RELIC","is_prod":false,"is_daily":false,"chose_seed":false,"campfire_upgraded":4,"win_rate":0,"timestamp":1543435243,"path_taken":["M","M","M","M","?","E","M","?","T","M","M","R","$","M","R","BOSS","M","?","?","M","M","R","M","$","T","E","?","R","?","M","R","BOSS"],"build_version":"2018-11-15","purchased_purges":1,"victory":false,"max_hp_per_floor":[80,80,80,80,80,80,80,80,80,80,80,80,80,80,80,80,80,80,80,80,80,80,80,80,80,80,80,86,86,91,91,91,91],"card_choices":[{"not_picked":["Inflame","Pommel Strike"],"picked":"Clash","floor":1},{"not_picked":["Body Slam","Iron Wave"],"picked":"Armaments","floor":2},{"not_picked":["Rampage","Havoc"],"picked":"Heavy Blade","floor":3},{"not_picked":["Disarm","Spot Weakness"],"picked":"Anger","floor":4},{"not_picked":["Bloodletting","Heavy Blade","Second Wind"],"picked":"SKIP","floor":6},{"not_picked":["Rupture","Armaments"],"picked":"Cleave","floor":7},{"not_picked":["Sword Boomerang","True Grit"],"picked":"Shrug It Off","floor":8},{"not_picked":["Clothesline","Sword Boomerang"],"picked":"Flex","floor":10},{"not_picked":["Wild Strike","Twin Strike","Evolve"],"picked":"SKIP","floor":11},{"not_picked":["Combust","Brutality"],"picked":"Clothesline","floor":14},{"not_picked":["Rupture+1","Heavy Blade"],"picked":"Warcry","floor":18},{"not_picked":["Twin Strike","Perfected Strike"],"picked":"Armaments","floor":19},{"not_picked":["Whirlwind","Blood for Blood","Heavy Blade"],"picked":"SKIP","floor":21},{"not_picked":["Rage+1","Anger"],"picked":"Thunderclap","floor":22},{"not_picked":["Exhume","Havoc","Pommel Strike"],"picked":"SKIP","floor":24},{"not_picked":["Barricade","Perfected Strike"],"picked":"Twin Strike+1","floor":27},{"not_picked":["Cleave+1","Fire Breathing+1","Clothesline+1"],"picked":"SKIP","floor":31}],"player_experience":727669,"relics_obtained":[{"floor":6,"key":"Letter Opener"},{"floor":9,"key":"Self Forming Clay"},{"floor":26,"key":"PreservedInsect"},{"floor":27,"key":"Darkstone Periapt"}],"event_choices":[{"damage_healed":0,"gold_gain":0,"player_choice":"Ignored","damage_taken":0,"max_hp_gain":0,"max_hp_loss":0,"event_name":"Transmorgrifier","floor":5,"gold_loss":0},{"cards_removed":["Strike_R"],"damage_healed":0,"gold_gain":0,"player_choice":"Gave Gold","damage_taken":0,"max_hp_gain":0,"max_hp_loss":0,"event_name":"Beggar","floor":20,"gold_loss":75},{"damage_healed":0,"gold_gain":0,"player_choice":"Opened","damage_taken":0,"relics_obtained":["Art of War"],"max_hp_gain":0,"max_hp_loss":0,"event_name":"The Mausoleum","floor":28,"gold_loss":0,"cards_obtained":["Writhe"]},{"damage_healed":0,"gold_gain":0,"player_choice":"Shed Blood","damage_taken":22,"max_hp_gain":5,"max_hp_loss":0,"event_name":"Forgotten Altar","floor":30,"gold_loss":0}],"is_beta":false,"boss_relics":[{"not_picked":["Tiny House","Philosopher\u0027s Stone"],"picked":"Black Blood"}],"items_purged_floors":[13],"is_endless":false,"potions_floor_spawned":[2,3,4,8,16,18,19],"killed_by":"Champ","ascension_level":0}