{"gold_per_floor":[116,132,144,156,175,175,187,187,187,198,198,209,221,221,221,323,323,333,333,359,359,373,373,55,55,55,74,92,92,92,191,191,290,290,307,307,1,20,20,20],"floor_reached":40,"playtime":2835,"items_purged":[],"score":407,"play_id":"e672cf88-dd82-4dc3-8454-b6e1b8d75185","local_time":"20190323014203","is_ascension_mode":false,"campfire_choices":[{"floor":6,"key":"REST"},{"floor":8,"key":"REST"},{"data":"Zap","floor":15,"key":"SMITH"},{"floor":23,"key":"REST"},{"floor":32,"key":"REST"}],"neow_cost":"TEN_PERCENT_HP_LOSS","seed_source_timestamp":11050862321714,"circlet_count":0,"master_deck":["Strike_B+1","Strike_B+1","Strike_B+1","Defend_B+1","Defend_B+1","Defend_B+1","Zap+1","Dualcast","Scrape","Creative AI","Go for the Eyes","Auto Shields","Ball Lightning","Conserve Battery","Cold Snap","Hologram","FTL","White Noise","Decay","Amplify","Ball Lightning","Redo","Ball Lightning+1","Defragment","Panache","Go for the Eyes","FTL","Self Repair+1","Amplify","Streamline+1","Beam Cell","Genetic Algorithm","Capacitor+1","Undo","Glacier","Hologram","Darkness+1"],"relics":["Cracked Core","Letter Opener","Mummified Hand","Lizard Tail","Incense Burner","Red Mask","Bottled Tornado","MutagenicStrength","Orrery","Bottled Lightning"],"potions_floor_usage":[16,28,29,33],"damage_taken":[{"damage":7,"enemies":"Cultist","floor":1,"turns":5},{"damage":9,"enemies":"2 Louse","floor":2,"turns":4},{"damage":5,"enemies":"Small Slimes","floor":3,"turns":5},{"damage":23,"enemies":"Exordium Thugs","floor":4,"turns":5},{"damage":10,"enemies":"3 Louse","floor":5,"turns":2},{"damage":5,"enemies":"2 Fungi Beasts","floor":7,"turns":3},{"damage":1,"enemies":"Looter","floor":10,"turns":3},{"damage":2,"enemies":"Exordium Wildlife","floor":12,"turns":2},{"damage":6,"enemies":"3 Louse","floor":13,"turns":3},{"damage":6,"enemies":"Hexaghost","floor":16,"turns":8},{"damage":10,"enemies":"Spheric Guardian","floor":18,"turns":3},{"damage":20,"enemies":"Masked Bandits","floor":20,"turns":4},{"damage":22,"enemies":"3 Byrds","floor":22,"turns":5},{"damage":22,"enemies":"Centurion and Healer","floor":27,"turns":7},{"damage":13,"enemies":"Snake Plant","floor":28,"turns":5},{"damage":0,"enemies":"Snecko","floor":29,"turns":2},{"damage":54,"enemies":"Collector","floor":33,"turns":8},{"damage":37,"enemies":"3 Darklings","floor":35,"turns":5},{"damage":7,"enemies":"Orb Walker","floor":38,"turns":3},{"damage":70,"enemies":"Giant Head","floor":40,"turns":7}],"seed_played":"-8851803649737649648","potions_obtained":[{"floor":3,"key":"Poison Potion"},{"floor":7,"key":"GamblersBrew"},{"floor":10,"key":"Ancient Potion"},{"floor":13,"key":"SmokeBomb"},{"floor":16,"key":"FearPotion"}],"is_trial":false,"path_per_floor":["M","M","M","M","M","R","M","R","T","M","T","M","M","?","R","B",null,"M","T","?","?","M","R","$","?","T","M","M","M","?","?","R","B",null,"M","?","$","M","?","E"],"character_chosen":"DEFECT","items_purchased":["Defragment","Panache","Go for the Eyes","Bottled Lightning","Hologram"],"campfire_rested":4,"item_purchase_floors":[24,24,24,37,37],"current_hp_per_floor":[61,52,47,24,14,34,29,49,49,48,48,46,40,40,40,34,68,58,58,38,38,16,36,36,36,36,14,1,1,1,1,21,27,68,31,31,31,34,59,0],"gold":20,"neow_bonus":"TRANSFORM_TWO_CARDS","is_prod":false,"is_daily":false,"chose_seed":false,"campfire_upgraded":1,"win_rate":0.0,"timestamp":1553269323,"path_taken":["M","M","M","M","M","R","M","R","T","M","?","M","?","?","R","BOSS","M","?","?","?","M","R","$","?","T","M","M","?","?","?","R","BOSS","M","?","$","M","?","E"],"build_version":"2019-01-23","purchased_purges":0,"victory":false,"max_hp_per_floor":[68,68,68,68,68,68,68,68,68,68,68,68,68,68,68,68,68,68,68,68,68,68,68,68,68,68,68,68,68,68,68,68,68,68,68,68,68,68,59,59],"card_choices":[{"not_picked":["Barrage","Melter"],"picked":"Go for the Eyes","floor":1},{"not_picked":["Darkness","Beam Cell"],"picked":"Auto Shields","floor":2},{"not_picked":["Go for the Eyes","Beam Cell"],"picked":"Ball Lightning","floor":3},{"not_picked":["BootSequence","Coolheaded"],"picked":"Conserve Battery","floor":4},{"not_picked":["Gash","Leap"],"picked":"Doom and Gloom","floor":5},{"not_picked":["Steam","Gash"],"picked":"Cold Snap","floor":7},{"not_picked":["Steam","Barrage"],"picked":"Hologram","floor":10},{"not_picked":["Stack","Cold Snap"],"picked":"FTL","floor":12},{"not_picked":["Beam Cell","Coolheaded"],"picked":"White Noise","floor":13},{"not_picked":["Thunder Strike","Seek"],"picked":"Amplify","floor":16},{"not_picked":["Blizzard+1","Steam Power"],"picked":"Ball Lightning","floor":18},{"not_picked":["Heatsinks","Gash"],"picked":"Redo","floor":20},{"not_picked":["Go for the Eyes","Hologram"],"picked":"Ball Lightning+1","floor":22},{"not_picked":["Auto Shields","Steam"],"picked":"FTL","floor":27},{"not_picked":["Buffer","Stack+1"],"picked":"Self Repair+1","floor":28},{"not_picked":["Buffer","Core Surge"],"picked":"Amplify","floor":33},{"not_picked":["Sweeping Beam","Barrage"],"picked":"Streamline+1","floor":34},{"not_picked":["Leap","Static Discharge"],"picked":"Beam Cell","floor":34},{"not_picked":["Sweeping Beam","Chill"],"picked":"Genetic Algorithm","floor":34},{"not_picked":["Melter","Steam Power"],"picked":"Capacitor+1","floor":34},{"not_picked":["Static Discharge","Genetic Algorithm"],"picked":"Undo","floor":34},{"not_picked":["Go for the Eyes+1","Lockon+1"],"picked":"Glacier","floor":35},{"not_picked":["Ball Lightning","Barrage"],"picked":"Darkness+1","floor":38}],"player_experience":47718,"relics_obtained":[{"floor":9,"key":"Letter Opener"},{"floor":11,"key":"Mummified Hand"},{"floor":19,"key":"Incense Burner"},{"floor":20,"key":"Red Mask"},{"floor":26,"key":"Bottled Tornado"}],"event_choices":[{"damage_healed":0,"gold_gain":0,"player_choice":"Cursed","damage_taken":0,"max_hp_gain":0,"max_hp_loss":0,"event_name":"Wheel of Change","floor":14,"gold_loss":0,"cards_obtained":["Decay"]},{"damage_healed":0,"gold_gain":0,"player_choice":"Fought Bandits","damage_taken":0,"max_hp_gain":0,"max_hp_loss":0,"event_name":"Masked Bandits","floor":20,"gold_loss":0},{"damage_healed":0,"gold_gain":0,"player_choice":"Simplicity","damage_taken":0,"max_hp_gain":0,"max_hp_loss":0,"event_name":"Back to Basics","floor":21,"gold_loss":0,"cards_upgraded":["Strike_B","Strike_B","Strike_B","Defend_B","Defend_B","Defend_B"]},{"damage_healed":0,"gold_gain":0,"player_choice":"Ignored","damage_taken":0,"max_hp_gain":0,"max_hp_loss":0,"event_name":"Beggar","floor":25,"gold_loss":0},{"damage_healed":0,"gold_gain":0,"player_choice":"Inject Mutagens","damage_taken":0,"relics_obtained":["MutagenicStrength"],"max_hp_gain":0,"max_hp_loss":0,"event_name":"Drug Dealer","floor":30,"gold_loss":0},{"damage_healed":0,"gold_gain":99,"player_choice":"Stole From Cult","damage_taken":0,"max_hp_gain":0,"max_hp_loss":0,"event_name":"Nest","floor":31,"gold_loss":0},{"cards_removed":["Doom and Gloom"],"damage_healed":0,"gold_gain":0,"player_choice":"Removed Attack","damage_taken":0,"max_hp_gain":0,"max_hp_loss":0,"event_name":"Falling","floor":36,"gold_loss":0},{"damage_healed":59,"gold_gain":0,"player_choice":"Heal","damage_taken":0,"max_hp_gain":0,"max_hp_loss":9,"event_name":"The Moai Head","floor":39,"gold_loss":0}],"is_beta":false,"boss_relics":[{"not_picked":["Astrolabe","Empty Cage"],"picked":"Lizard Tail"},{"not_picked":["Eternal Feather","FrozenCore"],"picked":"Orrery"}],"items_purged_floors":[],"is_endless":false,"potions_floor_spawned":[3,7,10,13,16,18,27,29],"killed_by":"Giant Head","ascension_level":0}