{"gold_per_floor":[111,186,186,205,185,185,220,220,293,324,340,375,394,405,405,405],"floor_reached":16,"playtime":729,"items_purged":[],"score":234,"play_id":"545ed092-e597-4318-bbef-e2d67395237e","local_time":"20190830123058","is_ascension_mode":true,"campfire_choices":[{"data":"Uppercut","floor":6,"key":"SMITH"},{"floor":8,"key":"REST"},{"data":"Bash","floor":15,"key":"SMITH"}],"neow_cost":"NONE","seed_source_timestamp":75076892096357,"circlet_count":0,"master_deck":["AscendersBane","Strike_R","Strike_R","Strike_R","Strike_R","Strike_R","Defend_R","Defend_R","Defend_R","Defend_R","Bash+1","Uppercut+1","Power Through","Offering","Corruption","Intimidate","Twin Strike"],"relics":["Burning Blood","GremlinMask","Bronze Scales","Meat on the Bone","Happy Flower","PreservedInsect"],"potions_floor_usage":[7,10,12,12,14],"damage_taken":[{"damage":11,"enemies":"Jaw Worm","floor":1,"turns":4},{"damage":9,"enemies":"2 Louse","floor":4,"turns":3},{"damage":31,"enemies":"Gremlin Nob","floor":7,"turns":6},{"damage":16,"enemies":"Lagavulin","floor":10,"turns":6},{"damage":9,"enemies":"Cultist","floor":11,"turns":4},{"damage":38,"enemies":"3 Sentries","floor":12,"turns":7},{"damage":9,"enemies":"Looter","floor":13,"turns":3},{"damage":13,"enemies":"Lots of Slimes","floor":14,"turns":3},{"damage":52,"enemies":"The Guardian","floor":16,"turns":10}],"seed_played":"6982134715344541034","potions_obtained":[{"floor":1,"key":"LiquidBronze"},{"floor":5,"key":"Block Potion"},{"floor":7,"key":"Energy Potion"},{"floor":11,"key":"AttackPotion"},{"floor":12,"key":"SkillPotion"}],"is_trial":false,"path_per_floor":["M","?","?","M","?","R","E","R","T","E","M","E","M","M","R","B"],"character_chosen":"IRONCLAD","items_purchased":[],"campfire_rested":1,"item_purchase_floors":[],"current_hp_per_floor":[70,59,59,56,56,56,31,55,55,57,54,34,43,48,48,0],"gold":405,"neow_bonus":"TEN_PERCENT_HP_BONUS","is_prod":false,"is_daily":false,"chose_seed":false,"campfire_upgraded":2,"win_rate":0,"timestamp":1567132258,"path_taken":["M","?","?","?","?","R","E","R","T","E","M","E","?","M","R","BOSS"],"build_version":"2019-07-17","purchased_purges":0,"victory":false,"max_hp_per_floor":[82,82,82,82,82,82,82,82,82,82,82,82,82,82,82,82],"card_choices":[{"not_picked":["Fire Breathing","Feel No Pain"],"picked":"Uppercut","floor":1},{"not_picked":["Fire Breathing","Anger"],"picked":"Power Through","floor":4},{"not_picked":["Reckless Charge","Wild Strike"],"picked":"Offering","floor":7},{"not_picked":["Pummel","Thunderclap"],"picked":"Corruption","floor":10},{"not_picked":["Rupture","Rage","Second Wind"],"picked":"SKIP","floor":11},{"not_picked":["Blood for Blood","Warcry"],"picked":"Intimidate","floor":12},{"not_picked":["Flex","Hemokinesis"],"picked":"Twin Strike","floor":13},{"not_picked":["Sword Boomerang","Thunderclap","Entrench"],"picked":"SKIP","floor":14}],"player_experience":1230436,"relics_obtained":[{"floor":7,"key":"Bronze Scales"},{"floor":9,"key":"Meat on the Bone"},{"floor":10,"key":"Happy Flower"},{"floor":12,"key":"PreservedInsect"}],"event_choices":[{"damage_healed":0,"gold_gain":75,"player_choice":"Gather Gold","damage_taken":11,"max_hp_gain":0,"max_hp_loss":0,"event_name":"World of Goop","floor":2,"gold_loss":0},{"damage_healed":0,"gold_gain":0,"player_choice":"Trade","damage_taken":0,"relics_obtained":["GremlinMask"],"max_hp_gain":0,"max_hp_loss":0,"event_name":"FaceTrader","floor":3,"gold_loss":0},{"damage_healed":0,"gold_gain":0,"player_choice":"Bought 1 Potion","damage_taken":0,"max_hp_gain":0,"max_hp_loss":0,"event_name":"The Woman in Blue","floor":5,"gold_loss":0}],"is_beta":false,"boss_relics":[],"items_purged_floors":[],"is_endless":false,"potions_floor_spawned":[1,7,11,12],"killed_by":"The Guardian","ascension_level":19}