{"gold_per_floor":[109,259,259,275,275,275,275,275,324,359,12,24,37,54,54,54],"floor_reached":16,"playtime":393,"items_purged":[],"score":175,"play_id":"d3a23cf4-4a3a-418b-ae99-6b0f349d2ffa","local_time":"20190723084011","is_ascension_mode":true,"campfire_choices":[{"data":"Zap","floor":6,"key":"SMITH"},{"data":"Streamline","floor":8,"key":"SMITH"},{"floor":15,"key":"REST"}],"neow_cost":"TEN_PERCENT_HP_LOSS","seed_source_timestamp":47103904631773,"circlet_count":0,"master_deck":["AscendersBane","Strike_B","Strike_B","Strike_B","Strike_B","Defend_B","Defend_B","Defend_B","Defend_B","Zap+1","Dualcast","All For One","Streamline+1","Biased Cognition","Conserve Battery","Defragment","Coolheaded","Static Discharge","Conserve Battery"],"relics":["Cracked Core","Sundial","Strawberry","Anchor","Molten Egg 2"],"potions_floor_usage":[10,10,16],"damage_taken":[{"damage":6,"enemies":"2 Louse","floor":1,"turns":2},{"damage":12,"enemies":"Jaw Worm","floor":4,"turns":3},{"damage":26,"enemies":"Lagavulin","floor":10,"turns":4},{"damage":0,"enemies":"Cultist","floor":12,"turns":2},{"damage":0,"enemies":"3 Louse","floor":13,"turns":3},{"damage":5,"enemies":"Blue Slaver","floor":14,"turns":3},{"damage":39,"enemies":"Slime Boss","floor":16,"turns":6}],"seed_played":"-3347716699433313599","potions_obtained":[{"floor":4,"key":"EssenceOfSteel"},{"floor":7,"key":"Energy Potion"},{"floor":10,"key":"Energy Potion"}],"is_trial":false,"path_per_floor":["M","?","?","M","?","R","?","R","T","E","$","M","M","M","R","B"],"character_chosen":"DEFECT","items_purchased":["Defragment","Molten Egg 2","Coolheaded"],"campfire_rested":1,"item_purchase_floors":[11,11,11],"current_hp_per_floor":[58,58,58,46,41,41,41,41,48,22,22,22,22,17,38,0],"gold":54,"neow_bonus":"THREE_RARE_CARDS","is_prod":false,"is_daily":false,"chose_seed":false,"campfire_upgraded":2,"win_rate":0,"timestamp":1563835211,"path_taken":["M","?","?","?","?","R","?","R","T","E","$","M","M","M","R","BOSS"],"build_version":"2019-07-17","purchased_purges":0,"victory":false,"max_hp_per_floor":[64,64,64,64,64,64,64,64,71,71,71,71,71,71,71,71],"card_choices":[{"not_picked":["Thunder Strike","Multi-Cast"],"picked":"All For One","floor":0},{"not_picked":["Turbo","Leap"],"picked":"Streamline","floor":1},{"not_picked":["Conserve Battery","Turbo"],"picked":"Biased Cognition","floor":4},{"not_picked":["Reinforced Body","Coolheaded"],"picked":"Conserve Battery","floor":10},{"not_picked":["Redo","Barrage+1","Rebound+1"],"picked":"SKIP","floor":12},{"not_picked":["Force Field","Streamline+1"],"picked":"Static Discharge","floor":13},{"not_picked":["Leap","Steam Power"],"picked":"Conserve Battery","floor":14}],"player_experience":1078585,"relics_obtained":[{"floor":9,"key":"Strawberry"},{"floor":10,"key":"Anchor"}],"event_choices":[{"damage_healed":0,"gold_gain":150,"player_choice":"AGREE","damage_taken":0,"max_hp_gain":0,"max_hp_loss":0,"event_name":"Liars Game","floor":2,"gold_loss":0,"cards_obtained":["Doubt"]},{"cards_removed":["Doubt"],"damage_healed":0,"gold_gain":0,"player_choice":"Removed Curses","damage_taken":0,"max_hp_gain":0,"max_hp_loss":0,"event_name":"Fountain of Cleansing","floor":3,"gold_loss":0},{"damage_healed":0,"gold_gain":0,"player_choice":"Success","damage_taken":5,"relics_obtained":["Sundial"],"max_hp_gain":0,"max_hp_loss":0,"event_name":"Scrap Ooze","floor":5,"gold_loss":0},{"damage_healed":0,"gold_gain":0,"player_choice":"Got Potions","damage_taken":0,"max_hp_gain":0,"max_hp_loss":0,"event_name":"Lab","floor":7,"gold_loss":0}],"is_beta":false,"boss_relics":[],"items_purged_floors":[],"is_endless":false,"potions_floor_spawned":[4,10],"killed_by":"Slime Boss","ascension_level":15}