{"gold_per_floor":[112,112,112,132,150,180,180,210,210,210,220,232,242,257,257,329,329,349,110,96,96,16,16],"floor_reached":23,"playtime":1391,"items_purged":["Strike_G"],"score":359,"play_id":"0e00b505-35d6-43c8-9800-76617f8b1569","local_time":"20181224123034","is_ascension_mode":true,"campfire_choices":[{"floor":7,"key":"REST"},{"floor":10,"key":"REST"},{"data":"Flechettes","floor":15,"key":"SMITH"}],"neow_cost":"NONE","seed_source_timestamp":0,"circlet_count":0,"master_deck":["AscendersBane","Defend_G","Defend_G","Defend_G","Defend_G","Defend_G","Strike_G","Strike_G","Survivor","Neutralize","Riddle With Holes","Cloak And Dagger","Flechettes+1","Slice","Night Terror","Cloak And Dagger","After Image","Backflip","Phantasmal Killer","Footwork","Enlightenment","Escape Plan"],"special_seed":0,"relics":["Ring of the Serpent","NeowsBlessing","Centennial Puzzle","Pocketwatch","Letter Opener","Regal Pillow"],"potions_floor_usage":[6,8,12,16,21,23],"damage_taken":[{"damage":0,"enemies":"2 Louse","floor":1,"turns":1},{"damage":0,"enemies":"Jaw Worm","floor":4,"turns":1},{"damage":0,"enemies":"Cultist","floor":5,"turns":1},{"damage":31,"enemies":"Gremlin Nob","floor":6,"turns":5},{"damage":18,"enemies":"Lagavulin","floor":8,"turns":8},{"damage":0,"enemies":"Blue Slaver","floor":11,"turns":6},{"damage":2,"enemies":"Exordium Thugs","floor":12,"turns":4},{"damage":3,"enemies":"Exordium Wildlife","floor":13,"turns":5},{"damage":0,"enemies":"Looter","floor":14,"turns":4},{"damage":33,"enemies":"The Guardian","floor":16,"turns":19},{"damage":18,"enemies":"Spheric Guardian","floor":18,"turns":6},{"damage":5,"enemies":"2 Thieves","floor":20,"turns":4},{"damage":3,"enemies":"Centurion and Healer","floor":21,"turns":2},{"damage":25,"enemies":"Book of Stabbing","floor":23,"turns":7}],"seed_played":"2728359055663625990","potions_obtained":[{"floor":1,"key":"Swift Potion"},{"floor":4,"key":"EssenceOfSteel"},{"floor":8,"key":"AttackPotion"},{"floor":12,"key":"SpeedPotion"},{"floor":20,"key":"SmokeBomb"}],"is_trial":false,"path_per_floor":["M","?","?","M","M","E","R","E","T","R","M","M","M","M","R","B",null,"M","$","M","M","?","E"],"character_chosen":"THE_SILENT","items_purchased":["Enlightenment","GhostInAJar"],"campfire_rested":2,"item_purchase_floors":[19,19],"current_hp_per_floor":[59,52,52,52,52,21,40,22,22,41,41,39,36,36,36,3,50,32,32,27,24,24,0],"gold":16,"neow_bonus":"THREE_ENEMY_KILL","is_prod":false,"is_daily":false,"chose_seed":false,"campfire_upgraded":1,"win_rate":0,"timestamp":1545672634,"path_taken":["M","?","?","?","M","E","R","E","T","R","M","M","M","M","R","BOSS","M","$","M","M","?","E"],"build_version":"2018-12-20","purchased_purges":1,"victory":false,"max_hp_per_floor":[66,66,66,66,66,66,66,66,66,66,66,66,66,66,66,66,66,66,66,66,66,66,66],"card_choices":[{"not_picked":["Masterful Stab","Backflip"],"picked":"Riddle With Holes","floor":1},{"not_picked":["Masterful Stab","Slice"],"picked":"Cloak And Dagger","floor":4},{"not_picked":["Prepared","Accuracy"],"picked":"Flechettes","floor":5},{"not_picked":["Outmaneuver","Deadly Poison"],"picked":"Slice","floor":6},{"not_picked":["Concentrate","Blade Dance"],"picked":"Night Terror","floor":8},{"not_picked":["Cloak And Dagger","Dagger Throw","Distraction"],"picked":"SKIP","floor":11},{"not_picked":["Poisoned Stab","Bane"],"picked":"Cloak And Dagger","floor":12},{"not_picked":["Prepared","Flying Knee"],"picked":"After Image","floor":13},{"not_picked":["Deadly Poison","Poisoned Stab"],"picked":"Backflip","floor":14},{"not_picked":["Bullet Time","Wraith Form v2"],"picked":"Phantasmal Killer","floor":16},{"not_picked":["Prepared","Crippling Poison"],"picked":"Footwork","floor":18},{"not_picked":["Cloak And Dagger","Caltrops"],"picked":"Escape Plan","floor":20}],"player_experience":960554,"relics_obtained":[{"floor":6,"key":"Centennial Puzzle"},{"floor":8,"key":"Pocketwatch"},{"floor":9,"key":"Letter Opener"}],"event_choices":[{"cards_removed":["Strike_G"],"damage_healed":0,"gold_gain":0,"player_choice":"Card Removal","damage_taken":7,"max_hp_gain":0,"max_hp_loss":0,"event_name":"Golden Wing","floor":2,"gold_loss":0},{"cards_removed":["Strike_G"],"damage_healed":0,"gold_gain":0,"player_choice":"Purged","damage_taken":0,"max_hp_gain":0,"max_hp_loss":0,"event_name":"Purifier","floor":3,"gold_loss":0},{"damage_healed":0,"gold_gain":0,"player_choice":"Paid Gold","damage_taken":0,"relics_obtained":["Regal Pillow"],"max_hp_gain":0,"max_hp_loss":0,"event_name":"WeMeetAgain","floor":22,"gold_loss":80}],"is_beta":false,"boss_relics":[{"not_picked":["Velvet Choker","Calling Bell"],"picked":"Ring of the Serpent"}],"items_purged_floors":[19],"is_endless":false,"potions_floor_spawned":[1,4,8,12,20],"killed_by":"Book of Stabbing","ascension_level":15}