{"gold_per_floor":[217,15,15,32,47,47,47,47,47,47,57,57,77,104,104,206,206,217,235,185,199,199],"floor_reached":22,"playtime":973,"items_purged":[],"score":260,"play_id":"d9bca822-d382-4ffe-9066-e22357cfc46a","local_time":"20190530190017","is_ascension_mode":true,"campfire_choices":[{"data":"Flex","floor":6,"key":"SMITH"},{"data":"Perfected Strike","floor":10,"key":"SMITH"},{"data":"Demon Form","floor":12,"key":"SMITH"},{"floor":15,"key":"REST"}],"neow_cost":"NONE","seed_source_timestamp":14527156088297,"circlet_count":0,"master_deck":["Strike_R","Strike_R+1","Strike_R","Defend_R","Defend_R","Defend_R+1","Defend_R","Bash","Shrug It Off","Perfected Strike+1","Flex+1","Anger","Demon Form+1","Power Through","Twin Strike","Limit Break","Shame","Normality","Shame","Battle Trance","Power Through","Armaments"],"relics":["Burning Blood","Medical Kit","The Courier","Bronze Scales","Calling Bell","Orichalcum","Pear","StoneCalendar"],"potions_floor_usage":[14,21,21,21,22],"damage_taken":[{"damage":0,"enemies":"Small Slimes","floor":1,"turns":3},{"damage":0,"enemies":"2 Louse","floor":4,"turns":4},{"damage":4,"enemies":"Jaw Worm","floor":5,"turns":2},{"damage":15,"enemies":"Lots of Slimes","floor":11,"turns":5},{"damage":15,"enemies":"Exordium Wildlife","floor":13,"turns":7},{"damage":20,"enemies":"Gremlin Nob","floor":14,"turns":4},{"damage":32,"enemies":"The Guardian","floor":16,"turns":7},{"damage":45,"enemies":"Shell Parasite","floor":18,"turns":7},{"damage":17,"enemies":"Spheric Guardian","floor":19,"turns":5},{"damage":17,"enemies":"Centurion and Healer","floor":21,"turns":7},{"damage":24,"enemies":"3 Cultists","floor":22,"turns":4}],"seed_played":"7102213748233819938","potions_obtained":[{"floor":13,"key":"Regen Potion"},{"floor":14,"key":"GamblersBrew"},{"floor":16,"key":"Ancient Potion"},{"floor":18,"key":"FearPotion"},{"floor":21,"key":"EssenceOfSteel"}],"is_trial":false,"path_per_floor":["M","$","?","M","M","R","?","?","T","R","M","R","M","E","R","B",null,"M","M","?","M","M"],"character_chosen":"IRONCLAD","items_purchased":["Medical Kit"],"campfire_rested":1,"item_purchase_floors":[2],"current_hp_per_floor":[78,78,62,68,70,70,70,63,63,63,54,54,45,40,64,38,80,41,30,30,19,0],"gold":199,"neow_bonus":"HUNDRED_GOLD","is_prod":false,"is_daily":false,"chose_seed":false,"campfire_upgraded":3,"win_rate":0,"timestamp":1559206817,"path_taken":["M","$","?","M","M","R","?","?","T","R","M","R","M","E","R","BOSS","M","M","?","?","M"],"build_version":"2019-01-23","purchased_purges":0,"victory":false,"max_hp_per_floor":[80,80,80,80,80,80,80,80,80,80,80,80,80,80,80,80,90,90,90,90,90,90],"card_choices":[{"not_picked":["Sword Boomerang","Flex"],"picked":"Shrug It Off","floor":1},{"not_picked":["Warcry","Thunderclap"],"picked":"Perfected Strike","floor":4},{"not_picked":["Second Wind","Iron Wave"],"picked":"Flex","floor":5},{"not_picked":["Anger","Perfected Strike"],"picked":"Demon Form","floor":11},{"not_picked":["Cleave","Clash"],"picked":"Power Through","floor":13},{"not_picked":["Iron Wave","Dual Wield"],"picked":"Twin Strike","floor":14},{"not_picked":["Immolate","Double Tap"],"picked":"Limit Break","floor":16},{"not_picked":["Blood for Blood","True Grit"],"picked":"Battle Trance","floor":18},{"not_picked":["Flex","Whirlwind+1"],"picked":"Power Through","floor":19},{"not_picked":["Pommel Strike+1","Perfected Strike"],"picked":"Armaments","floor":21}],"player_experience":753943,"relics_obtained":[{"floor":9,"key":"The Courier"},{"floor":14,"key":"Bronze Scales"},{"floor":17,"key":"Orichalcum"},{"floor":17,"key":"Pear"},{"floor":17,"key":"StoneCalendar"}],"event_choices":[{"damage_healed":0,"gold_gain":0,"player_choice":"Entered Light","damage_taken":16,"max_hp_gain":0,"max_hp_loss":0,"event_name":"Shining Light","floor":3,"gold_loss":0,"cards_upgraded":["Strike_R","Defend_R"]},{"damage_healed":0,"gold_gain":0,"cards_transformed":["Strike_R"],"player_choice":"Change","damage_taken":0,"max_hp_gain":0,"max_hp_loss":0,"event_name":"Living Wall","floor":7,"gold_loss":0,"cards_obtained":["Anger"]},{"cards_removed":["Strike_R"],"damage_healed":0,"gold_gain":0,"player_choice":"Card Removal","damage_taken":7,"max_hp_gain":0,"max_hp_loss":0,"event_name":"Golden Wing","floor":8,"gold_loss":0},{"damage_healed":0,"gold_gain":0,"player_choice":"Bet on Murderer","damage_taken":0,"max_hp_gain":0,"max_hp_loss":0,"event_name":"The Joust","floor":20,"gold_loss":50}],"is_beta":false,"boss_relics":[{"not_picked":["Runic Dome","Fusion Hammer"],"picked":"Calling Bell"}],"items_purged_floors":[],"is_endless":false,"potions_floor_spawned":[13,14,16,18,21],"killed_by":"3 Cultists","ascension_level":8}