{"gold_per_floor":[112,112,133,152,117,117,13,13,13,13,82,105,30,69,69,163,163,188,207,132,146,3,3,3,3,3,3,27,48,48,63,63,63],"floor_reached":33,"playtime":1404,"items_purged":["Strike_G"],"score":490,"play_id":"f200bcfe-5e3f-4227-ace8-7ff5d69def0a","local_time":"20190809224026","is_ascension_mode":true,"campfire_choices":[{"data":"Dagger Spray","floor":6.0,"key":"SMITH"},{"data":"Dodge and Roll","floor":8.0,"key":"SMITH"},{"data":"Neutralize","floor":10.0,"key":"SMITH"},{"data":"Caltrops","floor":15.0,"key":"SMITH"},{"data":"Noxious Fumes","floor":23.0,"key":"SMITH"},{"data":"Deadly Poison","floor":27.0,"key":"SMITH"},{"floor":32,"key":"REST"}],"neow_cost":"NONE","seed_source_timestamp":545750022752123,"circlet_count":0,"master_deck":["AscendersBane","Defend_G","Defend_G","Defend_G","Defend_G","Defend_G","Survivor","Neutralize+1","Dagger Spray+1","Injury","Backstab","Dodge and Roll+1","Flying Knee","Caltrops+1","Endless Agony","Die Die Die","Heel Hook+1","Flying Knee+1","Crippling Poison+1","Backflip","Deadly Poison+1","Dagger Throw","Noxious Fumes+1","PiercingWail","Backflip","Leg Sweep+1"],"special_seed":0,"relics":["Ring of the Snake","Golden Idol","PreservedInsect","Kunai","Thread and Needle","Astrolabe","Happy Flower"],"potions_floor_usage":[33],"damage_taken":[{"damage":4.0,"enemies":"Small Slimes","floor":1.0,"turns":4.0},{"damage":1.0,"enemies":"2 Louse","floor":3.0,"turns":2.0},{"damage":7.0,"enemies":"Jaw Worm","floor":4.0,"turns":4.0},{"damage":5.0,"enemies":"Exordium Thugs","floor":12.0,"turns":6.0},{"damage":21.0,"enemies":"Lagavulin","floor":14.0,"turns":6.0},{"damage":16.0,"enemies":"Hexaghost","floor":16.0,"turns":14.0},{"damage":5.0,"enemies":"Shell Parasite","floor":18.0,"turns":4.0},{"damage":10.0,"enemies":"Spheric Guardian","floor":19.0,"turns":4.0},{"damage":14.0,"enemies":"Snake Plant","floor":21.0,"turns":3.0},{"damage":8.0,"enemies":"Snecko","floor":28.0,"turns":6.0},{"damage":4.0,"enemies":"Centurion and Healer","floor":29.0,"turns":7.0},{"damage":0,"enemies":"Snake Plant","floor":31,"turns":5},{"damage":88,"enemies":"Collector","floor":33,"turns":9}],"seed_played":"-5941792783811813911","potions_obtained":[{"floor":1.0,"key":"Block Potion"},{"floor":14.0,"key":"SkillPotion"},{"floor":18.0,"key":"SteroidPotion"},{"floor":19.0,"key":"GamblersBrew"},{"floor":29.0,"key":"SneckoOil"},{"floor":31,"key":"FairyPotion"}],"is_trial":false,"path_per_floor":["M","?","M","M","?","R","$","R","T","R","T","M","$","E","R","B",null,"M","M","?","M","$","R","?","?","T","R","M","M","$","M","R","B"],"character_chosen":"THE_SILENT","items_purchased":["Flying Knee","Caltrops","Noxious Fumes","PiercingWail"],"campfire_rested":1,"item_purchase_floors":[7,13,22,22],"current_hp_per_floor":[61,61,60,53,71,71,71,71,71,71,71,66,66,45,45,29,61,56,46,46,32,32,32,32,32,32,32,24,20,20,20,41,0],"gold":63,"neow_bonus":"TEN_PERCENT_HP_BONUS","is_prod":false,"is_daily":false,"chose_seed":false,"campfire_upgraded":6,"win_rate":0,"timestamp":1565408426,"path_taken":["M","?","M","M","?","R","$","R","T","R","?","M","$","E","R","BOSS","M","M","?","M","$","R","?","?","T","R","?","M","?","?","R","BOSS"],"build_version":"2019-07-17","purchased_purges":1,"victory":false,"max_hp_per_floor":[72,72,72,72,72,72,72,72,72,72,72,72,72,72,72,72,72,72,72,72,72,72,72,72,72,72,72,72,72,72,72,72,72],"card_choices":[{"not_picked":["Sucker Punch","PiercingWail"],"picked":"Dagger Spray","floor":1.0},{"not_picked":["Eviscerate","Well Laid Plans"],"picked":"Backstab","floor":3.0},{"not_picked":["Underhanded Strike","PiercingWail"],"picked":"Dodge and Roll","floor":4.0},{"not_picked":["Outmaneuver","Bane","Quick Slash"],"picked":"SKIP","floor":12.0},{"not_picked":["Bane","Slice"],"picked":"Endless Agony","floor":14.0},{"not_picked":["Phantasmal Killer","Malaise"],"picked":"Die Die Die","floor":16.0},{"not_picked":["Outmaneuver","Flying Knee+1"],"picked":"Backflip","floor":18.0},{"not_picked":["Prepared","Dagger Throw"],"picked":"Deadly Poison","floor":19.0},{"not_picked":["Dash","Escape Plan"],"picked":"Dagger Throw","floor":21.0},{"not_picked":["Terror","Setup"],"picked":"Backflip","floor":28.0},{"not_picked":["Poisoned Stab","Quick Slash"],"picked":"Leg Sweep+1","floor":29.0},{"not_picked":["Quick Slash","Tactician","Outmaneuver+1"],"picked":"SKIP","floor":31}],"player_experience":264618,"relics_obtained":[{"floor":9.0,"key":"PreservedInsect"},{"floor":11.0,"key":"Kunai"},{"floor":14.0,"key":"Thread and Needle"},{"floor":26.0,"key":"Happy Flower"}],"event_choices":[{"damage_healed":0.0,"max_hp_gain":0.0,"max_hp_loss":0.0,"gold_gain":0.0,"event_name":"Golden Idol","player_choice":"Take Wound","floor":2.0,"gold_loss":0.0,"damage_taken":0.0,"relics_obtained":["Golden Idol"],"cards_obtained":["Injury"]},{"damage_healed":18.0,"max_hp_gain":0.0,"max_hp_loss":0.0,"gold_gain":0.0,"event_name":"The Cleric","player_choice":"Healed","floor":5.0,"gold_loss":35.0,"damage_taken":0.0},{"cards_removed":["Strike_G"],"damage_healed":0.0,"max_hp_gain":0.0,"max_hp_loss":0.0,"gold_gain":0.0,"event_name":"Beggar","player_choice":"Gave Gold","floor":20.0,"gold_loss":75.0,"damage_taken":0.0},{"damage_healed":0.0,"max_hp_gain":0.0,"max_hp_loss":0.0,"gold_gain":0.0,"event_name":"Ghosts","player_choice":"Ignored","floor":24.0,"gold_loss":0.0,"damage_taken":0.0}],"is_beta":false,"boss_relics":[{"not_picked":["Tiny House","Calling Bell"],"picked":"Astrolabe"}],"items_purged_floors":[7],"is_endless":false,"potions_floor_spawned":[1,14,18,19,29,31],"killed_by":"Collector","ascension_level":20}