{"gold_per_floor":[13,26,44,55,69,69,100,100,100,100,150,177,191,210,210,283,283,296,50,50,102,47,47,47],"floor_reached":24,"playtime":1105,"items_purged":["Strike_G"],"score":412,"play_id":"6aee75bd-002f-4d5a-a305-5d7132d20a0b","local_time":"20190502122527","is_ascension_mode":true,"campfire_choices":[{"data":"Terror","floor":6,"key":"SMITH"},{"data":"Deflect","floor":8,"key":"SMITH"},{"floor":10,"key":"REST"},{"floor":15,"key":"REST"},{"floor":23,"key":"REST"}],"neow_cost":"NO_GOLD","seed_source_timestamp":698296946497606,"circlet_count":0,"master_deck":["AscendersBane","Defend_G","Defend_G","Defend_G","Defend_G","Defend_G","Strike_G","Strike_G","Strike_G","Strike_G","Survivor","Neutralize","Dagger Throw+1","Dagger Throw","Terror+1","Skewer+1","Noxious Fumes","Poisoned Stab","Deflect+1","Die Die Die","Backflip","Dodge and Roll","Backstab","Cloak And Dagger","Blur","Calculated Gamble","Well Laid Plans","Storm of Steel","Backflip","Concentrate"],"relics":["Ring of the Serpent","Prayer Wheel","Whetstone","Kunai","Omamori","Happy Flower","Boot","Unceasing Top"],"potions_floor_usage":[4,7,14,16],"damage_taken":[{"damage":6,"enemies":"2 Louse","floor":1,"turns":4},{"damage":0,"enemies":"Cultist","floor":2,"turns":3},{"damage":3,"enemies":"Small Slimes","floor":3,"turns":4},{"damage":13,"enemies":"Exordium Wildlife","floor":4,"turns":4},{"damage":4,"enemies":"Blue Slaver","floor":5,"turns":3},{"damage":21,"enemies":"Lagavulin","floor":7,"turns":6},{"damage":11,"enemies":"3 Sentries","floor":12,"turns":6},{"damage":0,"enemies":"Red Slaver","floor":13,"turns":3},{"damage":1,"enemies":"Exordium Thugs","floor":14,"turns":5},{"damage":9,"enemies":"Slime Boss","floor":16,"turns":7},{"damage":4,"enemies":"Chosen","floor":18,"turns":3},{"damage":64,"enemies":"Slavers","floor":24,"turns":5}],"seed_played":"1179858191956163992","potions_obtained":[{"floor":1,"key":"SpeedPotion"},{"floor":3,"key":"AttackPotion"},{"floor":5,"key":"PowerPotion"},{"floor":13,"key":"FearPotion"}],"is_trial":false,"path_per_floor":["M","M","M","M","M","R","E","R","T","R","?","E","M","M","R","B",null,"M","$","?","T","?","R","E"],"character_chosen":"THE_SILENT","items_purchased":["Happy Flower"],"campfire_rested":3,"item_purchase_floors":[19],"current_hp_per_floor":[53,53,50,37,33,33,12,12,12,31,31,20,20,19,38,29,57,53,53,35,35,35,56,0],"gold":47,"neow_bonus":"ONE_RARE_RELIC","is_prod":false,"is_daily":false,"chose_seed":false,"campfire_upgraded":2,"win_rate":0,"timestamp":1556814327,"path_taken":["M","M","M","M","M","R","E","R","T","R","?","E","?","M","R","BOSS","M","$","?","?","?","R","E"],"build_version":"2019-01-23","purchased_purges":1,"victory":false,"max_hp_per_floor":[66,66,66,66,66,66,66,66,66,66,66,66,66,66,66,66,66,66,66,71,71,71,71,71],"card_choices":[{"not_picked":["Concentrate","Accuracy"],"picked":"Dagger Throw","floor":1},{"not_picked":["Bane","Distraction"],"picked":"Dagger Throw","floor":1},{"not_picked":["Deadly Poison","Dodge and Roll"],"picked":"Terror","floor":2},{"not_picked":["Deflect","Endless Agony"],"picked":"Skewer","floor":2},{"not_picked":["Escape Plan","Predator"],"picked":"Noxious Fumes","floor":3},{"not_picked":["Bane","Tactician"],"picked":"Poisoned Stab","floor":3},{"not_picked":["Bouncing Flask","Distraction"],"picked":"Deflect","floor":4},{"not_picked":["Terror","Dash"],"picked":"Die Die Die","floor":4},{"not_picked":["Masterful Stab","Sucker Punch"],"picked":"Backflip","floor":5},{"not_picked":["Prepared","Quick Slash"],"picked":"Dodge and Roll","floor":5},{"not_picked":["Outmaneuver","Dodge and Roll"],"picked":"Backstab","floor":7},{"not_picked":["Bouncing Flask","Bane"],"picked":"Cloak And Dagger","floor":12},{"not_picked":["Prepared","Underhanded Strike"],"picked":"Blur","floor":13},{"not_picked":["Riddle With Holes","Grand Finale","Dagger Throw"],"picked":"SKIP","floor":13},{"not_picked":["Underhanded Strike","Dodge and Roll"],"picked":"Calculated Gamble","floor":14},{"not_picked":["Blur","Dagger Throw"],"picked":"Well Laid Plans","floor":14},{"not_picked":["Phantasmal Killer","Tools of the Trade"],"picked":"Storm of Steel","floor":16},{"not_picked":["Deflect","Blur"],"picked":"Backflip","floor":18},{"not_picked":["Endless Agony","Cloak And Dagger"],"picked":"Concentrate","floor":18}],"player_experience":1354745,"relics_obtained":[{"floor":7,"key":"Whetstone"},{"floor":9,"key":"Kunai"},{"floor":12,"key":"Omamori"},{"floor":21,"key":"Boot"}],"event_choices":[{"damage_healed":0,"gold_gain":50,"player_choice":"Pray","damage_taken":0,"max_hp_gain":0,"max_hp_loss":0,"event_name":"Golden Shrine","floor":11,"gold_loss":0},{"damage_healed":0,"gold_gain":0,"player_choice":"Shed Blood","damage_taken":23,"max_hp_gain":5,"max_hp_loss":0,"event_name":"Forgotten Altar","floor":20,"gold_loss":0},{"damage_healed":0,"gold_gain":0,"player_choice":"Paid Gold","damage_taken":0,"relics_obtained":["Unceasing Top"],"max_hp_gain":0,"max_hp_loss":0,"event_name":"WeMeetAgain","floor":22,"gold_loss":55}],"is_beta":false,"boss_relics":[{"not_picked":["Ectoplasm","Runic Dome"],"picked":"Ring of the Serpent"}],"items_purged_floors":[19],"is_endless":false,"potions_floor_spawned":[1,3,5,13],"killed_by":"Slavers","ascension_level":20}