{"gold_per_floor":[113,123,142,317,29,64,64,64,64,82,52,52],"floor_reached":12,"playtime":628,"items_purged":["Doubt"],"score":121,"play_id":"fdaad7fb-6b5c-4796-9460-9844650eb7fd","local_time":"20181128112757","is_ascension_mode":true,"campfire_choices":[{"floor":7,"key":"REST"}],"neow_cost":"NONE","seed_source_timestamp":830657584060331,"circlet_count":0,"master_deck":["AscendersBane","Defend_G","Defend_G","Defend_G","Defend_G","Defend_G","Strike_G","Strike_G+1","Strike_G","Strike_G","Survivor","Neutralize","PiercingWail","Eviscerate+1","Eviscerate","Cloak And Dagger","Footwork","Prepared","Escape Plan","Dagger Throw","Prepared"],"relics":["Ring of the Snake","Whetstone","Prayer Wheel","Blue Candle","Shuriken"],"potions_floor_usage":[3,6],"damage_taken":[{"damage":0,"enemies":"2 Louse","floor":1,"turns":5},{"damage":1,"enemies":"Jaw Worm","floor":2,"turns":7},{"damage":10,"enemies":"Cultist","floor":3,"turns":6},{"damage":41,"enemies":"Gremlin Nob","floor":6,"turns":5},{"damage":2,"enemies":"Lots of Slimes","floor":10,"turns":7},{"damage":5,"enemies":"Looter","floor":11,"turns":4},{"damage":33,"enemies":"3 Sentries","floor":12,"turns":4}],"seed_played":"-4699443307885327588","potions_obtained":[{"floor":2,"key":"SteroidPotion"},{"floor":3,"key":"SneckoOil"},{"floor":10,"key":"FearPotion"}],"is_trial":false,"path_per_floor":["M","M","M","?","$","E","R","?","T","M","M","E"],"character_chosen":"THE_SILENT","items_purchased":["Whetstone","Footwork"],"campfire_rested":1,"item_purchase_floors":[5,5],"current_hp_per_floor":[63,62,52,52,52,11,32,32,32,30,25,0],"gold":52,"neow_bonus":"TRANSFORM_CARD","is_prod":false,"is_daily":false,"chose_seed":false,"campfire_upgraded":0,"win_rate":0,"timestamp":1543422477,"path_taken":["M","M","M","?","$","E","R","?","T","M","M","E"],"build_version":"2018-11-15","purchased_purges":1,"victory":false,"max_hp_per_floor":[70,70,70,70,70,70,70,70,70,70,70,70],"card_choices":[{"not_picked":["Quick Slash","Catalyst"],"picked":"Eviscerate","floor":1},{"not_picked":["Dodge and Roll","PiercingWail"],"picked":"Eviscerate","floor":2},{"not_picked":["Flying Knee","Envenom"],"picked":"Cloak And Dagger","floor":3},{"not_picked":["Choke","Caltrops","Blade Dance"],"picked":"SKIP","floor":6},{"not_picked":["Catalyst","Poisoned Stab"],"picked":"Prepared","floor":10},{"not_picked":["Endless Agony","Footwork"],"picked":"Escape Plan","floor":10},{"not_picked":["Dagger Spray","Sucker Punch"],"picked":"Dagger Throw","floor":11},{"not_picked":["Calculated Gamble","Backflip"],"picked":"Prepared","floor":11}],"player_experience":724837,"relics_obtained":[{"floor":6,"key":"Prayer Wheel"},{"floor":9,"key":"Shuriken"}],"event_choices":[{"damage_healed":0,"gold_gain":175,"player_choice":"AGREE","damage_taken":0,"max_hp_gain":0,"max_hp_loss":0,"event_name":"Liars Game","floor":4,"gold_loss":0,"cards_obtained":["Doubt"]},{"damage_healed":0,"gold_gain":0,"player_choice":"Searched \u00272\u0027 times","damage_taken":0,"relics_obtained":["Blue Candle"],"max_hp_gain":0,"max_hp_loss":0,"event_name":"Dead Adventurer","floor":8,"gold_loss":0}],"is_beta":false,"boss_relics":[],"items_purged_floors":[5],"is_endless":false,"potions_floor_spawned":[2,3,10],"killed_by":"3 Sentries","ascension_level":11}