{"gold_per_floor":[119,133,181,209,238,281,293,334,346,358,370,395,422,8,8,82,82,96,106,106,121,12,12,12,12,12,12,12,12,84,112,112,112],"floor_reached":33,"playtime":1260,"items_purged":[],"score":503,"play_id":"b670d9a3-58b0-440b-8402-75b4d5965dbd","local_time":"20190723053736","is_ascension_mode":true,"campfire_choices":[{"data":"Recycle","floor":7,"key":"SMITH"},{"floor":10,"key":"REST"},{"floor":15,"key":"REST"},{"floor":23,"key":"REST"},{"data":"Defragment","floor":25,"key":"SMITH"},{"data":"Machine Learning","floor":27,"key":"SMITH"},{"data":"Chill","floor":29,"key":"SMITH"},{"data":"Hologram","floor":32,"key":"SMITH"}],"neow_cost":"TEN_PERCENT_HP_LOSS","seed_source_timestamp":35279679869523,"circlet_count":0,"master_deck":["AscendersBane","Defend_B","Defend_B","Defend_B","Defend_B","Zap","Dualcast","Recycle+1","Sweeping Beam","Streamline","Tempest","Go for the Eyes+1","Chill+1","Melter+1","Electrodynamics","Sunder+1","Glacier","Doom and Gloom+1","Machine Learning+1","Compile Driver+1","Seek+1","Turbo+1","Hologram+1","Ball Lightning+1","Bite+1","Bite+1","Bite+1","Bite+1","Bite+1","Cold Snap+1","Defragment+1","FTL+1","Conserve Battery"],"relics":["Cracked Core","Incense Burner","MawBank","Molten Egg 2","Centennial Puzzle","Question Card","Bottled Flame","Astrolabe","Bottled Tornado","Meat on the Bone","WingedGreaves"],"potions_floor_usage":[6,6,8,16,19,21,31],"damage_taken":[{"damage":1,"enemies":"Cultist","floor":1,"turns":3},{"damage":11,"enemies":"Small Slimes","floor":2,"turns":3},{"damage":6,"enemies":"Jaw Worm","floor":4,"turns":4},{"damage":1,"enemies":"Exordium Wildlife","floor":5,"turns":3},{"damage":22,"enemies":"Gremlin Nob","floor":6,"turns":3},{"damage":3,"enemies":"3 Sentries","floor":8,"turns":5},{"damage":0,"enemies":"Exordium Thugs","floor":12,"turns":4},{"damage":2,"enemies":"Blue Slaver","floor":13,"turns":3},{"damage":28,"enemies":"Hexaghost","floor":16,"turns":10},{"damage":18,"enemies":"2 Thieves","floor":18,"turns":3},{"damage":0,"enemies":"3 Byrds","floor":19,"turns":4},{"damage":38,"enemies":"Cultist and Chosen","floor":21,"turns":5},{"damage":25,"enemies":"Book of Stabbing","floor":31,"turns":6},{"damage":52,"enemies":"Automaton","floor":33,"turns":6}],"seed_played":"40706069805759575","potions_obtained":[{"floor":2,"key":"PowerPotion"},{"floor":4,"key":"Energy Potion"},{"floor":6,"key":"EssenceOfSteel"},{"floor":13,"key":"SkillPotion"},{"floor":16,"key":"Fruit Juice"},{"floor":18,"key":"AttackPotion"},{"floor":21,"key":"EssenceOfSteel"}],"is_trial":false,"path_per_floor":["M","M","T","M","M","E","R","E","T","R","?","M","M","$","R","B",null,"M","M","?","M","$","R","$","R","T","R","$","R","T","E","R","B"],"character_chosen":"DEFECT","items_purchased":["Sunder+1","Bottled Flame","Glacier","Doom and Gloom+1","Defragment","FTL+1"],"campfire_rested":3,"item_purchase_floors":[14,14,14,14,22,22],"current_hp_per_floor":[63,52,52,46,45,23,23,20,20,39,39,39,37,37,56,28,55,37,37,37,16,16,30,30,30,30,30,30,30,30,35,35,0],"gold":112,"neow_bonus":"ONE_RARE_RELIC","is_prod":false,"is_daily":false,"chose_seed":false,"campfire_upgraded":5,"win_rate":0,"timestamp":1563824256,"path_taken":["M","?","?","?","M","E","R","E","T","R","?","M","M","?","R","BOSS","M","M","?","M","?","R","$","R","T","R","?","R","?","E","R","BOSS"],"build_version":"2019-07-17","purchased_purges":0,"victory":false,"max_hp_per_floor":[64,64,64,64,64,64,64,64,64,64,64,64,64,64,64,64,64,64,64,44,49,49,49,49,49,49,49,49,49,49,49,49,49],"card_choices":[{"not_picked":["Steam","Rebound"],"picked":"Recycle","floor":1},{"not_picked":["Glacier","Blizzard"],"picked":"Sweeping Beam","floor":2},{"not_picked":["Steam","Meteor Strike"],"picked":"Streamline","floor":4},{"not_picked":["Leap","Rebound"],"picked":"Tempest","floor":5},{"not_picked":["Recycle","Steam"],"picked":"Go for the Eyes","floor":6},{"not_picked":["Rip and Tear+1","Leap"],"picked":"Chill","floor":8},{"not_picked":["Rip and Tear+1","Chill","Aggregate"],"picked":"Melter+1","floor":12},{"not_picked":["Skim","Leap","Streamline+1"],"picked":"Electrodynamics","floor":13},{"not_picked":["All For One+1","Multi-Cast","Buffer"],"picked":"Machine Learning","floor":16},{"not_picked":["Go for the Eyes+1","Coolheaded","Barrage+1"],"picked":"Hologram","floor":18},{"not_picked":["Go for the Eyes+1","Conserve Battery+1","Steam Power"],"picked":"Ball Lightning+1","floor":19},{"not_picked":["Sweeping Beam+1","Coolheaded","Steam+1"],"picked":"Cold Snap+1","floor":21},{"not_picked":["Double Energy","Rainbow","Heatsinks"],"picked":"Conserve Battery","floor":31}],"player_experience":1074782,"relics_obtained":[{"floor":3,"key":"MawBank"},{"floor":6,"key":"Molten Egg 2"},{"floor":8,"key":"Centennial Puzzle"},{"floor":9,"key":"Question Card"},{"floor":26,"key":"Bottled Tornado"},{"floor":30,"key":"Meat on the Bone"},{"floor":31,"key":"WingedGreaves"}],"event_choices":[{"damage_healed":0,"gold_gain":0,"player_choice":"Ignored","damage_taken":0,"max_hp_gain":0,"max_hp_loss":0,"event_name":"Liars Game","floor":11,"gold_loss":0},{"damage_healed":0,"gold_gain":0,"player_choice":"Became a vampire","damage_taken":0,"max_hp_gain":0,"max_hp_loss":20,"event_name":"Vampires","floor":20,"gold_loss":0,"cards_obtained":["Bite","Bite","Bite","Bite","Bite"]}],"is_beta":false,"boss_relics":[{"not_picked":["Pandora\u0027s Box","Orrery"],"picked":"Astrolabe"}],"items_purged_floors":[],"is_endless":false,"potions_floor_spawned":[2,4,6,13,16,18,21],"killed_by":"Automaton","ascension_level":15}