{"gold_per_floor":[12,12,12,25,44,44,79,79,106,106,131,143,155,183,195,281,293,324,336,48,65,77,77,77,77,100,100,100],"floor_reached":28,"playtime":817,"items_purged":[],"score":414,"play_id":"68e452d4-e145-4843-894e-17dfe349ae8d","local_time":"20190808073837","is_ascension_mode":true,"campfire_choices":[{"data":"Uppercut","floor":6,"key":"SMITH"},{"floor":8,"key":"REST"},{"data":"Bash","floor":10,"key":"SMITH"},{"floor":13,"key":"REST"},{"data":"Whirlwind","floor":15,"key":"SMITH"},{"floor":23,"key":"REST"},{"data":"Heavy Blade","floor":25,"key":"SMITH"},{"data":"Clothesline","floor":27,"key":"SMITH"}],"neow_cost":"NO_GOLD","seed_source_timestamp":97463261473796,"circlet_count":0,"master_deck":["AscendersBane","Strike_R","Strike_R","Strike_R","Strike_R","Defend_R","Defend_R","Defend_R","Defend_R","Bash+1","Fiend Fire","Uppercut+1","Heavy Blade+1","Clothesline+1","Metallicize+1","Whirlwind+1","Wild Strike","Berserk+1","Feel No Pain+1","Disarm","Inflame+1","Anger","Shame"],"relics":["Burning Blood","Bag of Preparation","Frozen Egg 2","Art of War","MawBank","Eternal Feather","Anchor","Ornamental Fan","Blood Vial"],"potions_floor_usage":[11,14,14,28],"damage_taken":[{"damage":0,"enemies":"Cultist","floor":1,"turns":2},{"damage":7,"enemies":"Small Slimes","floor":4,"turns":4},{"damage":0,"enemies":"Jaw Worm","floor":5,"turns":1},{"damage":42,"enemies":"3 Sentries","floor":7,"turns":10},{"damage":26,"enemies":"Lagavulin","floor":11,"turns":7},{"damage":21,"enemies":"Exordium Thugs","floor":14,"turns":7},{"damage":44,"enemies":"Slime Boss","floor":16,"turns":10},{"damage":52,"enemies":"3 Byrds","floor":18,"turns":4},{"damage":0,"enemies":"Chosen","floor":21,"turns":5},{"damage":26,"enemies":"Snake Plant","floor":22,"turns":5},{"damage":78,"enemies":"Slavers","floor":28,"turns":4}],"seed_played":"-2387667203749001441","potions_obtained":[{"floor":4,"key":"SneckoOil"},{"floor":5,"key":"FearPotion"},{"floor":11,"key":"Regen Potion"},{"floor":21,"key":"SpeedPotion"}],"is_trial":false,"path_per_floor":["M","?","?","M","M","R","E","R","T","R","E","?","R","M","R","B",null,"M","?","$","M","M","R","?","R","T","R","E"],"character_chosen":"IRONCLAD","items_purchased":["Anchor","Disarm","Strength Potion"],"campfire_rested":3,"item_purchase_floors":[20,20,20],"current_hp_per_floor":[74,74,74,73,75,75,39,61,61,61,41,41,63,60,60,22,62,16,31,31,37,17,51,51,63,63,75,0],"gold":100,"neow_bonus":"THREE_RARE_CARDS","is_prod":false,"is_daily":false,"chose_seed":false,"campfire_upgraded":5,"win_rate":0,"timestamp":1565213917,"path_taken":["M","?","?","M","?","R","E","R","T","R","E","?","R","M","R","BOSS","M","?","$","M","M","R","?","R","T","R","E"],"build_version":"2019-07-17","purchased_purges":0,"victory":false,"max_hp_per_floor":[75,75,75,75,75,75,75,75,75,75,75,75,75,75,75,75,75,75,75,75,75,75,75,75,75,75,75,75],"card_choices":[{"not_picked":["Dark Embrace","Bludgeon"],"picked":"Fiend Fire","floor":0},{"not_picked":["Armaments","Iron Wave"],"picked":"Uppercut","floor":1},{"not_picked":["Iron Wave","Sword Boomerang"],"picked":"Heavy Blade","floor":4},{"not_picked":["Armaments","Reckless Charge"],"picked":"Clothesline","floor":5},{"not_picked":["Brutality","Rampage"],"picked":"Metallicize","floor":7},{"not_picked":["Wild Strike","Havoc"],"picked":"Whirlwind","floor":11},{"not_picked":["Armaments","Iron Wave"],"picked":"Wild Strike","floor":14},{"not_picked":["Immolate","Brutality+1"],"picked":"Berserk+1","floor":16},{"not_picked":["Flame Barrier","Blood for Blood"],"picked":"Feel No Pain+1","floor":18},{"not_picked":["True Grit","Cleave"],"picked":"Inflame+1","floor":21},{"not_picked":["True Grit","Fire Breathing+1"],"picked":"Anger","floor":22}],"player_experience":1175062,"relics_obtained":[{"floor":7,"key":"Frozen Egg 2"},{"floor":9,"key":"Art of War"},{"floor":11,"key":"MawBank"},{"floor":26,"key":"Blood Vial"}],"event_choices":[{"damage_healed":0,"gold_gain":0,"cards_transformed":["Strike_R"],"player_choice":"Change","damage_taken":0,"max_hp_gain":0,"max_hp_loss":0,"event_name":"Living Wall","floor":2,"gold_loss":0,"cards_obtained":["Metallicize"]},{"cards_removed":["Metallicize"],"damage_healed":0,"gold_gain":0,"player_choice":"Gave Card","damage_taken":0,"relics_obtained":["Bag of Preparation"],"max_hp_gain":0,"max_hp_loss":0,"event_name":"WeMeetAgain","floor":3,"gold_loss":0},{"damage_healed":0,"gold_gain":0,"player_choice":"Ignored","damage_taken":0,"max_hp_gain":0,"max_hp_loss":0,"event_name":"Liars Game","floor":12,"gold_loss":0},{"damage_healed":15,"gold_gain":0,"player_choice":"Heal","damage_taken":0,"max_hp_gain":0,"max_hp_loss":0,"event_name":"The Library","floor":19,"gold_loss":0},{"damage_healed":0,"gold_gain":0,"player_choice":"Stole Relic","damage_taken":0,"relics_obtained":["Ornamental Fan"],"max_hp_gain":0,"max_hp_loss":0,"event_name":"Addict","floor":24,"gold_loss":0,"cards_obtained":["Shame"]}],"is_beta":false,"boss_relics":[{"not_picked":["Runic Dome","Calling Bell"],"picked":"Eternal Feather"}],"items_purged_floors":[],"is_endless":false,"potions_floor_spawned":[4,5,11,21],"killed_by":"Slavers","ascension_level":17}