{"gold_per_floor":[114,189,189,207,482,482,500,527,527,527],"floor_reached":10,"playtime":281,"items_purged":[],"score":99,"play_id":"56fa04fe-80f7-48c8-898a-f1826229d1c5","local_time":"20181104172604","is_ascension_mode":true,"campfire_choices":[{"data":"Genetic Algorithm","floor":6,"key":"SMITH"}],"neow_cost":"NONE","seed_source_timestamp":683692583261659,"circlet_count":0,"master_deck":["AscendersBane","Strike_B","Strike_B","Strike_B","Strike_B","Defend_B","Defend_B","Defend_B","Defend_B","Zap","Dualcast","Genetic Algorithm+1","FTL","Regret","Rebound","Undo"],"relics":["Cracked Core","Vajra","Dead Branch","Matryoshka"],"potions_floor_usage":[8],"damage_taken":[{"damage":4,"enemies":"Small Slimes","floor":1,"turns":3},{"damage":0,"enemies":"2 Louse","floor":4,"turns":2},{"damage":2,"enemies":"Cultist","floor":7,"turns":3},{"damage":48,"enemies":"Lagavulin","floor":8,"turns":6},{"damage":10,"enemies":"Blue Slaver","floor":10,"turns":2}],"seed_played":"-6127467699398811434","potions_obtained":[{"floor":1,"key":"AttackPotion"},{"floor":8,"key":"LiquidBronze"}],"is_trial":false,"path_per_floor":["M","?","?","M","?","R","M","E","T","M"],"character_chosen":"DEFECT","items_purchased":[],"campfire_rested":0,"item_purchase_floors":[],"current_hp_per_floor":[64,53,58,58,58,58,56,8,8,0],"gold":527,"neow_bonus":"RANDOM_COMMON_RELIC","is_prod":false,"is_daily":false,"chose_seed":false,"campfire_upgraded":1,"win_rate":0,"timestamp":1541370364,"path_taken":["M","?","?","M","?","R","M","E","T","?"],"build_version":"2018-11-01","purchased_purges":0,"victory":false,"max_hp_per_floor":[75,75,80,80,80,80,80,80,80,80],"card_choices":[{"not_picked":["Storm","Rebound"],"picked":"Genetic Algorithm","floor":1},{"not_picked":["Turbo","Redo"],"picked":"FTL","floor":4},{"not_picked":["Ball Lightning","Compile Driver"],"picked":"Rebound","floor":7},{"not_picked":["Capacitor","Beam Cell"],"picked":"Undo","floor":8}],"player_experience":604124,"relics_obtained":[{"floor":8,"key":"Dead Branch"},{"floor":9,"key":"Matryoshka"}],"event_choices":[{"damage_healed":0,"gold_gain":75,"player_choice":"Gather Gold","damage_taken":11,"max_hp_gain":0,"max_hp_loss":0,"event_name":"World of Goop","floor":2,"gold_loss":0},{"damage_healed":0,"gold_gain":0,"player_choice":"Donut","damage_taken":0,"max_hp_gain":5,"max_hp_loss":0,"event_name":"Big Fish","floor":3,"gold_loss":0},{"damage_healed":0,"gold_gain":275,"player_choice":"Desecrate","damage_taken":0,"max_hp_gain":0,"max_hp_loss":0,"event_name":"Golden Shrine","floor":5,"gold_loss":0,"cards_obtained":["Regret"]}],"is_beta":false,"boss_relics":[],"items_purged_floors":[],"is_endless":false,"potions_floor_spawned":[1,8],"killed_by":"Blue Slaver","ascension_level":10}