{"gold_per_floor":[114,114,11,23,23,80,99,126,172,172,172,172,188,198,198,298,298,308,324,335,345,364,364,324,7,7,17,17,17,37,37,37,37],"floor_reached":33,"playtime":1023,"items_purged":[],"score":284,"play_id":"45389cfa-b147-4363-8176-0e46310b6251","local_time":"20190328174347","is_ascension_mode":false,"campfire_choices":[{"data":"Armaments","floor":10,"key":"SMITH"},{"data":"Clothesline","floor":12,"key":"SMITH"},{"data":"Reckless Charge","floor":15,"key":"SMITH"},{"floor":23,"key":"REST"},{"floor":28,"key":"RECALL"},{"floor":32,"key":"REST"}],"neow_cost":"NONE","seed_source_timestamp":13067503647441,"circlet_count":0,"master_deck":["Strike_R","Strike_R","Strike_R","Strike_R","Strike_R","Defend_R+1","Defend_R","Defend_R","Bash","Armaments+1","Carnage","Reckless Charge+1","Blood for Blood","Sentinel","Clothesline+1","Metallicize","Anger","Metallicize","Disarm+1","Reaper","Entrench+1","Thunderclap","Blood for Blood","Sever Soul","Burning Pact","Uppercut+1","Inflame","Intimidate","Anger","Shrug It Off","Anger","Headbutt+1"],"relics":["Burning Blood","NeowsBlessing","Bag of Marbles","Tiny Chest","Juzu Bracelet","Dream Catcher","Philosopher\u0027s Stone","War Paint","Nilry\u0027s Codex"],"potions_floor_usage":[19,21,21,30,30],"damage_taken":[{"damage":0,"enemies":"Cultist","floor":1,"turns":1},{"damage":0,"enemies":"Small Slimes","floor":4,"turns":1},{"damage":0,"enemies":"Lagavulin","floor":6,"turns":1},{"damage":0,"enemies":"2 Louse","floor":7,"turns":1},{"damage":16,"enemies":"3 Sentries","floor":8,"turns":7},{"damage":2,"enemies":"Looter","floor":13,"turns":2},{"damage":3,"enemies":"Blue Slaver","floor":14,"turns":3},{"damage":30,"enemies":"The Guardian","floor":16,"turns":11},{"damage":5,"enemies":"Chosen","floor":18,"turns":3},{"damage":17,"enemies":"3 Byrds","floor":19,"turns":4},{"damage":5,"enemies":"Centurion and Healer","floor":20,"turns":6},{"damage":20,"enemies":"Snake Plant","floor":21,"turns":4},{"damage":38,"enemies":"Sentry and Sphere","floor":22,"turns":6},{"damage":10,"enemies":"Centurion and Healer","floor":27,"turns":7},{"damage":15,"enemies":"Shelled Parasite and Fungi","floor":30,"turns":5},{"damage":63,"enemies":"Automaton","floor":33,"turns":6}],"seed_played":"-5064943575469736047","potions_obtained":[{"floor":1,"key":"Dexterity Potion"},{"floor":6,"key":"Weak Potion"},{"floor":13,"key":"LiquidBronze"},{"floor":19,"key":"SpeedPotion"},{"floor":22,"key":"Strength Potion"}],"is_trial":false,"path_per_floor":["M","?","$","M","T","E","M","E","T","R","$","R","M","M","R","B",null,"M","M","M","M","M","R","?","$","T","M","R","$","M","?","R","B"],"character_chosen":"IRONCLAD","items_purchased":["Reckless Charge","Blood for Blood","Inflame","War Paint","Intimidate","Anger"],"campfire_rested":2,"item_purchase_floors":[3,3,25,25,25,25],"current_hp_per_floor":[80,80,80,80,80,80,80,70,70,70,70,70,74,77,77,53,80,80,73,74,60,28,52,52,52,52,48,48,48,54,38,62,0],"gold":37,"neow_bonus":"THREE_ENEMY_KILL","is_prod":false,"is_daily":false,"chose_seed":false,"campfire_upgraded":3,"win_rate":0,"timestamp":1553759027,"path_taken":["M","?","$","?","?","E","?","E","T","R","?","R","M","M","R","BOSS","M","M","M","M","M","R","?","$","T","M","R","$","M","?","R","BOSS"],"build_version":"2019-01-23","purchased_purges":0,"victory":false,"max_hp_per_floor":[80,80,80,80,80,80,80,80,80,80,80,80,80,80,80,80,80,80,80,80,80,80,80,80,80,80,80,80,80,80,80,80,80],"card_choices":[{"not_picked":["Intimidate","Cleave"],"picked":"Armaments","floor":1},{"not_picked":["Headbutt","Clothesline"],"picked":"Sentinel","floor":4},{"not_picked":["Hemokinesis","Havoc"],"picked":"Clothesline","floor":6},{"not_picked":["Clothesline","Warcry"],"picked":"Metallicize","floor":7},{"not_picked":["Brutality","Clash"],"picked":"Anger","floor":8},{"not_picked":["Cleave","Burning Pact"],"picked":"Metallicize","floor":13},{"not_picked":["Havoc","True Grit"],"picked":"Disarm","floor":14},{"not_picked":["Juggernaut","Brutality"],"picked":"Reaper","floor":16},{"not_picked":["Evolve","Havoc"],"picked":"Entrench","floor":18},{"not_picked":["Ghostly Armor","Sword Boomerang"],"picked":"Thunderclap","floor":19},{"not_picked":["Shrug It Off","Havoc"],"picked":"Blood for Blood","floor":20},{"not_picked":["Cleave","Battle Trance+1"],"picked":"Sever Soul","floor":21},{"not_picked":["Searing Blow","Combust+1"],"picked":"Burning Pact","floor":22},{"not_picked":["Searing Blow","Hemokinesis"],"picked":"Uppercut+1","floor":23},{"not_picked":["Intimidate","Flex"],"picked":"Shrug It Off","floor":27},{"not_picked":["Second Wind","Ghostly Armor"],"picked":"Anger","floor":30},{"not_picked":["Clothesline","Pummel"],"picked":"Headbutt+1","floor":32}],"player_experience":237748,"relics_obtained":[{"floor":5,"key":"Bag of Marbles"},{"floor":6,"key":"Tiny Chest"},{"floor":8,"key":"Juzu Bracelet"},{"floor":9,"key":"Dream Catcher"},{"floor":31,"key":"Nilry\u0027s Codex"}],"event_choices":[{"damage_healed":0,"gold_gain":0,"cards_transformed":["Defend_R"],"player_choice":"Transformed","damage_taken":0,"max_hp_gain":0,"max_hp_loss":0,"event_name":"Transmorgrifier","floor":2,"gold_loss":0,"cards_obtained":["Carnage"]},{"damage_healed":0,"gold_gain":0,"player_choice":"Upgrade","damage_taken":0,"max_hp_gain":0,"max_hp_loss":0,"event_name":"Designer","floor":24,"gold_loss":40,"cards_upgraded":["Entrench"]},{"damage_healed":0,"gold_gain":0,"player_choice":"Obtained Book","damage_taken":16,"max_hp_gain":0,"max_hp_loss":0,"event_name":"Cursed Tome","floor":31,"gold_loss":0}],"is_beta":false,"boss_relics":[{"not_picked":["Eternal Feather","White Beast Statue"],"picked":"Philosopher\u0027s Stone"}],"items_purged_floors":[],"is_endless":false,"potions_floor_spawned":[1,6,13,19,22],"killed_by":"Automaton","ascension_level":0}