{"gold_per_floor":[113,131,81,81,94,94,123,133,215,215,227,227,117,143,143,214,214,233,233,244,255,7,7,26,61,86,86,105,135,146,160,160,160],"floor_reached":33,"playtime":1963,"items_purged":["Strike_G","Strike_G"],"score":678,"play_id":"bbe2376a-ecf5-4fba-baf7-bdf6c3b3e7d7","local_time":"20181223183401","is_ascension_mode":true,"campfire_choices":[{"data":"Survivor","floor":6.0,"key":"SMITH"},{"data":"Flying Knee","floor":10.0,"key":"SMITH"},{"floor":12.0,"key":"REST"},{"data":"Footwork","floor":15.0,"key":"SMITH"},{"floor":23.0,"key":"REST"},{"floor":27.0,"key":"REST"},{"floor":32.0,"key":"REST"}],"neow_cost":"NONE","seed_source_timestamp":0,"circlet_count":0,"master_deck":["AscendersBane","Defend_G","Defend_G","Defend_G","Defend_G","Defend_G","Strike_G","Strike_G","Survivor+1","Neutralize","Dodge and Roll+1","Flying Knee+1","Quick Slash+1","Leg Sweep+1","Footwork+1","Dagger Throw","Dash+1","Terror","Adrenaline+1","Bouncing Flask","Riddle With Holes+1","Deadly Poison","Poisoned Stab+1","Slice+1","Catalyst"],"special_seed":0,"relics":["Ring of the Snake","Art of War","Pocketwatch","Strawberry","Philosopher\u0027s Stone","Whetstone","War Paint","Ancient Tea Set","Oddly Smooth Stone"],"potions_floor_usage":[33],"damage_taken":[{"damage":0.0,"enemies":"Cultist","floor":1.0,"turns":5.0},{"damage":2.0,"enemies":"Jaw Worm","floor":2.0,"turns":6.0},{"damage":0.0,"enemies":"2 Louse","floor":5.0,"turns":5.0},{"damage":28.0,"enemies":"3 Sentries","floor":7.0,"turns":12.0},{"damage":0.0,"enemies":"Blue Slaver","floor":8.0,"turns":4.0},{"damage":7.0,"enemies":"Lots of Slimes","floor":11.0,"turns":6.0},{"damage":5.0,"enemies":"Gremlin Nob","floor":14.0,"turns":4.0},{"damage":39.0,"enemies":"Slime Boss","floor":16.0,"turns":21.0},{"damage":8.0,"enemies":"2 Thieves","floor":18.0,"turns":5.0},{"damage":0.0,"enemies":"Chosen","floor":20.0,"turns":5.0},{"damage":12.0,"enemies":"Shelled Parasite and Fungi","floor":21.0,"turns":6.0},{"damage":3.0,"enemies":"Sentry and Sphere","floor":24.0,"turns":6.0},{"damage":31.0,"enemies":"Gremlin Leader","floor":25.0,"turns":7.0},{"damage":3.0,"enemies":"Chosen and Byrds","floor":28.0,"turns":5.0},{"damage":28.0,"enemies":"Slavers","floor":29.0,"turns":6.0},{"damage":3.0,"enemies":"3 Cultists","floor":30.0,"turns":6.0},{"damage":0.0,"enemies":"Snecko","floor":31.0,"turns":3.0},{"damage":68,"enemies":"Automaton","floor":33,"turns":6}],"seed_played":"-2045841021292817358","potions_obtained":[{"floor":1.0,"key":"Poison Potion"},{"floor":2.0,"key":"Energy Potion"},{"floor":14.0,"key":"AttackPotion"},{"floor":16.0,"key":"FearPotion"},{"floor":20.0,"key":"LiquidBronze"},{"floor":24.0,"key":"FearPotion"},{"floor":28.0,"key":"FearPotion"},{"floor":29.0,"key":"Weak Potion"}],"is_trial":false,"path_per_floor":["M","M","?","?","M","R","E","M","T","R","M","R","$","E","R","B",null,"M","?","M","M","$","R","M","E","T","R","M","E","M","M","R","B"],"character_chosen":"THE_SILENT","items_purchased":["Dash","Whetstone"],"campfire_rested":4,"item_purchase_floors":[13,22],"current_hp_per_floor":[59,57,57,57,57,57,29,29,29,29,22,41,41,43,43,4,56,48,48,48,36,36,57,54,23,23,44,41,13,10,10,31,0],"gold":160,"neow_bonus":"RANDOM_COMMON_RELIC","is_prod":false,"is_daily":false,"chose_seed":false,"campfire_upgraded":3,"win_rate":0,"timestamp":1545608041,"path_taken":["M","?","?","?","M","R","E","M","T","R","M","R","$","E","R","BOSS","M","?","M","M","$","R","M","E","T","R","M","E","?","M","R","BOSS"],"build_version":"2018-12-20","purchased_purges":2,"victory":false,"max_hp_per_floor":[66,66,66,66,66,66,66,66,66,66,66,66,66,73,73,73,73,73,73,73,73,73,73,73,73,73,73,73,73,73,73,73,73],"card_choices":[{"not_picked":["Distraction","Expertise"],"picked":"Dodge and Roll","floor":1.0},{"not_picked":["Prepared","Blade Dance"],"picked":"Flying Knee","floor":2.0},{"not_picked":["Slice","Deflect"],"picked":"Quick Slash","floor":5.0},{"not_picked":["Backstab","Setup"],"picked":"Leg Sweep","floor":7.0},{"not_picked":["Dodge and Roll","Dagger Spray"],"picked":"Footwork","floor":8.0},{"not_picked":["Expertise","Calculated Gamble"],"picked":"Dagger Throw","floor":11.0},{"not_picked":["Eviscerate","Setup"],"picked":"Terror","floor":14.0},{"not_picked":["Glass Knife","Envenom"],"picked":"Adrenaline","floor":16.0},{"not_picked":["Terror","Eviscerate","Flying Knee"],"picked":"SKIP","floor":18.0},{"not_picked":["Underhanded Strike","Sucker Punch"],"picked":"Bouncing Flask","floor":20.0},{"not_picked":["Caltrops","Underhanded Strike"],"picked":"Riddle With Holes+1","floor":21.0},{"not_picked":["Glass Knife","Acrobatics"],"picked":"Deadly Poison","floor":24.0},{"not_picked":["Distraction","Predator+1"],"picked":"Poisoned Stab+1","floor":25.0},{"not_picked":["Calculated Gamble+1","Dodge and Roll"],"picked":"Slice+1","floor":28.0},{"not_picked":["Poisoned Stab","Wraith Form v2","Outmaneuver"],"picked":"SKIP","floor":29.0},{"not_picked":["Acrobatics","Terror","Dagger Spray"],"picked":"SKIP","floor":30.0},{"not_picked":["Riddle With Holes","Acrobatics"],"picked":"Catalyst","floor":31.0}],"player_experience":947138,"relics_obtained":[{"floor":7.0,"key":"Pocketwatch"},{"floor":14.0,"key":"Strawberry"},{"floor":25.0,"key":"War Paint"},{"floor":26.0,"key":"Ancient Tea Set"},{"floor":29.0,"key":"Oddly Smooth Stone"}],"event_choices":[{"cards_removed":["Strike_G"],"damage_healed":0.0,"max_hp_gain":0.0,"max_hp_loss":0.0,"gold_gain":0.0,"event_name":"The Cleric","player_choice":"Card Removal","floor":3.0,"gold_loss":50.0,"damage_taken":0.0},{"damage_healed":0.0,"max_hp_gain":0.0,"max_hp_loss":0.0,"gold_gain":0.0,"event_name":"Living Wall","player_choice":"Grow","floor":4.0,"gold_loss":0.0,"damage_taken":0.0,"cards_upgraded":["Dodge and Roll"]},{"damage_healed":0.0,"max_hp_gain":0.0,"max_hp_loss":0.0,"gold_gain":0.0,"event_name":"N\u0027loth","player_choice":"Ignored","floor":19.0,"gold_loss":0.0,"damage_taken":0.0}],"is_beta":false,"boss_relics":[{"not_picked":["HoveringKite","Astrolabe"],"picked":"Philosopher\u0027s Stone"}],"items_purged_floors":[13,22],"is_endless":false,"potions_floor_spawned":[1,2,14,16,20,24,28,29],"killed_by":"Automaton","ascension_level":14}