{"gold_per_floor":[215,215,229,244,20,20,49,49,49,49,59,78,78,90,90,192,192,211,211],"floor_reached":19,"playtime":643,"items_purged":["Strike_B"],"score":254,"play_id":"03012d91-8ad4-46a7-a0d7-b323b2e5adf3","local_time":"20190609033358","is_ascension_mode":true,"campfire_choices":[{"data":"Streamline","floor":6,"key":"SMITH"},{"floor":8,"key":"REST"},{"floor":10,"key":"REST"},{"data":"Coolheaded","floor":13,"key":"SMITH"},{"floor":15,"key":"REST"}],"neow_cost":"NONE","seed_source_timestamp":6972679166146,"circlet_count":0,"master_deck":["AscendersBane","Strike_B","Strike_B","Strike_B","Defend_B","Defend_B","Defend_B","Defend_B","Zap","Dualcast","Turbo","Streamline+1","Coolheaded+1","Doom and Gloom","Recycle","Double Energy","Core Surge","Conserve Battery","Darkness","Echo Form","Tempest"],"relics":["Cracked Core","Blue Candle","Strawberry","Snecko Eye"],"potions_floor_usage":[7,18,19],"damage_taken":[{"damage":0,"enemies":"Small Slimes","floor":1,"turns":3},{"damage":1,"enemies":"Cultist","floor":3,"turns":3},{"damage":8,"enemies":"2 Louse","floor":4,"turns":2},{"damage":41,"enemies":"Gremlin Nob","floor":7,"turns":4},{"damage":10,"enemies":"Large Slime","floor":11,"turns":6},{"damage":8,"enemies":"Exordium Wildlife","floor":12,"turns":3},{"damage":14,"enemies":"Blue Slaver","floor":14,"turns":3},{"damage":50,"enemies":"Slime Boss","floor":16,"turns":9},{"damage":31,"enemies":"2 Thieves","floor":18,"turns":3},{"damage":32,"enemies":"3 Byrds","floor":19,"turns":2}],"seed_played":"-1924481112801869803","potions_obtained":[{"floor":1,"key":"Strength Potion"},{"floor":16,"key":"PowerPotion"},{"floor":18,"key":"SneckoOil"}],"is_trial":false,"path_per_floor":["M","?","M","M","$","R","E","R","T","R","M","M","R","M","R","B",null,"M","M"],"character_chosen":"DEFECT","items_purchased":["Doom and Gloom","Recycle"],"campfire_rested":3,"item_purchase_floors":[5,5],"current_hp_per_floor":[68,61,60,52,52,52,11,33,40,64,54,46,46,32,56,6,63,32,0],"gold":211,"neow_bonus":"HUNDRED_GOLD","is_prod":false,"is_daily":false,"chose_seed":false,"campfire_upgraded":2,"win_rate":0,"timestamp":1560015238,"path_taken":["M","?","M","M","$","R","E","R","T","R","M","?","R","M","R","BOSS","M","?"],"build_version":"2019-01-23","purchased_purges":1,"victory":false,"max_hp_per_floor":[75,75,75,75,75,75,75,75,82,82,82,82,82,82,82,82,82,82,82],"card_choices":[{"not_picked":["Scrape","Gash"],"picked":"Turbo","floor":1},{"not_picked":["Cold Snap","Barrage"],"picked":"Streamline","floor":3},{"not_picked":["Go for the Eyes","Stack"],"picked":"Coolheaded","floor":4},{"not_picked":["Ball Lightning","Compile Driver"],"picked":"Double Energy","floor":7},{"not_picked":["Steam","Ball Lightning"],"picked":"Core Surge","floor":11},{"not_picked":["Auto Shields","Hologram"],"picked":"Conserve Battery","floor":12},{"not_picked":["Rebound","Steam"],"picked":"Darkness","floor":14},{"not_picked":["Multi-Cast","Buffer"],"picked":"Echo Form","floor":16},{"not_picked":["Coolheaded","Force Field"],"picked":"Tempest","floor":18}],"player_experience":840327,"relics_obtained":[{"floor":7,"key":"Blue Candle"},{"floor":9,"key":"Strawberry"}],"event_choices":[{"damage_healed":0,"gold_gain":0,"player_choice":"Damaged","damage_taken":7,"max_hp_gain":0,"max_hp_loss":0,"event_name":"Wheel of Change","floor":2,"gold_loss":0}],"is_beta":false,"boss_relics":[{"not_picked":["Empty Cage","Astrolabe"],"picked":"Snecko Eye"}],"items_purged_floors":[5],"is_endless":false,"potions_floor_spawned":[1,16,18],"killed_by":"3 Byrds","ascension_level":10}