{"gold_per_floor":[118,118,132,132,132,167,167,201,247,247,268,291,307,33,33,164,164,179,203,203,114,114,158,176,176],"floor_reached":25,"playtime":1267,"items_purged":["Injury","Brutality"],"score":256,"play_id":"d80227bd-0dba-4f85-8fe4-beac6bc47225","local_time":"20190323191737","is_ascension_mode":false,"campfire_choices":[{"data":"Infernal Blade","floor":7,"key":"SMITH"},{"data":"Perfected Strike","floor":10,"key":"SMITH"},{"floor":15,"key":"REST"}],"neow_cost":"NONE","seed_source_timestamp":2342734076423,"circlet_count":0,"master_deck":["Strike_R","Strike_R","Strike_R","Strike_R","Strike_R","Defend_R","Defend_R","Defend_R","Defend_R","Bash","Perfected Strike+1","Infernal Blade+1","Double Tap","Dropkick","Flex","Pommel Strike","Armaments","Evolve","Shrug It Off","Inflame","Metallicize","Demon Form+1","Blood for Blood+1"],"relics":["Burning Blood","NeowsBlessing","Golden Idol","Kunai","Meat on the Bone","Smiling Mask","Medical Kit","Eternal Feather","Nloth\u0027s Gift","Frozen Egg 2"],"potions_floor_usage":[16,16,18,23,24],"damage_taken":[{"damage":0,"enemies":"Cultist","floor":1,"turns":1},{"damage":0,"enemies":"2 Louse","floor":3,"turns":1},{"damage":0,"enemies":"3 Sentries","floor":6,"turns":2},{"damage":30,"enemies":"Lagavulin","floor":8,"turns":4},{"damage":6,"enemies":"Jaw Worm","floor":11,"turns":2},{"damage":11,"enemies":"Lots of Slimes","floor":12,"turns":5},{"damage":25,"enemies":"Gremlin Gang","floor":13,"turns":2},{"damage":19,"enemies":"Hexaghost","floor":16,"turns":9},{"damage":24,"enemies":"2 Thieves","floor":18,"turns":4},{"damage":5,"enemies":"Chosen","floor":19,"turns":4},{"damage":19,"enemies":"Book of Stabbing","floor":23,"turns":4},{"damage":36,"enemies":"Shelled Parasite and Fungi","floor":24,"turns":5},{"damage":38,"enemies":"Sentry and Sphere","floor":25,"turns":5}],"seed_played":"-8495757940531700181","potions_obtained":[{"floor":6,"key":"SpeedPotion"},{"floor":8,"key":"SkillPotion"},{"floor":12,"key":"LiquidBronze"},{"floor":19,"key":"Energy Potion"},{"floor":23,"key":"AttackPotion"}],"is_trial":false,"path_per_floor":["M","?","M","?","?","E","R","E","T","R","M","M","M","$","R","B",null,"M","M","?","$","?","E","M","M"],"character_chosen":"IRONCLAD","items_purchased":["Medical Kit","Armaments","Metallicize"],"campfire_rested":1,"item_purchase_floors":[14,14,21],"current_hp_per_floor":[80,80,80,77,77,80,80,56,56,56,56,51,44,44,68,55,80,62,63,63,63,63,50,32,0],"gold":176,"neow_bonus":"THREE_ENEMY_KILL","is_prod":false,"is_daily":false,"chose_seed":false,"campfire_upgraded":2,"win_rate":0.0,"timestamp":1553332657,"path_taken":["M","?","?","?","?","E","R","E","T","R","M","M","M","$","R","BOSS","M","M","?","$","?","E","M","M"],"build_version":"2019-01-23","purchased_purges":2,"victory":false,"max_hp_per_floor":[80,80,80,80,80,80,80,80,80,80,80,80,80,80,80,80,80,80,80,80,80,80,80,80,80],"card_choices":[{"not_picked":["Clash","Sever Soul"],"picked":"Perfected Strike","floor":1},{"not_picked":["Clothesline","Shrug It Off"],"picked":"Infernal Blade","floor":3},{"not_picked":["Clash","Thunderclap"],"picked":"Double Tap","floor":6},{"not_picked":["Shockwave","Perfected Strike"],"picked":"Dropkick","floor":8},{"not_picked":["Reckless Charge","Burning Pact","True Grit"],"picked":"SKIP","floor":11},{"not_picked":["Disarm","Whirlwind"],"picked":"Flex","floor":12},{"not_picked":["Uppercut","Twin Strike"],"picked":"Pommel Strike","floor":13},{"not_picked":["Fiend Fire","Impervious"],"picked":"Brutality","floor":16},{"not_picked":["Body Slam","Battle Trance"],"picked":"Evolve","floor":18},{"not_picked":["Flex","Iron Wave"],"picked":"Shrug It Off","floor":19},{"not_picked":["Feed","Brutality"],"picked":"Demon Form","floor":23},{"not_picked":["True Grit+1","Intimidate"],"picked":"Blood for Blood+1","floor":24}],"player_experience":74419,"relics_obtained":[{"floor":6,"key":"Kunai"},{"floor":8,"key":"Meat on the Bone"},{"floor":9,"key":"Smiling Mask"},{"floor":23,"key":"Frozen Egg 2"}],"event_choices":[{"damage_healed":0,"gold_gain":0,"player_choice":"Bought 0 Potions","damage_taken":0,"max_hp_gain":0,"max_hp_loss":0,"event_name":"The Woman in Blue","floor":2,"gold_loss":0},{"damage_healed":0,"gold_gain":0,"player_choice":"Success","damage_taken":3,"relics_obtained":["Centennial Puzzle"],"max_hp_gain":0,"max_hp_loss":0,"event_name":"Scrap Ooze","floor":4,"gold_loss":0},{"damage_healed":0,"gold_gain":0,"player_choice":"Take Wound","damage_taken":0,"relics_obtained":["Golden Idol"],"max_hp_gain":0,"max_hp_loss":0,"event_name":"Golden Idol","floor":5,"gold_loss":0,"cards_obtained":["Injury"]},{"damage_healed":0,"gold_gain":0,"player_choice":"Read","damage_taken":0,"max_hp_gain":0,"max_hp_loss":0,"event_name":"The Library","floor":20,"gold_loss":0,"cards_obtained":["Inflame"]},{"damage_healed":0,"gold_gain":0,"player_choice":"Traded Relic","damage_taken":0,"relics_obtained":["Nloth\u0027s Gift"],"max_hp_gain":0,"max_hp_loss":0,"event_name":"N\u0027loth","floor":22,"relics_lost":["Centennial Puzzle"],"gold_loss":0}],"is_beta":false,"boss_relics":[{"not_picked":["Mark of Pain","Runic Dome"],"picked":"Eternal Feather"}],"items_purged_floors":[14,21],"is_endless":false,"potions_floor_spawned":[6,8,12,19,23],"killed_by":"Sentry and Sphere","ascension_level":0}