{"gold_per_floor":[118,137,152,166,181,181,209,209,233,262,273,283,358,32,32,107,107,126,145,145,145,164,189,189,189],"floor_reached":25,"playtime":2874,"items_purged":[],"score":495,"play_id":"568b4f43-0a09-44c7-9cd0-7524c25c1004","local_time":"20190830112936","is_ascension_mode":true,"campfire_choices":[{"data":"Sunder","floor":6,"key":"SMITH"},{"data":"Genetic Algorithm","floor":8,"key":"SMITH"},{"data":"Defragment","floor":15,"key":"SMITH"},{"data":"Defragment","floor":24,"key":"SMITH"}],"neow_cost":"NONE","seed_source_timestamp":717964554339542,"circlet_count":0,"master_deck":["AscendersBane","Defend_B","Defend_B","Defend_B","Defend_B","Zap+1","Dualcast","Ball Lightning","BootSequence","Ball Lightning","Sunder+1","Cold Snap","Genetic Algorithm+1","Rainbow","Defragment+1","Defragment+1","Biased Cognition","Stack","Go for the Eyes","Bite","Bite","Bite","Bite","Bite","Turbo","Glacier"],"special_seed":0,"relics":["Cracked Core","Pen Nib","Strawberry","Smiling Mask","Pocketwatch","Philosopher\u0027s Stone","Regal Pillow"],"potions_floor_usage":[4,10,12,16,19,23],"damage_taken":[{"damage":1.0,"enemies":"Cultist","floor":1.0,"turns":4.0},{"damage":7.0,"enemies":"Small Slimes","floor":2.0,"turns":2.0},{"damage":0.0,"enemies":"Jaw Worm","floor":3.0,"turns":3.0},{"damage":8,"enemies":"Exordium Thugs","floor":4,"turns":4},{"damage":1,"enemies":"2 Fungi Beasts","floor":5,"turns":2},{"damage":3,"enemies":"3 Sentries","floor":7,"turns":5},{"damage":6,"enemies":"Gremlin Nob","floor":10,"turns":3},{"damage":2,"enemies":"Gremlin Gang","floor":11,"turns":3},{"damage":0,"enemies":"Exordium Wildlife","floor":12,"turns":2},{"damage":2,"enemies":"The Guardian","floor":16,"turns":8},{"damage":24,"enemies":"2 Thieves","floor":18,"turns":4},{"damage":36,"enemies":"3 Byrds","floor":19,"turns":5},{"damage":1,"enemies":"Centurion and Healer","floor":22,"turns":14},{"damage":18,"enemies":"Gremlin Leader","floor":23,"turns":6},{"damage":58,"enemies":"Slavers","floor":25,"turns":5}],"seed_played":"7658329706002106074","potions_obtained":[{"floor":3.0,"key":"SkillPotion"},{"floor":4,"key":"FearPotion"},{"floor":10,"key":"Fire Potion"},{"floor":12,"key":"Poison Potion"},{"floor":16,"key":"GamblersBrew"},{"floor":22,"key":"FearPotion"}],"is_trial":false,"path_per_floor":["M","M","M","M","M","R","E","R","T","E","M","M","?","$","R","B",null,"M","M","?","?","M","E","R","E"],"character_chosen":"DEFECT","items_purchased":["Pocketwatch"],"campfire_rested":0,"item_purchase_floors":[14],"current_hp_per_floor":[63,56,56,48,47,47,44,44,51,45,43,43,32,32,32,30,66,42,6,6,17,54,50,50,0],"gold":189,"neow_bonus":"UPGRADE_CARD","is_prod":false,"is_daily":false,"chose_seed":false,"campfire_upgraded":4,"win_rate":0,"timestamp":1567178976,"path_taken":["M","M","M","?","M","R","E","R","T","E","M","?","?","$","R","BOSS","M","M","?","?","M","E","R","E"],"build_version":"2019-07-17","purchased_purges":0,"victory":false,"max_hp_per_floor":[71,71,71,71,71,71,71,71,78,78,78,78,78,78,78,78,78,78,78,54,54,54,54,54,54],"card_choices":[{"not_picked":["BootSequence","Steam"],"picked":"Ball Lightning","floor":1.0},{"not_picked":["Go for the Eyes","Conserve Battery"],"picked":"BootSequence","floor":2.0},{"not_picked":["Leap","Capacitor"],"picked":"Ball Lightning","floor":3.0},{"not_picked":["Coolheaded","Compile Driver"],"picked":"Sunder","floor":4},{"not_picked":["Stack","Steam"],"picked":"Cold Snap","floor":5},{"not_picked":["Capacitor","Loop"],"picked":"Genetic Algorithm","floor":7},{"not_picked":["Redo","Gash"],"picked":"Rainbow","floor":10},{"not_picked":["Streamline","BootSequence"],"picked":"Defragment","floor":11},{"not_picked":["Compile Driver","Barrage"],"picked":"Defragment","floor":12},{"not_picked":["Reboot","Rainbow"],"picked":"Biased Cognition","floor":16},{"not_picked":["Compile Driver","Barrage"],"picked":"Stack","floor":18},{"not_picked":["Ball Lightning","FTL"],"picked":"Go for the Eyes","floor":19},{"not_picked":["Rebound","Skim"],"picked":"Turbo","floor":22},{"not_picked":["Turbo","Sunder"],"picked":"Glacier","floor":23}],"player_experience":1911438,"relics_obtained":[{"floor":7,"key":"Pen Nib"},{"floor":9,"key":"Strawberry"},{"floor":10,"key":"Smiling Mask"},{"floor":23,"key":"Regal Pillow"}],"event_choices":[{"damage_healed":0,"gold_gain":75,"player_choice":"Gather Gold","damage_taken":11,"max_hp_gain":0,"max_hp_loss":0,"event_name":"World of Goop","floor":13,"gold_loss":0},{"damage_healed":0,"gold_gain":0,"player_choice":"Became a vampire","damage_taken":0,"max_hp_gain":0,"max_hp_loss":24,"event_name":"Vampires","floor":20,"gold_loss":0,"cards_obtained":["Bite","Bite","Bite","Bite","Bite"]},{"damage_healed":11,"gold_gain":0,"player_choice":"Heal","damage_taken":0,"max_hp_gain":0,"max_hp_loss":0,"event_name":"The Library","floor":21,"gold_loss":0}],"is_beta":false,"boss_relics":[{"not_picked":["Empty Cage","Cursed Key"],"picked":"Philosopher\u0027s Stone"}],"items_purged_floors":[],"is_endless":false,"potions_floor_spawned":[3,4,10,12,16,22],"killed_by":"Slavers","ascension_level":20}