{"gold_per_floor":[109,59,10,26,101,101,133,133,190,225,225,254,73,73,73,174,174,189,189,189,262,278,313,313,325,325,325,345,356,366,398,398,493,493,504,49,68,85,97,97,97,97,97,97,112,139,139],"floor_reached":47,"playtime":1836,"items_purged":["Strike_R"],"score":897,"play_id":"b582ce0d-a170-44b0-8ebf-5c37b00e01e2","local_time":"20181202201905","is_ascension_mode":true,"campfire_choices":[{"data":"Twin Strike","floor":6,"key":"SMITH"},{"data":"Flex","floor":8,"key":"SMITH"},{"floor":15,"key":"REST"},{"floor":24,"key":"REST"},{"data":"Flex","floor":27,"key":"SMITH"},{"data":"Inflame","floor":32,"key":"SMITH"},{"floor":40,"key":"REST"}],"neow_cost":"NONE","seed_source_timestamp":3732609127742,"circlet_count":0,"master_deck":["AscendersBane","Strike_R","Strike_R","Strike_R","Defend_R","Defend_R","Defend_R+1","Bash","Shrug It Off+1","Twin Strike+1","Ghostly Armor","Flex+1","Sword Boomerang","Thunderclap","Flex+1","Inflame+1","Reaper","Cleave","Warcry+1","Rage+1","Parasite","Pummel"],"relics":["Burning Blood","NeowsBlessing","Art of War","Tiny Chest","Anchor","War Paint","Philosopher\u0027s Stone","Enchiridion","Strawberry","Self Forming Clay","Shuriken","Letter Opener","Oddly Smooth Stone","Black Star","Mummified Hand","Sling","Gremlin Horn","Spirit Poop","Pantograph","Paper Frog"],"potions_floor_usage":[12,22,25,33,38,39],"damage_taken":[{"damage":0,"enemies":"Jaw Worm","floor":1,"turns":1},{"damage":0,"enemies":"2 Louse","floor":4,"turns":1},{"damage":0,"enemies":"Gremlin Nob","floor":7,"turns":1},{"damage":50,"enemies":"3 Sentries","floor":10,"turns":10},{"damage":17,"enemies":"Lagavulin","floor":12,"turns":6},{"damage":24,"enemies":"The Guardian","floor":16,"turns":11},{"damage":15,"enemies":"Shell Parasite","floor":18,"turns":4},{"damage":12,"enemies":"Chosen","floor":22,"turns":5},{"damage":47,"enemies":"Book of Stabbing","floor":23,"turns":6},{"damage":5,"enemies":"Centurion and Healer","floor":25,"turns":5},{"damage":9,"enemies":"Cultist and Chosen","floor":28,"turns":5},{"damage":27,"enemies":"Snake Plant","floor":29,"turns":3},{"damage":3,"enemies":"Chosen and Byrds","floor":30,"turns":4},{"damage":0,"enemies":"Gremlin Leader","floor":31,"turns":6},{"damage":86,"enemies":"Champ","floor":33,"turns":9},{"damage":0,"enemies":"3 Shapes","floor":35,"turns":2},{"damage":37,"enemies":"3 Darklings","floor":37,"turns":7},{"damage":62,"enemies":"Writhing Mass","floor":38,"turns":8},{"damage":26,"enemies":"Spire Growth","floor":39,"turns":5},{"damage":10,"enemies":"Transient","floor":45,"turns":5},{"damage":73,"enemies":"Nemesis","floor":46,"turns":9},{"damage":15,"enemies":"4 Shapes","floor":47,"turns":1}],"seed_played":"-1608623751114165166","potions_obtained":[{"floor":4,"key":"Weak Potion"},{"floor":16,"key":"GamblersBrew"},{"floor":23,"key":"Regen Potion"},{"floor":25,"key":"Strength Potion"},{"floor":31,"key":"Ancient Potion"},{"floor":33,"key":"EssenceOfSteel"},{"floor":37,"key":"Dexterity Potion"},{"floor":38,"key":"Weak Potion"}],"is_trial":false,"path_per_floor":["M","?","$","M","?","R","E","R","T","E","?","E","$","?","R","B",null,"M","?","T","T","M","E","R","M","T","R","M","M","M","E","R","B",null,"M","$","M","M","M","R","?","?","T","?","M","E","M"],"character_chosen":"IRONCLAD","items_purchased":["Twin Strike","Flex","Inflame","Mummified Hand","Sling"],"campfire_rested":3,"item_purchase_floors":[3,13,13,36,36],"current_hp_per_floor":[78,78,78,80,69,69,75,75,75,31,31,20,20,13,37,19,65,56,40,47,47,45,13,39,66,66,66,81,82,87,87,87,18,70,76,76,69,19,8,34,56,56,56,56,71,14,0],"gold":139,"neow_bonus":"THREE_ENEMY_KILL","is_prod":false,"is_daily":false,"chose_seed":false,"campfire_upgraded":4,"win_rate":0,"timestamp":1543799945,"path_taken":["M","?","$","M","?","R","E","R","T","E","?","E","?","?","R","BOSS","M","?","?","?","M","E","R","?","T","R","M","M","M","E","R","BOSS","M","$","M","M","M","R","?","?","T","?","?","E","M"],"build_version":"2018-11-15","purchased_purges":1,"victory":false,"max_hp_per_floor":[80,80,80,80,80,80,80,80,80,80,80,80,80,80,80,80,80,80,80,87,87,87,87,87,87,87,87,87,87,87,87,87,87,87,87,87,87,87,87,87,87,87,87,87,87,87,87],"card_choices":[{"not_picked":["Iron Wave","Feel No Pain"],"picked":"Shrug It Off","floor":1},{"not_picked":["Entrench","Warcry"],"picked":"Ghostly Armor","floor":4},{"not_picked":["Berserk","Disarm"],"picked":"Flex","floor":7},{"not_picked":["Shrug It Off","Armaments"],"picked":"Sword Boomerang","floor":10},{"not_picked":["Infernal Blade","Bloodletting"],"picked":"Thunderclap","floor":12},{"not_picked":["Brutality","Feed"],"picked":"Reaper","floor":16},{"not_picked":["Clash","Perfected Strike+1","Twin Strike"],"picked":"SKIP","floor":18},{"not_picked":["Body Slam","Heavy Blade","Anger"],"picked":"SKIP","floor":22},{"not_picked":["Shockwave+1","Havoc","Warcry"],"picked":"SKIP","floor":23},{"not_picked":["Headbutt","Havoc"],"picked":"Cleave","floor":25},{"not_picked":["Headbutt","Pommel Strike"],"picked":"Warcry+1","floor":28},{"not_picked":["Barricade","Cleave","Pommel Strike"],"picked":"SKIP","floor":29},{"not_picked":["Clothesline+1","Sever Soul","Hemokinesis"],"picked":"SKIP","floor":30},{"not_picked":["Iron Wave","True Grit","Juggernaut"],"picked":"SKIP","floor":31},{"not_picked":["Wild Strike","Iron Wave"],"picked":"Rage+1","floor":35},{"not_picked":["Combust","Headbutt","True Grit"],"picked":"SKIP","floor":37},{"not_picked":["Bloodletting","Whirlwind"],"picked":"Pummel","floor":38},{"not_picked":["Body Slam","Pommel Strike","Warcry"],"picked":"SKIP","floor":39},{"not_picked":["Wild Strike","Cleave","Shockwave"],"picked":"SKIP","floor":45},{"not_picked":["Feel No Pain","Warcry","Burning Pact"],"picked":"SKIP","floor":46}],"player_experience":768897,"relics_obtained":[{"floor":7,"key":"Art of War"},{"floor":9,"key":"Tiny Chest"},{"floor":10,"key":"Anchor"},{"floor":12,"key":"War Paint"},{"floor":19,"key":"Enchiridion"},{"floor":20,"key":"Strawberry"},{"floor":21,"key":"Self Forming Clay"},{"floor":23,"key":"Shuriken"},{"floor":26,"key":"Letter Opener"},{"floor":31,"key":"Oddly Smooth Stone"},{"floor":43,"key":"Gremlin Horn"},{"floor":46,"key":"Pantograph"},{"floor":46,"key":"Paper Frog"}],"event_choices":[{"cards_removed":["Defend_R"],"damage_healed":0,"gold_gain":0,"player_choice":"Card Removal","damage_taken":0,"max_hp_gain":0,"max_hp_loss":0,"event_name":"The Cleric","floor":2,"gold_loss":50},{"damage_healed":0,"gold_gain":75,"player_choice":"Gather Gold","damage_taken":11,"max_hp_gain":0,"max_hp_loss":0,"event_name":"World of Goop","floor":5,"gold_loss":0},{"damage_healed":0,"gold_gain":0,"player_choice":"Ignored","damage_taken":0,"max_hp_gain":0,"max_hp_loss":0,"event_name":"Shining Light","floor":11,"gold_loss":0},{"cards_removed":["Strike_R"],"damage_healed":0,"gold_gain":0,"player_choice":"Card Removal","damage_taken":7,"max_hp_gain":0,"max_hp_loss":0,"event_name":"Golden Wing","floor":14,"gold_loss":0},{"damage_healed":0,"gold_gain":0,"player_choice":"Obtained Book","damage_taken":16,"max_hp_gain":0,"max_hp_loss":0,"event_name":"Cursed Tome","floor":19,"gold_loss":0},{"damage_healed":22,"gold_gain":0,"player_choice":"Writhe","damage_taken":0,"max_hp_gain":0,"max_hp_loss":0,"event_name":"Winding Halls","floor":41,"gold_loss":0,"cards_obtained":["Writhe"]},{"damage_healed":0,"gold_gain":0,"player_choice":"Ignored","damage_taken":0,"max_hp_gain":0,"max_hp_loss":0,"event_name":"Tomb of Lord Red Mask","floor":42,"gold_loss":0},{"cards_removed":["Writhe"],"damage_healed":0,"gold_gain":0,"player_choice":"Offered Curse","damage_taken":0,"relics_obtained":["Spirit Poop"],"max_hp_gain":0,"max_hp_loss":0,"event_name":"Bonfire Elementals","floor":44,"gold_loss":0}],"is_beta":false,"boss_relics":[{"not_picked":["Busted Crown","Calling Bell"],"picked":"Philosopher\u0027s Stone"},{"not_picked":["Fusion Hammer","Mark of Pain"],"picked":"Black Star"}],"items_purged_floors":[13],"is_endless":false,"potions_floor_spawned":[4,16,23,25,31,33,37,38],"killed_by":"4 Shapes","ascension_level":12}