{"gold_per_floor":[110,1,12,12,32,32,43,43,43,74,85,85,103,116,116,218,218,233,245,245,273,273,303,303,203,230,230,241,261,277,287,287,383,383,393,393,409,425,30,64,64,64,87,105,16,16,16,16,16,16],"floor_reached":51,"playtime":2828,"items_purged":["Defend_G","Defend_G","Defend_G"],"score":1036,"play_id":"8d7b5964-8f3a-463b-9a73-99df41b3d03e","local_time":"20190822004350","is_ascension_mode":true,"campfire_choices":[{"data":"Deadly Poison","floor":6.0,"key":"SMITH"},{"data":"Leg Sweep","floor":8.0,"key":"SMITH"},{"data":"Crippling Poison","floor":12.0,"key":"SMITH"},{"data":"Dash","floor":15.0,"key":"SMITH"},{"floor":24.0,"key":"REST"},{"data":"Neutralize","floor":27.0,"key":"SMITH"},{"floor":32.0,"key":"REST"},{"floor":41,"key":"REST"},{"floor":47,"key":"REST"},{"data":"Well Laid Plans","floor":49,"key":"SMITH"}],"neow_cost":"TEN_PERCENT_HP_LOSS","seed_source_timestamp":127161599787600,"circlet_count":0,"master_deck":["AscendersBane","Survivor","Leg Sweep+1","Deadly Poison+1","Crippling Poison+1","Dodge and Roll","Calculated Gamble+1","Dodge and Roll+1","Crippling Poison+1","Catalyst+1","Dash+1","Backflip+1","Corpse Explosion+1","Riddle With Holes+1","Skewer+1","Dodge and Roll+1","Bouncing Flask+1","Bouncing Flask+1","Night Terror+1","Bullet Time+1","PiercingWail+1","Noxious Fumes","Backflip+1","Panacea+1","Deadly Poison+1","Well Laid Plans+1"],"special_seed":0,"relics":["Ring of the Snake","Toxic Egg 2","Pantograph","Mercury Hourglass","Astrolabe","MutagenicStrength","Red Mask","Dodecahedron","Vajra","Empty Cage","Bag of Preparation","Art of War","Blood Vial"],"potions_floor_usage":[50,50,50],"damage_taken":[{"damage":2.0,"enemies":"Cultist","floor":1.0,"turns":5.0},{"damage":0.0,"enemies":"Jaw Worm","floor":3.0,"turns":5.0},{"damage":0.0,"enemies":"Small Slimes","floor":5.0,"turns":6.0},{"damage":0.0,"enemies":"Blue Slaver","floor":7.0,"turns":5.0},{"damage":7.0,"enemies":"3 Sentries","floor":10.0,"turns":6.0},{"damage":0.0,"enemies":"Exordium Thugs","floor":11.0,"turns":6.0},{"damage":0.0,"enemies":"3 Louse","floor":13.0,"turns":2.0},{"damage":3.0,"enemies":"Exordium Wildlife","floor":14.0,"turns":3.0},{"damage":4.0,"enemies":"Slime Boss","floor":16.0,"turns":9.0},{"damage":4.0,"enemies":"3 Byrds","floor":18.0,"turns":3.0},{"damage":10.0,"enemies":"Spheric Guardian","floor":19.0,"turns":4.0},{"damage":10.0,"enemies":"Masked Bandits","floor":21.0,"turns":3.0},{"damage":32.0,"enemies":"Book of Stabbing","floor":23.0,"turns":8.0},{"damage":0.0,"enemies":"3 Cultists","floor":28.0,"turns":2.0},{"damage":3.0,"enemies":"Shelled Parasite and Fungi","floor":29.0,"turns":3.0},{"damage":17.0,"enemies":"Sentry and Sphere","floor":30.0,"turns":4.0},{"damage":0.0,"enemies":"Centurion and Healer","floor":31.0,"turns":5.0},{"damage":8.0,"enemies":"Automaton","floor":33.0,"turns":3.0},{"damage":3.0,"enemies":"3 Darklings","floor":35.0,"turns":4.0},{"damage":2.0,"enemies":"3 Shapes","floor":37.0,"turns":2.0},{"damage":5,"enemies":"Sphere and 2 Shapes","floor":38,"turns":3},{"damage":31,"enemies":"Giant Head","floor":40,"turns":6},{"damage":5,"enemies":"Spire Growth","floor":44,"turns":5},{"damage":58,"enemies":"Awakened One","floor":50,"turns":10}],"seed_played":"1850723340784615282","potions_obtained":[{"floor":3.0,"key":"EssenceOfSteel"},{"floor":5.0,"key":"SkillPotion"},{"floor":10.0,"key":"Explosive Potion"},{"floor":11.0,"key":"Poison Potion"},{"floor":19.0,"key":"SteroidPotion"},{"floor":23.0,"key":"Block Potion"},{"floor":29.0,"key":"GamblersBrew"},{"floor":33.0,"key":"Swift Potion"},{"floor":44,"key":"Ancient Potion"}],"is_trial":false,"path_per_floor":["M","$","M","?","M","R","M","R","T","E","M","R","M","M","R","B",null,"M","M","?","?","?","E","R","$","T","R","M","M","M","M","R","B",null,"M","?","M","M","$","E","R","?","T","M","$","?","R","?","R","B",null],"character_chosen":"THE_SILENT","items_purchased":["Crippling Poison","Noxious Fumes","Backflip+1","Bag of Preparation","Deadly Poison+1","Well Laid Plans"],"campfire_rested":4,"item_purchase_floors":[2,39,39,39,45,45],"current_hp_per_floor":[61,61,61,61,61,61,61,61,61,54,54,54,54,51,51,59,62,58,48,48,38,59,27,45,45,45,45,45,42,25,25,43,55,61,58,58,56,51,51,20,38,38,38,35,35,35,53,53,53,5],"gold":16,"neow_bonus":"TRANSFORM_TWO_CARDS","is_prod":false,"is_daily":false,"chose_seed":false,"campfire_upgraded":6,"win_rate":0,"timestamp":1566427430,"path_taken":["M","$","M","?","?","R","M","R","T","E","M","R","M","M","R","BOSS","M","?","?","?","?","E","R","?","T","R","?","M","M","M","R","BOSS","M","?","M","M","$","E","R","?","T","M","$","?","R","?","R","BOSS"],"build_version":"2019-07-17","purchased_purges":3,"victory":true,"max_hp_per_floor":[63,63,63,63,63,63,63,63,63,63,63,63,63,63,63,63,63,63,63,63,63,63,63,63,63,63,63,63,63,63,63,63,63,63,63,63,63,63,63,63,63,63,63,63,63,63,63,63,63,63],"card_choices":[{"not_picked":["Quick Slash","Outmaneuver","Deflect"],"picked":"SKIP","floor":1.0},{"not_picked":["Acrobatics","Skewer"],"picked":"Dodge and Roll","floor":3.0},{"not_picked":["Prepared+1","Expertise+1"],"picked":"Calculated Gamble+1","floor":5.0},{"not_picked":["Acrobatics+1","All Out Attack"],"picked":"Dodge and Roll+1","floor":7.0},{"not_picked":["Dagger Spray","Infinite Blades"],"picked":"Crippling Poison+1","floor":10.0},{"not_picked":["Flechettes","Masterful Stab"],"picked":"Catalyst+1","floor":11.0},{"not_picked":["Dodge and Roll+1","Outmaneuver+1"],"picked":"Dash","floor":13.0},{"not_picked":["Bane","Grand Finale"],"picked":"Backflip+1","floor":14.0},{"not_picked":["Envenom","Bullet Time+1"],"picked":"Corpse Explosion+1","floor":16.0},{"not_picked":["Underhanded Strike","Skewer+1","Blade Dance+1"],"picked":"SKIP","floor":18.0},{"not_picked":["Bane","Outmaneuver+1","Quick Slash"],"picked":"SKIP","floor":19.0},{"not_picked":["Cloak And Dagger+1","Skewer"],"picked":"Bouncing Flask+1","floor":21.0},{"not_picked":["Prepared+1","Cloak And Dagger+1","Tactician+1"],"picked":"SKIP","floor":23.0},{"not_picked":["Slice","Skewer"],"picked":"Bouncing Flask+1","floor":28.0},{"not_picked":["Flying Knee","Concentrate+1","Masterful Stab+1"],"picked":"SKIP","floor":29.0},{"not_picked":["Flying Knee","Concentrate+1","Masterful Stab+1"],"picked":"SKIP","floor":29.0},{"not_picked":["Quick Slash","PiercingWail+1"],"picked":"Night Terror+1","floor":30.0},{"not_picked":["Flechettes+1","Concentrate+1","Bane"],"picked":"SKIP","floor":31.0},{"not_picked":["Phantasmal Killer+1","Glass Knife"],"picked":"Bullet Time+1","floor":33.0},{"not_picked":["Tactician+1","Prepared+1","Distraction+1"],"picked":"SKIP","floor":35.0},{"not_picked":["Reflex+1","Cloak And Dagger+1","Bane"],"picked":"SKIP","floor":37.0},{"not_picked":["Slice+1","All Out Attack"],"picked":"PiercingWail+1","floor":38},{"not_picked":["Tactician+1","Prepared+1","Cloak And Dagger+1"],"picked":"SKIP","floor":40},{"not_picked":["Magnetism","Flash of Steel"],"picked":"Panacea+1","floor":42},{"not_picked":["Blade Dance+1","Dodge and Roll+1","Sucker Punch"],"picked":"SKIP","floor":44}],"player_experience":121218,"relics_obtained":[{"floor":9.0,"key":"Pantograph"},{"floor":10.0,"key":"Mercury Hourglass"},{"floor":21.0,"key":"Red Mask"},{"floor":23.0,"key":"Dodecahedron"},{"floor":26.0,"key":"Vajra"},{"floor":40,"key":"Art of War"},{"floor":43,"key":"Blood Vial"}],"event_choices":[{"damage_healed":0.0,"max_hp_gain":0.0,"max_hp_loss":0.0,"gold_gain":0.0,"event_name":"WeMeetAgain","player_choice":"Gave Potion","floor":4.0,"gold_loss":0.0,"damage_taken":0.0,"relics_obtained":["Toxic Egg 2"]},{"damage_healed":0.0,"max_hp_gain":0.0,"max_hp_loss":0.0,"gold_gain":0.0,"event_name":"Drug Dealer","player_choice":"Inject Mutagens","floor":20.0,"gold_loss":0.0,"damage_taken":0.0,"relics_obtained":["MutagenicStrength"]},{"damage_healed":0.0,"max_hp_gain":0.0,"max_hp_loss":0.0,"gold_gain":0.0,"event_name":"Masked Bandits","player_choice":"Fought Bandits","floor":21.0,"gold_loss":0.0,"damage_taken":0.0},{"damage_healed":21.0,"max_hp_gain":0.0,"max_hp_loss":0.0,"gold_gain":0.0,"event_name":"The Library","player_choice":"Heal","floor":22.0,"gold_loss":0.0,"damage_taken":0.0},{"cards_removed":["Neutralize"],"damage_healed":0.0,"max_hp_gain":0.0,"max_hp_loss":0.0,"gold_gain":0.0,"event_name":"Falling","player_choice":"Removed Attack","floor":36.0,"gold_loss":0.0,"damage_taken":0.0},{"damage_healed":0,"gold_gain":0,"player_choice":"Memory 1","damage_taken":0,"max_hp_gain":0,"max_hp_loss":0,"event_name":"SensoryStone","floor":42,"gold_loss":0},{"damage_healed":0,"gold_gain":0,"player_choice":"Ignored","damage_taken":0,"max_hp_gain":0,"max_hp_loss":0,"event_name":"Mysterious Sphere","floor":46,"gold_loss":0},{"damage_healed":0,"gold_gain":0,"player_choice":"Ignored","damage_taken":0,"max_hp_gain":0,"max_hp_loss":0,"event_name":"Tomb of Lord Red Mask","floor":48,"gold_loss":0}],"is_beta":false,"boss_relics":[{"not_picked":["Lizard Tail","Busted Crown"],"picked":"Astrolabe"},{"not_picked":["HoveringKite","Tiny House"],"picked":"Empty Cage"}],"items_purged_floors":[2,25,39],"is_endless":false,"potions_floor_spawned":[3,5,10,11,19,23,29,33,44],"ascension_level":10}