{"path_per_floor":["M","$","M","M","M","R","M","M","T","E","M","R","?","M","R","B",null,"M","$","?","M","M","E","M","R","T","M","?","M","R","M","R"],"character_chosen":"IRONCLAD","items_purchased":["Rampage","Sever Soul"],"gold_per_floor":[118,36,51,67,79,79,94,106,160,188,205,205,205,215,215,311,311,322,170,120,138,153,185,199,199,223,241,241,258,258,276,276],"floor_reached":33,"campfire_rested":3,"playtime":1900,"current_hp_per_floor":[72,72,72,72,68,68,62,68,68,55,61,61,47,35,71,43,72,72,72,72,71,46,14,15,53,53,55,55,57,57,49,81],"items_purged":["Strike_R"],"gold":276,"score":275,"play_id":"5e3f0c37-7dbf-4945-827c-a507fd1c3cc2","local_time":"20180320022700","is_prod":false,"is_daily":false,"is_ascension_mode":false,"campfire_upgraded":3,"timestamp":1521527220,"path_taken":["M","$","M","M","M","R","M","M","T","E","?","R","?","M","R","BOSS","M","$","?","M","M","E","M","R","T","?","?","M","R","M","R","BOSS"],"build_version":"2018-03-15v3","purchased_purges":1,"victory":false,"master_deck":["Strike_R","Strike_R+1","Defend_R+1","Defend_R+1","Defend_R","Bash","Heavy Blade","Rampage","Shrug It Off+1","Whirlwind+1","Bloodletting","Power Through","Flex+1","Headbutt","Clash","Feed","Heavy Blade+1","Sever Soul","Hemokinesis","Inflame+1","Pommel Strike+1","Clash","Battle Trance"],"max_hp_per_floor":[72,72,72,72,72,72,72,72,72,72,72,72,72,72,72,72,72,72,72,72,72,75,78,78,78,78,78,78,81,81,81,81],"relics":["Burning Blood","Regal Pillow","Bag of Marbles","Black Star","Vajra","War Paint","Blood Vial"],"card_choices":[{"not_picked":["Combust","Flex"],"picked":"Heavy Blade"},{"not_picked":["Perfected Strike","Twin Strike"],"picked":"Shrug It Off"},{"not_picked":["Warcry","Cleave"],"picked":"Whirlwind"},{"not_picked":["Corruption","Clash"],"picked":"Bloodletting"},{"not_picked":["Offering","Body Slam"],"picked":"Power Through"},{"not_picked":["Rage","Whirlwind"],"picked":"Flex"},{"not_picked":["Blood for Blood","Warcry"],"picked":"Headbutt"},{"not_picked":["Bloodletting","True Grit"],"picked":"Clash"},{"not_picked":["Juggernaut","Berserk"],"picked":"Feed"},{"not_picked":["Clothesline","Disarm"],"picked":"Heavy Blade"},{"not_picked":["Dropkick","Sword Boomerang"],"picked":"Hemokinesis"},{"not_picked":["Bloodletting","Twin Strike"],"picked":"Inflame"},{"not_picked":["Cleave","Clash"],"picked":"Pommel Strike"},{"not_picked":["Sword Boomerang","Thunderclap"],"picked":"Clash"},{"not_picked":["Twin Strike","Hemokinesis"],"picked":"Battle Trance"}],"player_experience":17378,"potions_floor_usage":[10,10,16,16,23,33,33],"damage_taken":[{"damage":1,"enemies":"Cultist","floor":1,"turns":4},{"damage":5,"enemies":"Small Slimes","floor":3,"turns":3},{"damage":0,"enemies":"2 Louse","floor":4,"turns":3},{"damage":10,"enemies":"Looter","floor":5,"turns":4},{"damage":12,"enemies":"Blue Slaver","floor":7,"turns":3},{"damage":0,"enemies":"Red Slaver","floor":8,"turns":4},{"damage":19,"enemies":"3 Sentries","floor":10,"turns":9},{"damage":0,"enemies":"Gremlin Gang","floor":11,"turns":2},{"damage":18,"enemies":"Lots of Slimes","floor":14,"turns":3},{"damage":34,"enemies":"Hexaghost","floor":16,"turns":7},{"damage":2,"enemies":"Chosen","floor":18,"turns":4},{"damage":7,"enemies":"Shell Parasite","floor":21,"turns":3},{"damage":34,"enemies":"Snake Plant","floor":22,"turns":4},{"damage":41,"enemies":"Book of Stabbing","floor":23,"turns":4},{"damage":5,"enemies":"Chosen and Byrds","floor":24,"turns":3},{"damage":6,"enemies":"Cultist and Chosen","floor":27,"turns":3},{"damage":9,"enemies":"3 Cultists","floor":29,"turns":5},{"damage":16,"enemies":"Chosen and Byrds","floor":31,"turns":5},{"damage":103,"enemies":"Collector","floor":33,"turns":6}],"event_choices":[{"event_name":"Shining Light","player_choice":"Entered Light","floor":13,"damage_taken":0},{"event_name":"The Joust","player_choice":"Bet on Murderer","floor":20,"damage_taken":0},{"event_name":"Back to Basics","player_choice":"Elegance","floor":28,"damage_taken":0}],"boss_relics":[{"not_picked":["Philosopher\u0027s Stone","Runic Dome"],"picked":"Black Star"}],"potions_floor_spawned":[4,7,8,14,21,29,31],"seed_played":"-6844247784785770624","killed_by":"Collector","ascension_level":0,"is_trial":false}