{"gold_per_floor":[117,117,117,129,31,58,58,87,111,125,142,142,66,341,341,446,446,456,7,25,37,37,37],"floor_reached":23,"playtime":1405,"items_purged":[],"score":199,"play_id":"d95bc326-2925-4314-b866-419bcf8c798d","local_time":"20190326154849","is_ascension_mode":false,"campfire_choices":[{"data":"Spot Weakness","floor":7,"key":"SMITH"},{"floor":15,"key":"REST"}],"neow_cost":"NONE","seed_source_timestamp":72675651642641,"circlet_count":0,"master_deck":["Strike_R","Strike_R","Strike_R","Strike_R","Strike_R","Defend_R","Defend_R","Defend_R","Defend_R","Bash","Burning Pact","Armaments","Intimidate","Inflame","Iron Wave","Spot Weakness+1","Sword Boomerang","Fire Breathing","Fire Breathing","Uppercut","Regret","Barricade","Pommel Strike+1","Rage","Flex","Pain"],"relics":["Burning Blood","Oddly Smooth Stone","Strawberry","Bag of Preparation","Blood Vial","Mummified Hand","Black Star","Champion Belt","PreservedInsect","WarpedTongs"],"potions_floor_usage":[6,16,20],"damage_taken":[{"damage":4,"enemies":"2 Louse","floor":1,"turns":4},{"damage":14,"enemies":"Jaw Worm","floor":4,"turns":4},{"damage":33,"enemies":"3 Sentries","floor":6,"turns":9},{"damage":25,"enemies":"Lagavulin","floor":8,"turns":8},{"damage":0,"enemies":"Cultist","floor":10,"turns":3},{"damage":9,"enemies":"Red Slaver","floor":11,"turns":3},{"damage":49,"enemies":"The Guardian","floor":16,"turns":13},{"damage":38,"enemies":"Chosen","floor":18,"turns":8},{"damage":21,"enemies":"Spheric Guardian","floor":20,"turns":4},{"damage":30,"enemies":"Chosen and Byrds","floor":21,"turns":7},{"damage":29,"enemies":"Slavers","floor":23,"turns":1}],"seed_played":"869262301014606527","potions_obtained":[{"floor":1,"key":"SkillPotion"},{"floor":10,"key":"Explosive Potion"},{"floor":18,"key":"LiquidBronze"}],"is_trial":false,"path_per_floor":["M","?","?","M","$","E","R","E","T","M","M","T","$","?","R","B",null,"M","$","M","M","?","E"],"character_chosen":"IRONCLAD","items_purchased":["Inflame","Iron Wave","Uppercut","Champion Belt","PreservedInsect"],"campfire_rested":1,"item_purchase_floors":[5,5,13,19,19],"current_hp_per_floor":[80,80,80,72,72,52,52,33,33,41,40,40,40,40,66,25,87,55,55,42,20,20,0],"gold":37,"neow_bonus":"RANDOM_COMMON_RELIC","is_prod":false,"is_daily":false,"chose_seed":false,"campfire_upgraded":1,"win_rate":0,"timestamp":1553579329,"path_taken":["M","?","?","?","?","E","R","E","T","M","M","?","$","?","R","BOSS","M","$","M","M","?","E"],"build_version":"2019-01-23","purchased_purges":0,"victory":false,"max_hp_per_floor":[80,80,80,80,80,87,87,87,87,87,87,87,87,87,87,87,87,87,87,87,87,87,87],"card_choices":[{"not_picked":["Ghostly Armor","Clash"],"picked":"Burning Pact","floor":1},{"not_picked":["Clothesline","Shrug It Off"],"picked":"Intimidate","floor":4},{"not_picked":["Second Wind","Sword Boomerang"],"picked":"Spot Weakness","floor":6},{"not_picked":["Feel No Pain","True Grit"],"picked":"Sword Boomerang","floor":8},{"not_picked":["Twin Strike","Shockwave"],"picked":"Fire Breathing","floor":10},{"not_picked":["Headbutt","Power Through"],"picked":"Fire Breathing","floor":11},{"not_picked":["Exhume","Double Tap"],"picked":"Barricade","floor":16},{"not_picked":["Headbutt","Entrench"],"picked":"Pommel Strike+1","floor":18},{"not_picked":["Thunderclap+1","Fire Breathing"],"picked":"Rage","floor":20},{"not_picked":["Cleave","Combust+1"],"picked":"Flex","floor":21}],"player_experience":179109,"relics_obtained":[{"floor":6,"key":"Strawberry"},{"floor":8,"key":"Bag of Preparation"},{"floor":9,"key":"Blood Vial"},{"floor":12,"key":"Mummified Hand"}],"event_choices":[{"damage_healed":0,"gold_gain":0,"player_choice":"Leave","damage_taken":0,"max_hp_gain":0,"max_hp_loss":0,"event_name":"The Cleric","floor":2,"gold_loss":0},{"damage_healed":0,"gold_gain":0,"player_choice":"1 cards matched","damage_taken":0,"max_hp_gain":0,"max_hp_loss":0,"event_name":"Match and Keep!","floor":3,"gold_loss":0,"cards_obtained":["Armaments"]},{"damage_healed":0,"gold_gain":275,"player_choice":"Desecrate","damage_taken":0,"max_hp_gain":0,"max_hp_loss":0,"event_name":"Golden Shrine","floor":14,"gold_loss":0,"cards_obtained":["Regret"]},{"damage_healed":0,"gold_gain":0,"player_choice":"Rummage","damage_taken":0,"relics_obtained":["WarpedTongs"],"max_hp_gain":0,"max_hp_loss":0,"event_name":"Accursed Blacksmith","floor":22,"gold_loss":0,"cards_obtained":["Pain"]}],"is_beta":false,"boss_relics":[{"not_picked":["Busted Crown","Runic Pyramid"],"picked":"Black Star"}],"items_purged_floors":[],"is_endless":false,"potions_floor_spawned":[1,10,18],"killed_by":"Slavers","ascension_level":0}