{"gold_per_floor":[117,67,18,18,38,38,51,81,81,81,81,101,101],"floor_reached":13,"playtime":454,"items_purged":[],"score":116,"play_id":"a9581664-a9c0-4fbf-aa11-56ee723258db","local_time":"20190906202454","is_ascension_mode":true,"campfire_choices":[{"data":"Dualcast","floor":6,"key":"SMITH"},{"data":"Zap","floor":11,"key":"SMITH"}],"neow_cost":"NONE","seed_source_timestamp":11995009553500,"circlet_count":0,"master_deck":["Strike_B","Strike_B","Defend_B","Defend_B","Defend_B","Defend_B","Zap+1","Dualcast+1","Coolheaded","Chill","Genetic Algorithm"],"relics":["Cracked Core","Art of War","Frozen Egg 2","Meat on the Bone"],"potions_floor_usage":[8],"damage_taken":[{"damage":7,"enemies":"Small Slimes","floor":1,"turns":4},{"damage":0,"enemies":"Jaw Worm","floor":5,"turns":6},{"damage":0,"enemies":"2 Louse","floor":7,"turns":2},{"damage":33,"enemies":"Lagavulin","floor":8,"turns":8},{"damage":0,"enemies":"Exordium Wildlife","floor":12,"turns":3},{"damage":65,"enemies":"Gremlin Nob","floor":13,"turns":5}],"seed_played":"5175893775749578700","potions_obtained":[{"floor":5,"key":"GamblersBrew"}],"is_trial":false,"path_per_floor":["M","?","$","?","M","R","M","E","T","?","R","M","E"],"character_chosen":"DEFECT","items_purchased":["Coolheaded"],"campfire_rested":0,"item_purchase_floors":[3],"current_hp_per_floor":[61,61,61,61,61,61,61,28,28,28,28,40,0],"gold":101,"neow_bonus":"RANDOM_COMMON_RELIC","is_prod":false,"is_daily":false,"chose_seed":false,"campfire_upgraded":2,"win_rate":0,"timestamp":1567794294,"path_taken":["M","?","$","?","M","R","M","E","T","?","R","M","E"],"build_version":"2019-07-17","purchased_purges":0,"victory":false,"max_hp_per_floor":[75,75,75,75,75,75,75,75,75,75,75,75,75],"card_choices":[{"not_picked":["Rebound","Hologram","Cold Snap"],"picked":"SKIP","floor":1},{"not_picked":["Doom and Gloom","Storm","Turbo"],"picked":"SKIP","floor":5},{"not_picked":["Streamline","Compile Driver","Leap"],"picked":"SKIP","floor":7},{"not_picked":["Undo","Rainbow"],"picked":"Chill","floor":8},{"not_picked":["Cold Snap","Coolheaded"],"picked":"Genetic Algorithm","floor":12}],"player_experience":137940,"relics_obtained":[{"floor":8,"key":"Frozen Egg 2"},{"floor":9,"key":"Meat on the Bone"}],"event_choices":[{"cards_removed":["Strike_B"],"damage_healed":0,"gold_gain":0,"player_choice":"Card Removal","damage_taken":0,"max_hp_gain":0,"max_hp_loss":0,"event_name":"The Cleric","floor":2,"gold_loss":50},{"cards_removed":["Strike_B"],"damage_healed":0,"gold_gain":0,"player_choice":"Forget","damage_taken":0,"max_hp_gain":0,"max_hp_loss":0,"event_name":"Living Wall","floor":4,"gold_loss":0},{"damage_healed":0,"gold_gain":0,"player_choice":"Ignored","damage_taken":0,"max_hp_gain":0,"max_hp_loss":0,"event_name":"Golden Idol","floor":10,"gold_loss":0}],"is_beta":false,"boss_relics":[],"items_purged_floors":[],"is_endless":false,"potions_floor_spawned":[5],"killed_by":"Gremlin Nob","ascension_level":8}