{"gold_per_floor":[119,138,148,47,59,88,88,100,100,100,100,140,140,165,165,165],"floor_reached":16,"playtime":1018,"items_purged":[],"score":224,"play_id":"840e6714-6448-42e2-857e-804baa0deaf3","local_time":"20181229152502","is_ascension_mode":true,"campfire_choices":[{"floor":10,"key":"REST"},{"data":"A Thousand Cuts","floor":13,"key":"SMITH"},{"data":"Malaise","floor":15,"key":"SMITH"}],"neow_cost":"NONE","seed_source_timestamp":741569905987342,"circlet_count":0,"master_deck":["AscendersBane","Defend_G","Defend_G","Defend_G","Defend_G","Defend_G","Strike_G","Strike_G","Strike_G","Strike_G","Strike_G","Survivor","Neutralize","Malaise+1","Poisoned Stab","Flechettes","Flying Knee","Well Laid Plans","Backstab","Quick Slash","Calculated Gamble","A Thousand Cuts+1","Endless Agony"],"special_seed":0,"relics":["Ring of the Snake","Paper Crane","Golden Idol","Dodecahedron"],"potions_floor_usage":[6,12,14,16],"damage_taken":[{"damage":5.0,"enemies":"Small Slimes","floor":1.0,"turns":4.0},{"damage":0.0,"enemies":"2 Louse","floor":2.0,"turns":4.0},{"damage":3.0,"enemies":"Jaw Worm","floor":3.0,"turns":6.0},{"damage":6.0,"enemies":"Looter","floor":5.0,"turns":4.0},{"damage":25,"enemies":"Lagavulin","floor":6,"turns":7},{"damage":0,"enemies":"2 Fungi Beasts","floor":8,"turns":4},{"damage":11,"enemies":"3 Sentries","floor":12,"turns":8},{"damage":2,"enemies":"3 Louse","floor":14,"turns":3},{"damage":36,"enemies":"Slime Boss","floor":16,"turns":4}],"seed_played":"-7194742386186584314","potions_obtained":[{"floor":3.0,"key":"Strength Potion"},{"floor":6,"key":"SteroidPotion"},{"floor":8,"key":"Energy Potion"},{"floor":12,"key":"AttackPotion"}],"is_trial":false,"path_per_floor":["M","M","M","$","M","E","?","M","T","R","?","E","R","M","R","B"],"character_chosen":"THE_SILENT","items_purchased":["Flying Knee","Well Laid Plans"],"campfire_rested":1,"item_purchase_floors":[4,4],"current_hp_per_floor":[54,54,51,51,45,20,25,25,25,46,46,35,35,33,33,0],"gold":165,"neow_bonus":"ONE_RANDOM_RARE_CARD","is_prod":false,"is_daily":false,"chose_seed":false,"campfire_upgraded":2,"win_rate":0,"timestamp":1546115102,"path_taken":["M","M","M","$","M","E","?","M","T","R","?","E","R","?","R","BOSS"],"build_version":"2018-12-20","purchased_purges":0,"victory":false,"max_hp_per_floor":[66,66,66,66,66,66,71,71,71,71,64,64,64,64,64,64],"card_choices":[{"not_picked":["Deadly Poison","Sucker Punch"],"picked":"Poisoned Stab","floor":1.0},{"not_picked":["PiercingWail","Terror"],"picked":"Flechettes","floor":2.0},{"not_picked":["Outmaneuver","Bane","Expertise"],"picked":"SKIP","floor":3.0},{"not_picked":["Backflip","Dagger Throw"],"picked":"Backstab","floor":5.0},{"not_picked":["Prepared","Eviscerate"],"picked":"Quick Slash","floor":6},{"not_picked":["Deadly Poison","Noxious Fumes"],"picked":"Calculated Gamble","floor":8},{"not_picked":["Calculated Gamble","Accuracy"],"picked":"A Thousand Cuts","floor":12},{"not_picked":["Poisoned Stab","Distraction"],"picked":"Endless Agony","floor":14}],"player_experience":1097817,"relics_obtained":[{"floor":6,"key":"Paper Crane"},{"floor":12,"key":"Dodecahedron"}],"event_choices":[{"damage_healed":0,"gold_gain":0,"player_choice":"Donut","damage_taken":0,"max_hp_gain":5,"max_hp_loss":0,"event_name":"Big Fish","floor":7,"gold_loss":0},{"damage_healed":0,"gold_gain":0,"player_choice":"Lose Max HP","damage_taken":0,"relics_obtained":["Golden Idol"],"max_hp_gain":0,"max_hp_loss":7,"event_name":"Golden Idol","floor":11,"gold_loss":0}],"is_beta":false,"boss_relics":[],"items_purged_floors":[],"is_endless":false,"potions_floor_spawned":[3,6,8,12],"killed_by":"Slime Boss","ascension_level":20}