{"gold_per_floor":[116,41,61,72,88,88,107,141,165,192,203,203,218,235,235,306,306,321,321,77,177,195,195,223,223,247,267,298,298,308,69,69,143,143,162,172,23,23,40,40,115,115,139,139,167,178,28,43,43,43,43,43,43,43],"floor_reached":54,"playtime":3058,"items_purged":["Strike_G","Strike_G","Defend_G","Defend_G"],"score":1265,"play_id":"f15c5483-3286-4163-b928-89f6c27de05b","local_time":"20181223225205","is_ascension_mode":true,"campfire_choices":[{"data":"Envenom","floor":6,"key":"SMITH"},{"data":"Finisher","floor":12,"key":"SMITH"},{"floor":15,"key":"REST"},{"floor":23,"key":"REST"},{"data":"1","floor":29,"key":"LIFT"},{"data":"2","floor":32,"key":"LIFT"},{"data":"3","floor":40,"key":"LIFT"},{"data":"Endless Agony","floor":42,"key":"SMITH"},{"floor":44,"key":"RECALL"},{"data":"Dodge and Roll","floor":49,"key":"SMITH"},{"data":"Cloak And Dagger","floor":52,"key":"SMITH"}],"neow_cost":"TEN_PERCENT_HP_LOSS","seed_source_timestamp":247966733996304,"circlet_count":0,"master_deck":["AscendersBane","Defend_G","Defend_G","Survivor","Neutralize","Envenom+1","Endless Agony+1","Slice+1","Dash+1","Escape Plan","Finisher+1","Cloak And Dagger+1","Backflip","Adrenaline","Doppelganger","Leg Sweep+1","All Out Attack+1","A Thousand Cuts+1","Masterful Stab+1","Dodge and Roll+1","Backstab+1"],"relics":["Ring of the Snake","Kunai","Happy Flower","Bag of Marbles","Astrolabe","Vajra","StoneCalendar","Meat on the Bone","Blood Vial","Oddly Smooth Stone","Girya","Tiny Chest","Sozu","Whetstone","Omamori"],"potions_floor_usage":[8,8,10,21,24,30,50],"damage_taken":[{"damage":7,"enemies":"Jaw Worm","floor":1,"turns":5},{"damage":0,"enemies":"Small Slimes","floor":3,"turns":3},{"damage":0,"enemies":"Cultist","floor":4,"turns":3},{"damage":4,"enemies":"Large Slime","floor":5,"turns":7},{"damage":13,"enemies":"Exordium Thugs","floor":7,"turns":6},{"damage":2,"enemies":"Lagavulin","floor":8,"turns":4},{"damage":7,"enemies":"Gremlin Nob","floor":10,"turns":4},{"damage":0,"enemies":"Looter","floor":11,"turns":3},{"damage":0,"enemies":"Large Slime","floor":13,"turns":5},{"damage":0,"enemies":"Exordium Wildlife","floor":14,"turns":1},{"damage":13,"enemies":"The Guardian","floor":16,"turns":14},{"damage":1,"enemies":"3 Byrds","floor":18,"turns":3},{"damage":5,"enemies":"Colosseum Slavers","floor":21,"turns":4},{"damage":22,"enemies":"Colosseum Nobs","floor":21,"turns":4},{"damage":2,"enemies":"2 Thieves","floor":22,"turns":3},{"damage":0,"enemies":"Book of Stabbing","floor":24,"turns":6},{"damage":0,"enemies":"Snake Plant","floor":27,"turns":3},{"damage":19,"enemies":"Gremlin Leader","floor":28,"turns":5},{"damage":0,"enemies":"Shelled Parasite and Fungi","floor":30,"turns":1},{"damage":21,"enemies":"Champ","floor":33,"turns":8},{"damage":0,"enemies":"3 Darklings","floor":35,"turns":4},{"damage":1,"enemies":"3 Shapes","floor":36,"turns":5},{"damage":0,"enemies":"Maw","floor":39,"turns":6},{"damage":0,"enemies":"Giant Head","floor":45,"turns":7},{"damage":0,"enemies":"Sphere and 2 Shapes","floor":46,"turns":3},{"damage":0,"enemies":"Transient","floor":48,"turns":5},{"damage":32,"enemies":"Donu and Deca","floor":50,"turns":12},{"damage":57,"enemies":"Shield and Spear","floor":54,"turns":5}],"seed_played":"4938416891747006025","potions_obtained":[{"floor":4,"key":"Energy Potion"},{"floor":7,"key":"GamblersBrew"},{"floor":8,"key":"SpeedPotion"},{"floor":14,"key":"Ancient Potion"},{"floor":16,"key":"PowerPotion"},{"floor":21,"key":"Energy Potion"},{"floor":28,"key":"FearPotion"},{"floor":30,"key":"GhostInAJar"}],"is_trial":false,"path_per_floor":["M","$","M","M","M","R","M","E","T","E","M","R","M","M","R","B",null,"M","?","$","?","M","R","E","?","T","M","E","R","M","$","R","B",null,"M","M","$","?","M","R","?","R","T","R","E","M","$","M","R","B",null,"R","$","E"],"character_chosen":"THE_SILENT","items_purchased":["Vajra","Tiny Chest","Whetstone"],"campfire_rested":2,"item_purchase_floors":[20,31,37],"current_hp_per_floor":[52,52,52,52,48,48,35,33,33,26,26,26,26,26,44,31,53,52,52,52,25,35,53,53,53,53,55,38,38,40,40,40,33,53,55,56,56,56,57,57,52,52,52,52,54,56,56,57,57,37,52,52,52,0],"gold":43,"neow_bonus":"THREE_RARE_CARDS","is_prod":false,"is_daily":false,"chose_seed":false,"campfire_upgraded":5,"win_rate":0,"timestamp":1545623525,"path_taken":["M","$","M","M","M","R","M","E","T","E","M","R","M","M","R","BOSS","M","?","$","?","M","R","E","?","T","M","E","R","M","?","R","BOSS","M","M","$","?","M","R","?","R","T","R","E","M","$","?","R","BOSS","R","$","E"],"build_version":"2018-12-20","purchased_purges":4,"victory":false,"max_hp_per_floor":[60,60,60,60,60,60,60,60,60,60,60,60,60,60,60,60,60,60,60,60,60,60,60,60,60,60,60,60,60,60,60,60,60,60,60,60,60,57,57,57,57,57,57,57,57,57,57,57,57,57,57,57,57,57],"card_choices":[{"not_picked":["Night Terror","Die Die Die"],"picked":"Envenom","floor":0},{"not_picked":["Sucker Punch","Poisoned Stab"],"picked":"Endless Agony","floor":1},{"not_picked":["Well Laid Plans","Deflect"],"picked":"Slice","floor":3},{"not_picked":["Acrobatics","Backflip"],"picked":"Dash","floor":4},{"not_picked":["Deadly Poison","Slice"],"picked":"Escape Plan","floor":5},{"not_picked":["PiercingWail","Unload"],"picked":"Finisher","floor":7},{"not_picked":["Deadly Poison","Skewer","Poisoned Stab"],"picked":"SKIP","floor":8},{"not_picked":["Leg Sweep","Eviscerate"],"picked":"Cloak And Dagger","floor":10},{"not_picked":["Deadly Poison","Choke"],"picked":"Backflip","floor":11},{"not_picked":["Blade Dance","Caltrops"],"picked":"Adrenaline","floor":13},{"not_picked":["Outmaneuver","Noxious Fumes","Bouncing Flask"],"picked":"SKIP","floor":14},{"not_picked":["Bullet Time","Wraith Form v2"],"picked":"Doppelganger","floor":16},{"not_picked":["Crippling Poison","Slice","Accuracy"],"picked":"SKIP","floor":18},{"not_picked":["Poisoned Stab","Outmaneuver","Dagger Spray"],"picked":"SKIP","floor":22},{"not_picked":["Dagger Throw","Setup"],"picked":"Masterful Stab+1","floor":24},{"not_picked":["Slice","Grand Finale","All Out Attack"],"picked":"SKIP","floor":27},{"not_picked":["Dagger Throw","Cloak And Dagger","Dagger Spray"],"picked":"SKIP","floor":28},{"not_picked":["Choke","Blade Dance","Deflect"],"picked":"SKIP","floor":30},{"not_picked":["Catalyst","Blur+1"],"picked":"Dodge and Roll","floor":36},{"not_picked":["Dodge and Roll","Backflip","Sucker Punch"],"picked":"SKIP","floor":39},{"not_picked":["Accuracy","Flying Knee","Sucker Punch"],"picked":"SKIP","floor":45},{"not_picked":["Flying Knee","Masterful Stab+1"],"picked":"Backstab+1","floor":46},{"not_picked":["Skewer","Dodge and Roll","Dagger Throw+1"],"picked":"SKIP","floor":48}],"player_experience":953282,"relics_obtained":[{"floor":8,"key":"Kunai"},{"floor":9,"key":"Happy Flower"},{"floor":10,"key":"Bag of Marbles"},{"floor":21,"key":"StoneCalendar"},{"floor":21,"key":"Meat on the Bone"},{"floor":24,"key":"Blood Vial"},{"floor":26,"key":"Oddly Smooth Stone"},{"floor":28,"key":"Girya"},{"floor":45,"key":"Omamori"}],"event_choices":[{"cards_removed":["Defend_G"],"damage_healed":0,"gold_gain":0,"player_choice":"Elegance","damage_taken":0,"max_hp_gain":0,"max_hp_loss":0,"event_name":"Back to Basics","floor":19,"gold_loss":0},{"damage_healed":0,"gold_gain":0,"player_choice":"Fight","damage_taken":0,"max_hp_gain":0,"max_hp_loss":0,"event_name":"Colosseum","floor":21,"gold_loss":0},{"damage_healed":0,"gold_gain":0,"player_choice":"Fought Nobs","damage_taken":0,"max_hp_gain":0,"max_hp_loss":0,"event_name":"Colosseum","floor":21,"gold_loss":0},{"damage_healed":0,"gold_gain":0,"player_choice":"Ignored","damage_taken":0,"max_hp_gain":0,"max_hp_loss":0,"event_name":"The Mausoleum","floor":25,"gold_loss":0},{"damage_healed":0,"gold_gain":0,"player_choice":"Max HP","damage_taken":0,"max_hp_gain":0,"max_hp_loss":3,"event_name":"Winding Halls","floor":38,"gold_loss":0},{"damage_healed":0,"gold_gain":75,"player_choice":"Touch","damage_taken":5,"max_hp_gain":0,"max_hp_loss":0,"event_name":"FaceTrader","floor":41,"gold_loss":0}],"is_beta":false,"boss_relics":[{"not_picked":["Runic Pyramid","Orrery"],"picked":"Astrolabe"},{"not_picked":["Eternal Feather","Runic Dome"],"picked":"Sozu"}],"items_purged_floors":[2,20,31,47],"is_endless":false,"potions_floor_spawned":[4,7,8,14,16,18,21,28,30,33,35,39,48],"killed_by":"Shield and Spear","ascension_level":14}