{"gold_per_floor":[118,118,129,145,145,174,174,174,174,19,19,31,31,66,66,162,162,173,191,191,216,216,216,230,230,230,170,187,200,228,240,240,340,340,357,357,368,382,396,396,421,174,174,202,202,202,21,21,21,21],"floor_reached":51,"playtime":3173,"items_purged":["Strike_G","Strike_G","Defend_G"],"score":1146,"play_id":"040948fe-89aa-4e4a-8e36-2458714a0791","local_time":"20190820162903","is_ascension_mode":true,"campfire_choices":[{"data":"Footwork","floor":7.0,"key":"SMITH"},{"data":"Deadly Poison","floor":15.0,"key":"SMITH"},{"data":"Deadly Poison","floor":23.0,"key":"SMITH"},{"floor":25.0,"key":"REST"},{"data":"Footwork","floor":32,"key":"SMITH"},{"data":"Neutralize","floor":40,"key":"SMITH"},{"data":"Footwork","floor":45,"key":"SMITH"},{"floor":49,"key":"REST"}],"neow_cost":"NONE","seed_source_timestamp":10902621357900,"circlet_count":0,"master_deck":["Defend_G+1","Defend_G","Defend_G+1","Survivor","Neutralize+1","Deadly Poison+1","Footwork+1","Bouncing Flask+1","Deflect+1","Adrenaline+1","Escape Plan+1","After Image","PiercingWail+1","Dodge and Roll+1","Footwork+1","Footwork+1","Deadly Poison+1","Adrenaline+1","Expertise+1","Concentrate+1","Reflex+1","Well Laid Plans","Footwork+1","Backflip+1","Night Terror+1","Acrobatics+1","Leg Sweep+1"],"special_seed":0,"relics":["Ring of the Snake","Question Card","Mercury Hourglass","Oddly Smooth Stone","Toxic Egg 2","The Courier","Orichalcum","Empty Cage","Red Mask","Dodecahedron","The Specimen","Sozu","Boot","Anchor","Blood Vial","War Paint"],"potions_floor_usage":[37,50],"damage_taken":[{"damage":0.0,"enemies":"Small Slimes","floor":1.0,"turns":3.0},{"damage":3.0,"enemies":"Jaw Worm","floor":3.0,"turns":4.0},{"damage":0.0,"enemies":"2 Louse","floor":4.0,"turns":3.0},{"damage":23.0,"enemies":"Lagavulin","floor":6.0,"turns":7.0},{"damage":6.0,"enemies":"Blue Slaver","floor":12.0,"turns":4.0},{"damage":12.0,"enemies":"Gremlin Nob","floor":14.0,"turns":4.0},{"damage":7.0,"enemies":"Hexaghost","floor":16.0,"turns":8.0},{"damage":0.0,"enemies":"Spheric Guardian","floor":18.0,"turns":2.0},{"damage":7.0,"enemies":"Shell Parasite","floor":19.0,"turns":5.0},{"damage":23.0,"enemies":"Masked Bandits","floor":21.0,"turns":6.0},{"damage":13.0,"enemies":"Cultist and Chosen","floor":24.0,"turns":5.0},{"damage":0,"enemies":"Centurion and Healer","floor":28,"turns":5},{"damage":7,"enemies":"Sentry and Sphere","floor":29,"turns":6},{"damage":0,"enemies":"Book of Stabbing","floor":30,"turns":8},{"damage":4,"enemies":"Snecko","floor":31,"turns":5},{"damage":10,"enemies":"Champ","floor":33,"turns":14},{"damage":0,"enemies":"3 Darklings","floor":35,"turns":4},{"damage":0,"enemies":"Orb Walker","floor":37,"turns":3},{"damage":4,"enemies":"Maw","floor":38,"turns":7},{"damage":8,"enemies":"Transient","floor":39,"turns":5},{"damage":19,"enemies":"Reptomancer","floor":41,"turns":7},{"damage":0,"enemies":"Nemesis","floor":44,"turns":8},{"damage":0,"enemies":"Time Eater","floor":50,"turns":14}],"seed_played":"-4531586266403605549","potions_obtained":[{"floor":3.0,"key":"Regen Potion"},{"floor":12.0,"key":"Strength Potion"},{"floor":19.0,"key":"Ancient Potion"},{"floor":24.0,"key":"Dexterity Potion"},{"floor":30,"key":"AttackPotion"},{"floor":33,"key":"Block Potion"}],"is_trial":false,"path_per_floor":["M","$","M","M","?","E","R","?","T","$","T","M","T","E","R","B",null,"M","M","?","?","?","R","M","R","T","$","M","M","E","M","R","B",null,"M","?","M","M","M","R","E","$","T","E","R","?","$","T","R","B",null],"character_chosen":"THE_SILENT","items_purchased":["Oddly Smooth Stone","Well Laid Plans","Footwork","Backflip+1","Acrobatics+1","Leg Sweep+1"],"campfire_rested":2,"item_purchase_floors":[10,42,42,42,47,47],"current_hp_per_floor":[63,63,60,60,60,52,52,57,57,57,57,51,51,39,39,32,64,64,57,57,34,34,34,21,43,43,43,43,36,36,32,32,22,62,62,62,62,58,50,50,31,31,31,31,31,31,31,31,52,54],"gold":21,"neow_bonus":"THREE_CARDS","is_prod":false,"is_daily":false,"chose_seed":false,"campfire_upgraded":6,"win_rate":0,"timestamp":1566311343,"path_taken":["M","$","M","M","?","E","R","?","T","$","?","M","?","E","R","BOSS","M","M","?","?","?","R","M","R","T","$","M","M","E","M","R","BOSS","M","?","M","M","M","R","E","$","T","E","R","?","$","?","R","BOSS"],"build_version":"2019-07-17","purchased_purges":3,"victory":true,"max_hp_per_floor":[70,70,70,70,70,70,70,75,75,75,75,75,75,75,75,75,75,75,75,75,75,75,75,75,75,75,75,75,75,75,75,75,75,75,75,71,71,71,71,71,71,71,71,71,71,71,71,71,71,71],"card_choices":[{"not_picked":["Dodge and Roll","Distraction"],"picked":"Deadly Poison","floor":0.0},{"not_picked":["Quick Slash","Acrobatics","Outmaneuver"],"picked":"SKIP","floor":1.0},{"not_picked":["Flechettes","Dagger Throw"],"picked":"Deadly Poison","floor":3.0},{"not_picked":["Slice","Backstab","Masterful Stab"],"picked":"SKIP","floor":4.0},{"not_picked":["Bouncing Flask","Deflect"],"picked":"Footwork","floor":6.0},{"not_picked":["Outmaneuver+1","Backflip+1","PiercingWail+1"],"picked":"Bouncing Flask+1","floor":12.0},{"not_picked":["Glass Knife","Tactician+1","Slice"],"picked":"Deflect+1","floor":14.0},{"not_picked":["Malaise+1","Grand Finale","Phantasmal Killer+1"],"picked":"Adrenaline+1","floor":16.0},{"not_picked":["Tactician+1","Terror+1","Skewer","Riddle With Holes"],"picked":"SKIP","floor":18.0},{"not_picked":["Outmaneuver+1","Poisoned Stab","Acrobatics+1"],"picked":"Escape Plan+1","floor":19.0},{"not_picked":["Blade Dance+1","Bane","Prepared+1"],"picked":"Dodge and Roll+1","floor":24.0},{"not_picked":["Poisoned Stab","Outmaneuver+1","Night Terror+1"],"picked":"Footwork+1","floor":28},{"not_picked":["Quick Slash","Concentrate+1","Riddle With Holes"],"picked":"Footwork","floor":29},{"not_picked":["Accuracy","Dagger Spray","Deflect+1"],"picked":"Deadly Poison+1","floor":30},{"not_picked":["Deflect+1","Dagger Throw","Acrobatics+1","Skewer"],"picked":"SKIP","floor":31},{"not_picked":["Bullet Time+1","Envenom","Doppelganger+1"],"picked":"Adrenaline+1","floor":33},{"not_picked":["Eviscerate","Acrobatics+1","Sucker Punch+1","Cloak And Dagger+1"],"picked":"SKIP","floor":35},{"not_picked":["Distraction+1","Blade Dance+1","Accuracy"],"picked":"Expertise+1","floor":37},{"not_picked":["Escape Plan+1","Riddle With Holes+1","Bane+1"],"picked":"Concentrate+1","floor":38},{"not_picked":["Terror+1","Underhanded Strike+1","Tactician+1","Dagger Throw"],"picked":"SKIP","floor":39},{"not_picked":["Flying Knee+1","Noxious Fumes","Blade Dance+1"],"picked":"Reflex+1","floor":41},{"not_picked":["Flying Knee","Distraction+1","Tactician+1"],"picked":"Night Terror+1","floor":44}],"player_experience":114145,"relics_obtained":[{"floor":6.0,"key":"Question Card"},{"floor":9.0,"key":"Mercury Hourglass"},{"floor":11.0,"key":"Toxic Egg 2"},{"floor":13.0,"key":"The Courier"},{"floor":14.0,"key":"Orichalcum"},{"floor":21.0,"key":"Red Mask"},{"floor":26.0,"key":"Dodecahedron"},{"floor":30,"key":"The Specimen"},{"floor":41,"key":"Boot"},{"floor":43,"key":"Anchor"},{"floor":44,"key":"Blood Vial"},{"floor":48,"key":"War Paint"}],"event_choices":[{"damage_healed":0.0,"max_hp_gain":0.0,"max_hp_loss":0.0,"gold_gain":0.0,"event_name":"Golden Idol","player_choice":"Ignored","floor":5.0,"gold_loss":0.0,"damage_taken":0.0},{"damage_healed":0.0,"max_hp_gain":5.0,"max_hp_loss":0.0,"gold_gain":0.0,"event_name":"Big Fish","player_choice":"Donut","floor":8.0,"gold_loss":0.0,"damage_taken":0.0},{"damage_healed":0.0,"max_hp_gain":0.0,"max_hp_loss":0.0,"gold_gain":0.0,"cards_transformed":["Strike_G","Strike_G"],"event_name":"Drug Dealer","player_choice":"Became Test Subject","floor":20.0,"gold_loss":0.0,"damage_taken":0.0,"cards_obtained":["After Image","PiercingWail"]},{"damage_healed":0.0,"max_hp_gain":0.0,"max_hp_loss":0.0,"gold_gain":0.0,"event_name":"Masked Bandits","player_choice":"Fought Bandits","floor":21.0,"gold_loss":0.0,"damage_taken":0.0},{"damage_healed":0.0,"max_hp_gain":0.0,"max_hp_loss":0.0,"gold_gain":0.0,"event_name":"The Mausoleum","player_choice":"Ignored","floor":22.0,"gold_loss":0.0,"damage_taken":0.0},{"damage_healed":0,"gold_gain":0,"player_choice":"Max HP","damage_taken":0,"max_hp_gain":0,"max_hp_loss":4,"event_name":"Winding Halls","floor":36,"gold_loss":0},{"cards_removed":["Deadly Poison"],"damage_healed":0,"gold_gain":0,"player_choice":"Removed Skill","damage_taken":0,"max_hp_gain":0,"max_hp_loss":0,"event_name":"Falling","floor":46,"gold_loss":0}],"is_beta":false,"boss_relics":[{"not_picked":["Fusion Hammer","Coffee Dripper"],"picked":"Empty Cage"},{"not_picked":["Black Star","Runic Pyramid"],"picked":"Sozu"}],"items_purged_floors":[27,42,47],"is_endless":false,"potions_floor_spawned":[3,12,19,24,30,33,37,38],"ascension_level":8}