{"gold_per_floor":[114,134,134,134,147,147,160,194,219,243,243,75,75,91,91,211,211,227,222,256,256,275,275,32,32,100,100,3,3,3,28,28,159,159,177,192,206,206],"floor_reached":38,"playtime":1574,"items_purged":["Strike_B","Strike_B","Strike_B"],"score":583,"play_id":"a2113a38-0b19-4872-aae2-15e9cf59f635","local_time":"20181109043844","is_ascension_mode":true,"campfire_choices":[{"data":"Trip","floor":6,"key":"SMITH"},{"data":"Sunder","floor":11,"key":"SMITH"},{"data":"Zap","floor":13,"key":"SMITH"},{"data":"Glacier","floor":15,"key":"SMITH"},{"floor":23,"key":"REST"},{"data":"Dualcast","floor":25,"key":"SMITH"},{"data":"Gash","floor":30,"key":"SMITH"},{"data":"Gash","floor":32,"key":"SMITH"}],"neow_cost":"NONE","seed_source_timestamp":54153978357732,"circlet_count":0,"master_deck":["AscendersBane","Strike_B","Defend_B","Defend_B","Defend_B","Zap+1","Dualcast+1","Trip+1","Scrape+1","Steam","Gash+1","Sunder+1","Core Surge","Darkness","Glacier+1","Echo Form","Gash+1","Leap+1"],"relics":["Cracked Core","Golden Idol","Juzu Bracelet","Smiling Mask","Busted Crown","Red Mask","Lee\u0027s Waffle","Pear","Nuclear Battery"],"potions_floor_usage":[8,16,19,20,33,37],"damage_taken":[{"damage":6,"enemies":"Cultist","floor":1,"turns":3},{"damage":2,"enemies":"Jaw Worm","floor":2,"turns":2},{"damage":2,"enemies":"Small Slimes","floor":5,"turns":4},{"damage":2,"enemies":"3 Louse","floor":7,"turns":3},{"damage":9,"enemies":"Gremlin Nob","floor":8,"turns":3},{"damage":3,"enemies":"Red Slaver","floor":10,"turns":3},{"damage":0,"enemies":"2 Fungi Beasts","floor":14,"turns":2},{"damage":6,"enemies":"The Guardian","floor":16,"turns":10},{"damage":22,"enemies":"3 Byrds","floor":18,"turns":5},{"damage":18,"enemies":"2 Thieves","floor":19,"turns":5},{"damage":10,"enemies":"Masked Bandits","floor":20,"turns":4},{"damage":8,"enemies":"Sentry and Sphere","floor":22,"turns":6},{"damage":10,"enemies":"Centurion and Healer","floor":31,"turns":4},{"damage":21,"enemies":"Champ","floor":33,"turns":6},{"damage":13,"enemies":"3 Darklings","floor":35,"turns":7},{"damage":11,"enemies":"3 Shapes","floor":36,"turns":3},{"damage":51,"enemies":"Transient","floor":37,"turns":5},{"damage":7,"enemies":"4 Shapes","floor":38,"turns":1}],"seed_played":"2537547020727576771","potions_obtained":[{"floor":2,"key":"Fire Potion"},{"floor":7,"key":"FearPotion"},{"floor":16,"key":"Explosive Potion"},{"floor":18,"key":"Regen Potion"},{"floor":19,"key":"Energy Potion"},{"floor":21,"key":"PowerPotion"},{"floor":36,"key":"Explosive Potion"},{"floor":37,"key":"Poison Potion"}],"is_trial":false,"path_per_floor":["M","M","?","?","M","R","M","E","T","M","R","$","R","M","R","B",null,"M","M","?","?","M","R","$","R","T","?","$","?","R","M","R","B",null,"M","M","M","M"],"character_chosen":"DEFECT","items_purchased":["Darkness","Glacier","Lee\u0027s Waffle","Gash"],"campfire_rested":1,"item_purchase_floors":[12,12,24,28],"current_hp_per_floor":[62,60,60,60,58,58,56,47,47,44,44,44,44,44,44,38,61,39,35,25,25,17,37,76,76,86,86,86,86,86,76,76,55,78,65,54,3,0],"gold":206,"neow_bonus":"RANDOM_COLORLESS","is_prod":false,"is_daily":false,"chose_seed":false,"campfire_upgraded":7,"win_rate":0,"timestamp":1541756324,"path_taken":["M","M","?","?","M","R","M","E","T","M","R","$","R","M","R","BOSS","M","M","?","?","M","R","$","R","T","?","$","?","R","M","R","BOSS","M","M","M","M"],"build_version":"2018-11-08","purchased_purges":3,"victory":false,"max_hp_per_floor":[75,75,69,69,69,69,69,69,69,69,69,69,69,69,69,69,69,69,69,69,69,69,69,76,76,86,86,86,86,86,86,86,86,86,86,86,86,86],"card_choices":[{"not_picked":["Fusion","Stack"],"picked":"Scrape","floor":1},{"not_picked":["Barrage","Beam Cell"],"picked":"Steam","floor":2},{"not_picked":["Glacier","Loop"],"picked":"Gash","floor":5},{"not_picked":["Static Discharge","Compile Driver"],"picked":"Sunder","floor":7},{"not_picked":["Cold Snap","Steam"],"picked":"Core Surge","floor":8},{"not_picked":["Barrage","Compile Driver","Stack"],"picked":"SKIP","floor":10},{"not_picked":["Barrage","Undo","Streamline"],"picked":"SKIP","floor":14},{"not_picked":["Biased Cognition","Buffer"],"picked":"Echo Form","floor":16},{"not_picked":["Steam Power"],"picked":"SKIP","floor":18},{"not_picked":["Stack"],"picked":"SKIP","floor":19},{"not_picked":["Genetic Algorithm"],"picked":"SKIP","floor":22},{"not_picked":["Fusion"],"picked":"SKIP","floor":31},{"not_picked":["Hologram"],"picked":"SKIP","floor":35},{"not_picked":[],"picked":"Leap+1","floor":36},{"not_picked":["Ball Lightning+1"],"picked":"SKIP","floor":37}],"player_experience":651023,"relics_obtained":[{"floor":8,"key":"Juzu Bracelet"},{"floor":9,"key":"Smiling Mask"},{"floor":20,"key":"Red Mask"},{"floor":26,"key":"Pear"}],"event_choices":[{"damage_healed":0,"gold_gain":0,"player_choice":"Lose Max HP","damage_taken":0,"relics_obtained":["Golden Idol"],"max_hp_gain":0,"max_hp_loss":6,"event_name":"Golden Idol","floor":3,"gold_loss":0},{"damage_healed":0,"gold_gain":0,"player_choice":"Grow","damage_taken":0,"max_hp_gain":0,"max_hp_loss":0,"event_name":"Living Wall","floor":4,"gold_loss":0,"cards_upgraded":["Scrape"]},{"damage_healed":0,"gold_gain":0,"player_choice":"Fought Bandits","damage_taken":0,"max_hp_gain":0,"max_hp_loss":0,"event_name":"Masked Bandits","floor":20,"gold_loss":0},{"damage_healed":0,"gold_gain":0,"player_choice":"Got Potions","damage_taken":0,"max_hp_gain":0,"max_hp_loss":0,"event_name":"Lab","floor":21,"gold_loss":0},{"cards_removed":["Defend_B"],"damage_healed":0,"gold_gain":0,"player_choice":"Elegance","damage_taken":0,"max_hp_gain":0,"max_hp_loss":0,"event_name":"Back to Basics","floor":29,"gold_loss":0}],"is_beta":false,"boss_relics":[{"not_picked":["Ectoplasm","Velvet Choker"],"picked":"Busted Crown"},{"not_picked":["Tiny House","Sozu"],"picked":"Nuclear Battery"}],"items_purged_floors":[12,24,28],"is_endless":false,"potions_floor_spawned":[2,7,16,18,19,31,36,37],"killed_by":"4 Shapes","ascension_level":11}