{"gold_per_floor":[109,109,109,127,145,145,177,177,177,194,210,183,183,141,141,220,220,230,230],"floor_reached":19,"playtime":808,"items_purged":[],"score":340,"play_id":"f81b1c37-e36a-4e82-9ffb-24f3c5e6faf3","local_time":"20190723044331","is_ascension_mode":true,"campfire_choices":[{"data":"Hologram","floor":6,"key":"SMITH"},{"data":"Zap","floor":8,"key":"SMITH"},{"floor":13,"key":"REST"},{"data":"Consume","floor":15,"key":"SMITH"}],"neow_cost":"TEN_PERCENT_HP_LOSS","seed_source_timestamp":32487821650200,"circlet_count":0,"master_deck":["AscendersBane","Strike_B","Strike_B","Defend_B","Defend_B+1","Defend_B","Defend_B","Zap+1","Dualcast","Undo+1","Hologram+1","Glacier","Core Surge","Consume+1","Hologram","Recycle","Echo Form","Sweeping Beam"],"relics":["Cracked Core","StoneCalendar","Matryoshka","Mummified Hand","War Paint","Nuclear Battery"],"potions_floor_usage":[7,16,18],"damage_taken":[{"damage":1,"enemies":"Cultist","floor":1,"turns":3},{"damage":13,"enemies":"Small Slimes","floor":4,"turns":5},{"damage":2,"enemies":"Jaw Worm","floor":5,"turns":3},{"damage":0,"enemies":"Lagavulin","floor":7,"turns":7},{"damage":0,"enemies":"Blue Slaver","floor":10,"turns":4},{"damage":0,"enemies":"3 Louse","floor":11,"turns":4},{"damage":14,"enemies":"Exordium Thugs","floor":12,"turns":7},{"damage":17,"enemies":"Slime Boss","floor":16,"turns":7},{"damage":31,"enemies":"2 Thieves","floor":18,"turns":5},{"damage":27,"enemies":"3 Byrds","floor":19,"turns":5}],"seed_played":"8545793673707972154","potions_obtained":[{"floor":1,"key":"PowerPotion"},{"floor":10,"key":"Strength Potion"},{"floor":16,"key":"GamblersBrew"}],"is_trial":false,"path_per_floor":["M","?","?","M","M","R","E","R","T","M","M","M","R","?","R","B",null,"M","M"],"character_chosen":"DEFECT","items_purchased":[],"campfire_rested":1,"item_purchase_floors":[],"current_hp_per_floor":[63,56,56,43,41,41,41,41,41,41,41,27,46,46,46,29,55,24,0],"gold":230,"neow_bonus":"ONE_RARE_RELIC","is_prod":false,"is_daily":false,"chose_seed":false,"campfire_upgraded":3,"win_rate":0,"timestamp":1563821011,"path_taken":["M","?","?","M","M","R","E","R","T","?","M","M","R","?","R","BOSS","M","M"],"build_version":"2019-07-17","purchased_purges":0,"victory":false,"max_hp_per_floor":[64,64,64,64,64,64,64,64,64,64,64,64,64,64,64,64,64,64,64],"card_choices":[{"not_picked":["Double Energy","Stack"],"picked":"Undo","floor":1},{"not_picked":["FTL","Gash"],"picked":"Hologram","floor":4},{"not_picked":["Cold Snap","Beam Cell"],"picked":"Glacier","floor":5},{"not_picked":["Static Discharge","Machine Learning"],"picked":"Core Surge","floor":7},{"not_picked":["Gash","Go for the Eyes"],"picked":"Consume","floor":10},{"not_picked":["Rebound","Undo"],"picked":"Hologram","floor":11},{"not_picked":["Chaos","Reprogram"],"picked":"Recycle","floor":12},{"not_picked":["Creative AI","Fission"],"picked":"Echo Form","floor":16},{"not_picked":["Genetic Algorithm","Aggregate"],"picked":"Sweeping Beam","floor":18}],"player_experience":1072314,"relics_obtained":[{"floor":7,"key":"Matryoshka"},{"floor":9,"key":"Mummified Hand"},{"floor":9,"key":"War Paint"}],"event_choices":[{"cards_removed":["Strike_B"],"damage_healed":0,"gold_gain":0,"player_choice":"Card Removal","damage_taken":7,"max_hp_gain":0,"max_hp_loss":0,"event_name":"Golden Wing","floor":2,"gold_loss":0},{"cards_removed":["Strike_B"],"damage_healed":0,"gold_gain":0,"player_choice":"Offered Basic","damage_taken":0,"max_hp_gain":0,"max_hp_loss":0,"event_name":"Bonfire Elementals","floor":3,"gold_loss":0},{"damage_healed":0,"gold_gain":0,"player_choice":"Left Gold","damage_taken":0,"max_hp_gain":0,"max_hp_loss":0,"event_name":"World of Goop","floor":14,"gold_loss":42}],"is_beta":false,"boss_relics":[{"not_picked":["Runic Pyramid","Lizard Tail"],"picked":"Nuclear Battery"}],"items_purged_floors":[],"is_endless":false,"potions_floor_spawned":[1,10,16],"killed_by":"3 Byrds","ascension_level":15}