{"gold_per_floor":[110,125,137,8,26,59,59,71,71,71],"floor_reached":10,"playtime":555,"items_purged":[],"score":116,"play_id":"a7a327b7-781f-4ce3-a727-39ce8db9a428","local_time":"20181215161048","is_ascension_mode":true,"campfire_choices":[{"data":"A Thousand Cuts","floor":7,"key":"SMITH"}],"neow_cost":"NONE","seed_source_timestamp":160976992265189,"circlet_count":0,"master_deck":["AscendersBane","Defend_G","Defend_G","Defend_G","Defend_G","Defend_G","Strike_G","Strike_G","Strike_G","Strike_G","Strike_G","Survivor","Neutralize","A Thousand Cuts+1","Blade Dance","PiercingWail","Deflect","Slice","Noxious Fumes","Terror","Bane","Cloak And Dagger"],"relics":["Ring of the Snake","StoneCalendar"],"potions_floor_usage":[6,6,10],"damage_taken":[{"damage":3,"enemies":"Jaw Worm","floor":1,"turns":5},{"damage":0,"enemies":"Small Slimes","floor":2,"turns":3},{"damage":2,"enemies":"Cultist","floor":3,"turns":4},{"damage":5,"enemies":"Large Slime","floor":5,"turns":6},{"damage":13,"enemies":"Lagavulin","floor":6,"turns":7},{"damage":9,"enemies":"Looter","floor":8,"turns":4},{"damage":42,"enemies":"Gremlin Nob","floor":10,"turns":4}],"seed_played":"425991621911163992","potions_obtained":[{"floor":2,"key":"SkillPotion"},{"floor":3,"key":"GhostInAJar"},{"floor":6,"key":"Energy Potion"}],"is_trial":false,"path_per_floor":["M","M","M","$","M","E","R","M","T","E"],"character_chosen":"THE_SILENT","items_purchased":["Slice","Noxious Fumes"],"campfire_rested":0,"item_purchase_floors":[4,4],"current_hp_per_floor":[60,60,58,58,53,40,40,31,31,0],"gold":71,"neow_bonus":"ONE_RANDOM_RARE_CARD","is_prod":false,"is_daily":false,"chose_seed":false,"campfire_upgraded":1,"win_rate":0,"timestamp":1544908248,"path_taken":["M","M","M","$","M","E","R","M","T","E"],"build_version":"2018-12-13","purchased_purges":0,"victory":false,"max_hp_per_floor":[70,70,70,70,70,70,70,70,70,70],"card_choices":[{"not_picked":["Distraction","Catalyst"],"picked":"Blade Dance","floor":1},{"not_picked":["Dagger Spray","Acrobatics"],"picked":"PiercingWail","floor":2},{"not_picked":["Catalyst","Bouncing Flask"],"picked":"Deflect","floor":3},{"not_picked":["Blade Dance","Bane"],"picked":"Terror","floor":5},{"not_picked":["Prepared","Backflip"],"picked":"Bane","floor":6},{"not_picked":["PiercingWail","Doppelganger"],"picked":"Cloak And Dagger","floor":8}],"player_experience":869489,"relics_obtained":[{"floor":6,"key":"StoneCalendar"}],"event_choices":[],"is_beta":false,"boss_relics":[],"items_purged_floors":[],"is_endless":false,"potions_floor_spawned":[2,3,6],"killed_by":"Gremlin Nob","ascension_level":13}