{"gold_per_floor":[113,124,124,144,156,190,206,206],"floor_reached":8,"playtime":204,"items_purged":[],"score":114,"play_id":"f4c36cd5-63c1-4aee-b263-3b985b340235","local_time":"20190822193314","is_ascension_mode":true,"campfire_choices":[],"neow_cost":"NONE","seed_source_timestamp":82755309122345,"circlet_count":0,"master_deck":["AscendersBane","Strike_R","Strike_R","Strike_R","Strike_R","Defend_R","Defend_R","Defend_R","Defend_R","Bash","Thunderclap","Clothesline","Disarm","Shockwave","Juggernaut","Corruption"],"relics":["Burning Blood","NeowsBlessing","Charon\u0027s Ashes"],"potions_floor_usage":[5],"damage_taken":[{"damage":0,"enemies":"2 Louse","floor":1,"turns":1},{"damage":0,"enemies":"Cultist","floor":2,"turns":1},{"damage":0,"enemies":"Small Slimes","floor":4,"turns":1},{"damage":12,"enemies":"Blue Slaver","floor":5,"turns":5},{"damage":64,"enemies":"Gremlin Nob","floor":6,"turns":6},{"damage":10,"enemies":"Exordium Thugs","floor":7,"turns":5},{"damage":7,"enemies":"3 Sentries","floor":8,"turns":1}],"seed_played":"-8878566225606161240","potions_obtained":[{"floor":2,"key":"Poison Potion"}],"is_trial":false,"path_per_floor":["M","M","?","M","M","E","M","E"],"character_chosen":"IRONCLAD","items_purchased":[],"campfire_rested":0,"item_purchase_floors":[],"current_hp_per_floor":[74,75,75,75,69,11,7,0],"gold":206,"neow_bonus":"THREE_ENEMY_KILL","is_prod":false,"is_daily":false,"chose_seed":false,"campfire_upgraded":0,"win_rate":0,"timestamp":1566466394,"path_taken":["M","M","?","M","M","E","M","E"],"build_version":"2019-07-17","purchased_purges":0,"victory":false,"max_hp_per_floor":[75,75,75,75,75,75,75,75],"card_choices":[{"not_picked":["Metallicize","True Grit"],"picked":"Thunderclap","floor":1},{"not_picked":["Body Slam","Flame Barrier"],"picked":"Clothesline","floor":2},{"not_picked":["Reckless Charge","Warcry"],"picked":"Disarm","floor":4},{"not_picked":["Warcry","Shrug It Off"],"picked":"Shockwave","floor":5},{"not_picked":["Clothesline","Iron Wave"],"picked":"Juggernaut","floor":6},{"not_picked":["Twin Strike","Iron Wave"],"picked":"Corruption","floor":7}],"player_experience":1203092,"relics_obtained":[{"floor":6,"key":"Charon\u0027s Ashes"}],"event_choices":[{"cards_removed":["Strike_R"],"damage_healed":0,"gold_gain":0,"player_choice":"Purged","damage_taken":0,"max_hp_gain":0,"max_hp_loss":0,"event_name":"Purifier","floor":3,"gold_loss":0}],"is_beta":false,"boss_relics":[],"items_purged_floors":[],"is_endless":false,"potions_floor_spawned":[2],"killed_by":"3 Sentries","ascension_level":18}