{"gold_per_floor":[118,118,37,49,101,127,127,162,162,162,162,162,180,196,196,273,273,286,286,9,9,75,110,124,124,148,208,221,236,256,275,275,353,353,370,420,432,55,0,35,35,63,87,185,199,265,265,290,290,290,290],"floor_reached":51,"playtime":4420,"items_purged":["Strike_G","Writhe"],"score":1595,"play_id":"d8ea9aad-1cae-44fd-ba3a-93b06e057905","local_time":"20190505021344","is_ascension_mode":true,"campfire_choices":[{"data":"Finisher","floor":7.0,"key":"SMITH"},{"floor":12.0,"key":"REST"},{"data":"Terror","floor":15.0,"key":"SMITH"},{"data":"Noxious Fumes","floor":25.0,"key":"SMITH"},{"floor":32.0,"key":"REST"},{"data":"Glass Knife","floor":41.0,"key":"SMITH"},{"floor":47.0,"key":"REST"},{"floor":49,"key":"RECALL"}],"neow_cost":"NONE","seed_source_timestamp":913924322913138,"circlet_count":0,"master_deck":["AscendersBane","Defend_G","Defend_G","Defend_G","Defend_G","Defend_G","Strike_G","Strike_G","Strike_G","Strike_G","Survivor","Neutralize","Quick Slash","Underhanded Strike","Finisher+1","Footwork","Backstab","Dagger Spray","Terror+1","Dagger Throw","Noxious Fumes+1","Glass Knife+1","PiercingWail","Leg Sweep","Endless Agony+1","Calculated Gamble","Cloak And Dagger","Well Laid Plans","Die Die Die","Blade Dance+1","Malaise","Caltrops+1","Dodge and Roll"],"special_seed":0,"relics":["Ring of the Snake","NeowsBlessing","Turnip","Du-Vu Doll","Pantograph","Kunai","Sundial","Sozu","MutagenicStrength","Anchor","SsserpentHead","FossilizedHelix","Regal Pillow","Tiny Chest","Runic Pyramid","Pear","Red Mask","Bird Faced Urn","Nunchaku","Vajra","Torii"],"potions_floor_usage":[],"damage_taken":[{"damage":0.0,"enemies":"2 Louse","floor":1.0,"turns":1.0},{"damage":0.0,"enemies":"Cultist","floor":4.0,"turns":1.0},{"damage":0.0,"enemies":"Lagavulin","floor":6.0,"turns":1.0},{"damage":32.0,"enemies":"Gremlin Nob","floor":8.0,"turns":4.0},{"damage":0.0,"enemies":"Small Slimes","floor":13.0,"turns":3.0},{"damage":3.0,"enemies":"Blue Slaver","floor":14.0,"turns":3.0},{"damage":14.0,"enemies":"Hexaghost","floor":16.0,"turns":9.0},{"damage":0.0,"enemies":"3 Byrds","floor":18.0,"turns":5.0},{"damage":0.0,"enemies":"Chosen","floor":22.0,"turns":3.0},{"damage":12.0,"enemies":"Book of Stabbing","floor":23.0,"turns":5.0},{"damage":0.0,"enemies":"Shelled Parasite and Fungi","floor":24.0,"turns":2.0},{"damage":27.0,"enemies":"Slavers","floor":27.0,"turns":8.0},{"damage":8.0,"enemies":"Chosen and Byrds","floor":28.0,"turns":5.0},{"damage":0.0,"enemies":"Snecko","floor":29.0,"turns":4.0},{"damage":0.0,"enemies":"Centurion and Healer","floor":30.0,"turns":5.0},{"damage":0.0,"enemies":"Shelled Parasite and Fungi","floor":31.0,"turns":5.0},{"damage":28.0,"enemies":"Automaton","floor":33.0,"turns":11.0},{"damage":0.0,"enemies":"3 Darklings","floor":35.0,"turns":6.0},{"damage":0.0,"enemies":"Orb Walker","floor":37.0,"turns":2.0},{"damage":31.0,"enemies":"Reptomancer","floor":40.0,"turns":6.0},{"damage":32.0,"enemies":"Giant Head","floor":42.0,"turns":8.0},{"damage":0.0,"enemies":"4 Shapes","floor":45.0,"turns":7.0},{"damage":0.0,"enemies":"Jaw Worm Horde","floor":46.0,"turns":4.0},{"damage":0,"enemies":"Nemesis","floor":48,"turns":6},{"damage":1,"enemies":"Awakened One","floor":50,"turns":19},{"damage":84,"enemies":"Donu and Deca","floor":51,"turns":7}],"seed_played":"1292088929580628986","potions_obtained":[{"floor":8.0,"key":"SkillPotion"},{"floor":13.0,"key":"FearPotion"},{"floor":16.0,"key":"Strength Potion"}],"is_trial":false,"path_per_floor":["M","?","$","M","?","E","R","E","T","?","T","R","M","M","R","B",null,"M","?","$","?","M","E","M","R","T","E","M","M","M","M","R","B",null,"M","?","M","$","?","E","R","E","T","T","M","M","R","E","R","B","B"],"character_chosen":"THE_SILENT","items_purchased":["Footwork","Anchor","Leg Sweep","Pear"],"campfire_rested":3,"item_purchase_floors":[3,20,20,38],"current_hp_per_floor":[59,59,59,59,59,59,59,27,27,9,9,28,28,25,25,36,59,59,59,59,59,59,47,47,47,47,20,12,12,12,12,46,38,59,59,66,66,76,76,45,45,19,19,19,25,31,68,76,76,76,0],"gold":290,"neow_bonus":"THREE_ENEMY_KILL","is_prod":false,"is_daily":false,"chose_seed":false,"campfire_upgraded":4,"win_rate":0,"timestamp":1557036824,"path_taken":["M","?","$","?","?","E","R","E","T","?","?","R","M","M","R","BOSS","M","?","$","?","?","E","M","R","T","E","M","M","M","M","R","BOSS","M","?","M","$","?","E","R","E","T","?","M","?","R","E","R","BOSS","BOSS"],"build_version":"2019-01-23","purchased_purges":2,"victory":false,"max_hp_per_floor":[66,66,66,66,66,66,66,66,66,66,66,66,66,66,66,66,66,66,66,66,66,66,66,66,66,66,66,66,66,66,66,66,66,66,66,66,66,76,76,76,76,76,76,76,76,76,76,76,76,76,76],"card_choices":[{"not_picked":["Prepared","Tactician"],"picked":"Quick Slash","floor":1.0},{"not_picked":["Eviscerate","Deflect"],"picked":"Backstab","floor":4.0},{"not_picked":["Concentrate","Blade Dance"],"picked":"Dagger Spray","floor":6.0},{"not_picked":["Backflip","Masterful Stab"],"picked":"Terror","floor":8.0},{"not_picked":["Dagger Spray","Distraction"],"picked":"Dagger Throw","floor":13.0},{"not_picked":["Flechettes","Finisher"],"picked":"Noxious Fumes","floor":14.0},{"not_picked":["Grand Finale","Unload"],"picked":"Glass Knife","floor":16.0},{"not_picked":["Catalyst+1","Underhanded Strike"],"picked":"PiercingWail","floor":18.0},{"not_picked":["Outmaneuver","Expertise"],"picked":"Endless Agony+1","floor":22.0},{"not_picked":["Bane","Cloak And Dagger"],"picked":"Calculated Gamble","floor":23.0},{"not_picked":["Night Terror","PiercingWail","Dagger Spray"],"picked":"SKIP","floor":24.0},{"not_picked":["Corpse Explosion","Footwork","Quick Slash+1"],"picked":"SKIP","floor":27.0},{"not_picked":["Bouncing Flask","Deadly Poison"],"picked":"Cloak And Dagger","floor":28.0},{"not_picked":["Deflect","Infinite Blades"],"picked":"Well Laid Plans","floor":29.0},{"not_picked":["Setup","Blade Dance","Outmaneuver"],"picked":"SKIP","floor":30.0},{"not_picked":["PiercingWail","Outmaneuver","Slice"],"picked":"SKIP","floor":31.0},{"not_picked":["Burst","Glass Knife"],"picked":"Die Die Die","floor":33.0},{"not_picked":["Dodge and Roll","Deflect"],"picked":"Blade Dance+1","floor":35.0},{"not_picked":["Underhanded Strike","Prepared","Outmaneuver"],"picked":"SKIP","floor":37.0},{"not_picked":["Slice","Flechettes"],"picked":"Malaise","floor":40.0},{"not_picked":["Deadly Poison","Dash","Blade Dance"],"picked":"SKIP","floor":42.0},{"not_picked":["Cloak And Dagger","Setup+1"],"picked":"Caltrops+1","floor":45.0},{"not_picked":["Prepared","Distraction+1","Slice"],"picked":"SKIP","floor":46.0},{"not_picked":["Corpse Explosion","Acrobatics"],"picked":"Dodge and Roll","floor":48}],"player_experience":1419424,"relics_obtained":[{"floor":6.0,"key":"Turnip"},{"floor":8.0,"key":"Du-Vu Doll"},{"floor":9.0,"key":"Pantograph"},{"floor":11.0,"key":"Sundial"},{"floor":23.0,"key":"FossilizedHelix"},{"floor":26.0,"key":"Regal Pillow"},{"floor":27.0,"key":"Tiny Chest"},{"floor":40.0,"key":"Bird Faced Urn"},{"floor":42.0,"key":"Nunchaku"},{"floor":44.0,"key":"Vajra"},{"floor":48,"key":"Torii"}],"event_choices":[{"damage_healed":0.0,"max_hp_gain":0.0,"max_hp_loss":0.0,"gold_gain":0.0,"event_name":"Match and Keep!","player_choice":"2 cards matched","floor":2.0,"gold_loss":0.0,"damage_taken":0.0,"cards_obtained":["Underhanded Strike","Finisher"]},{"damage_healed":0.0,"max_hp_gain":0.0,"max_hp_loss":0.0,"gold_gain":0.0,"event_name":"Match and Keep!","player_choice":"2 cards matched","floor":2.0,"gold_loss":0.0,"damage_taken":0.0,"cards_obtained":["Underhanded Strike","Finisher"]},{"damage_healed":0.0,"max_hp_gain":0.0,"max_hp_loss":0.0,"gold_gain":52.0,"event_name":"Golden Wing","player_choice":"Gained Gold","floor":5.0,"gold_loss":0.0,"damage_taken":0.0},{"damage_healed":0.0,"max_hp_gain":0.0,"max_hp_loss":0.0,"gold_gain":0.0,"event_name":"Scrap Ooze","player_choice":"Success","floor":10.0,"gold_loss":0.0,"damage_taken":18.0,"relics_obtained":["Kunai"]},{"damage_healed":0.0,"max_hp_gain":0.0,"max_hp_loss":0.0,"gold_gain":0.0,"event_name":"Drug Dealer","player_choice":"Inject Mutagens","floor":19.0,"gold_loss":0.0,"damage_taken":0.0,"relics_obtained":["MutagenicStrength"]},{"damage_healed":0.0,"max_hp_gain":0.0,"max_hp_loss":0.0,"gold_gain":0.0,"event_name":"FaceTrader","player_choice":"Trade","floor":21.0,"gold_loss":0.0,"damage_taken":0.0,"relics_obtained":["SsserpentHead"]},{"damage_healed":13.0,"max_hp_gain":0.0,"max_hp_loss":0.0,"gold_gain":0.0,"event_name":"Winding Halls","player_choice":"Writhe","floor":36.0,"gold_loss":0.0,"damage_taken":0.0,"cards_obtained":["Writhe"]},{"damage_healed":0.0,"max_hp_gain":0.0,"max_hp_loss":0.0,"gold_gain":0.0,"event_name":"Tomb of Lord Red Mask","player_choice":"Paid","floor":39.0,"gold_loss":105.0,"damage_taken":0.0,"relics_obtained":["Red Mask"]}],"is_beta":false,"boss_relics":[{"not_picked":["Fusion Hammer","Empty Cage"],"picked":"Sozu"},{"not_picked":["Runic Dome","Pandora\u0027s Box"],"picked":"Runic Pyramid"}],"items_purged_floors":[20,38],"is_endless":false,"potions_floor_spawned":[8,13,16,27,29,30,42,46,48],"killed_by":"Donu and Deca","ascension_level":20}