{"gold_per_floor":[116,191,206,269,444,444,462,462,462,0,19,35,56,84,84,180,180,199,215,215,14,27,27,56,73,73,73],"floor_reached":27,"playtime":806,"items_purged":["Shame"],"score":303,"play_id":"a36e53b9-22bd-4ec7-aa1d-fe8973b890e0","local_time":"20190523164651","is_ascension_mode":true,"campfire_choices":[{"floor":6,"key":"REST"},{"data":"Zap","floor":8,"key":"SMITH"},{"floor":15,"key":"REST"},{"floor":23,"key":"REST"}],"neow_cost":"CURSE","seed_source_timestamp":13699026878375,"circlet_count":0,"master_deck":["Strike_B+1","Strike_B","Strike_B","Defend_B","Defend_B","Defend_B","Defend_B","Zap+1","Dualcast","Echo Form","Melter","Stack","Doubt","Self Repair","Self Repair","Ball Lightning","Thunder Strike+1","Doom and Gloom","BootSequence","Cold Snap","Fusion","Electrodynamics","Conserve Battery+1","Capacitor","Double Energy","Sweeping Beam","Streamline","Redo","Coolheaded+1","Writhe"],"relics":["Cracked Core","Bronze Scales","Pen Nib","Odd Mushroom","Whetstone","Cursed Key","PreservedInsect","Cables","Darkstone Periapt"],"potions_floor_usage":[11,13,16,27],"damage_taken":[{"damage":11,"enemies":"Small Slimes","floor":1,"turns":4},{"damage":4,"enemies":"Jaw Worm","floor":3,"turns":3},{"damage":14,"enemies":"2 Louse","floor":7,"turns":2},{"damage":13,"enemies":"Blue Slaver","floor":11,"turns":4},{"damage":11,"enemies":"Exordium Thugs","floor":12,"turns":4},{"damage":0,"enemies":"The Mushroom Lair","floor":13,"turns":2},{"damage":20,"enemies":"Gremlin Nob","floor":14,"turns":4},{"damage":45,"enemies":"Slime Boss","floor":16,"turns":8},{"damage":14,"enemies":"Shell Parasite","floor":18,"turns":5},{"damage":16,"enemies":"Spheric Guardian","floor":19,"turns":4},{"damage":24,"enemies":"Centurion and Healer","floor":22,"turns":5},{"damage":39,"enemies":"Gremlin Leader","floor":24,"turns":4},{"damage":12,"enemies":"Cultist and Chosen","floor":25,"turns":6},{"damage":33,"enemies":"Book of Stabbing","floor":27,"turns":3}],"seed_played":"-8170268695992072353","potions_obtained":[{"floor":7,"key":"Swift Potion"},{"floor":12,"key":"Explosive Potion"},{"floor":13,"key":"SpeedPotion"},{"floor":14,"key":"FearPotion"},{"floor":25,"key":"AttackPotion"}],"is_trial":false,"path_per_floor":["M","?","M","?","?","R","M","R","T","$","M","M","?","E","R","B",null,"M","M","?","$","M","R","E","M","T","E"],"character_chosen":"DEFECT","items_purchased":["Pen Nib","Self Repair","Ball Lightning","Thunder Strike","PreservedInsect","Sweeping Beam"],"campfire_rested":3,"item_purchase_floors":[10,10,10,10,21,21],"current_hp_per_floor":[57,46,42,42,42,64,50,50,50,50,51,54,61,41,63,32,64,57,55,55,55,38,60,35,23,23,0],"gold":73,"neow_bonus":"THREE_RARE_CARDS","is_prod":false,"is_daily":false,"chose_seed":false,"campfire_upgraded":1,"win_rate":0,"timestamp":1558594011,"path_taken":["M","?","M","?","?","R","M","R","T","?","?","M","?","E","R","BOSS","M","M","?","?","M","R","E","M","T","E"],"build_version":"2019-01-23","purchased_purges":1,"victory":false,"max_hp_per_floor":[75,75,75,75,75,75,75,75,75,75,75,75,75,75,75,75,75,75,75,75,75,75,75,75,75,75,75],"card_choices":[{"not_picked":["Machine Learning","Thunder Strike"],"picked":"Echo Form","floor":0},{"not_picked":["Compile Driver","Fusion"],"picked":"Melter","floor":1},{"not_picked":["Undo","Coolheaded"],"picked":"Stack","floor":3},{"not_picked":["Double Energy","Hologram"],"picked":"Self Repair","floor":7},{"not_picked":["Go for the Eyes","Steam"],"picked":"Doom and Gloom","floor":11},{"not_picked":["Compile Driver","Go for the Eyes"],"picked":"BootSequence","floor":12},{"not_picked":["Undo","Rip and Tear"],"picked":"Cold Snap","floor":13},{"not_picked":["Cold Snap","Stack"],"picked":"Fusion","floor":14},{"not_picked":["Amplify","Machine Learning"],"picked":"Electrodynamics","floor":16},{"not_picked":["Aggregate","Redo"],"picked":"Conserve Battery+1","floor":18},{"not_picked":["Conserve Battery","Rebound"],"picked":"Capacitor","floor":19},{"not_picked":["Sweeping Beam","Gash"],"picked":"Streamline","floor":22},{"not_picked":["Compile Driver+1","Thunder Strike"],"picked":"Redo","floor":24},{"not_picked":["Leap","Sweeping Beam"],"picked":"Coolheaded+1","floor":25}],"player_experience":713507,"relics_obtained":[{"floor":9,"key":"Bronze Scales"},{"floor":13,"key":"Odd Mushroom"},{"floor":14,"key":"Whetstone"},{"floor":24,"key":"Cables"},{"floor":26,"key":"Darkstone Periapt"}],"event_choices":[{"damage_healed":0,"gold_gain":75,"player_choice":"Gather Gold","damage_taken":11,"max_hp_gain":0,"max_hp_loss":0,"event_name":"World of Goop","floor":2,"gold_loss":0},{"damage_healed":0,"gold_gain":63,"player_choice":"Gained Gold","damage_taken":0,"max_hp_gain":0,"max_hp_loss":0,"event_name":"Golden Wing","floor":4,"gold_loss":0},{"damage_healed":0,"gold_gain":175,"player_choice":"AGREE","damage_taken":0,"max_hp_gain":0,"max_hp_loss":0,"event_name":"Liars Game","floor":5,"gold_loss":0,"cards_obtained":["Doubt"]},{"damage_healed":0,"gold_gain":0,"player_choice":"Fought Mushrooms","damage_taken":0,"max_hp_gain":0,"max_hp_loss":0,"event_name":"Mushrooms","floor":13,"gold_loss":0},{"damage_healed":0,"gold_gain":0,"cards_transformed":["Strike_B"],"player_choice":"Transformed","damage_taken":0,"max_hp_gain":0,"max_hp_loss":0,"event_name":"Transmorgrifier","floor":20,"gold_loss":0,"cards_obtained":["Double Energy"]}],"is_beta":false,"boss_relics":[{"not_picked":["Busted Crown","Pandora\u0027s Box"],"picked":"Cursed Key"}],"items_purged_floors":[10],"is_endless":false,"potions_floor_spawned":[7,12,13,14,25],"killed_by":"Book of Stabbing","ascension_level":6}