{"gold_per_floor":[118,131,146,157,167,167,192,267,339,364,364,393,47,58,58,134,134,150,167,192,204,22,51,51,81,108,108,108,133,144,144,144,144],"floor_reached":33,"playtime":1712,"items_purged":["Strike_B"],"score":630,"play_id":"15715a0b-e2a7-4c6b-98bd-deb3535d14cc","local_time":"20190810233513","is_ascension_mode":true,"campfire_choices":[{"data":"Streamline","floor":6.0,"key":"SMITH"},{"data":"Reboot","floor":11.0,"key":"SMITH"},{"floor":15.0,"key":"REST"},{"floor":24.0,"key":"REST"},{"floor":28.0,"key":"REST"},{"floor":32.0,"key":"REST"}],"neow_cost":"NONE","seed_source_timestamp":1237617430521091,"circlet_count":0,"master_deck":["AscendersBane","Strike_B+1","Strike_B+1","Defend_B+1","Defend_B+1","Defend_B+1","Defend_B+1","Zap","Dualcast","Reboot+1","Streamline+1","Melter+1","Sunder","Double Energy","Beam Cell","Core Surge+1","Redo","Glacier","Electrodynamics","Ball Lightning+1","Rainbow","Echo Form","Reinforced Body+1","Steam+1"],"special_seed":0,"relics":["Cracked Core","Dodecahedron","Matryoshka","Du-Vu Doll","Odd Mushroom","Membership Card","DataDisk","Philosopher\u0027s Stone","Cables","Orichalcum","Pear","Happy Flower","Whetstone","Toxic Egg 2","Bronze Scales","Symbiotic Virus"],"potions_floor_usage":[33],"damage_taken":[{"damage":7.0,"enemies":"Jaw Worm","floor":1.0,"turns":4.0},{"damage":3.0,"enemies":"2 Louse","floor":2.0,"turns":2.0},{"damage":0.0,"enemies":"Cultist","floor":3.0,"turns":2.0},{"damage":0.0,"enemies":"Large Slime","floor":4.0,"turns":4.0},{"damage":7.0,"enemies":"2 Fungi Beasts","floor":5.0,"turns":3.0},{"damage":10.0,"enemies":"3 Sentries","floor":7.0,"turns":4.0},{"damage":8.0,"enemies":"Gremlin Nob","floor":10.0,"turns":3.0},{"damage":9.0,"enemies":"The Mushroom Lair","floor":12.0,"turns":3.0},{"damage":0.0,"enemies":"Red Slaver","floor":14.0,"turns":1.0},{"damage":27.0,"enemies":"Hexaghost","floor":16.0,"turns":13.0},{"damage":2.0,"enemies":"3 Byrds","floor":18.0,"turns":3.0},{"damage":5.0,"enemies":"2 Thieves","floor":19.0,"turns":3.0},{"damage":0.0,"enemies":"Centurion and Healer","floor":21.0,"turns":4.0},{"damage":27.0,"enemies":"Gremlin Leader","floor":23.0,"turns":5.0},{"damage":27.0,"enemies":"Slavers","floor":25.0,"turns":2.0},{"damage":20.0,"enemies":"Gremlin Leader","floor":29.0,"turns":5.0},{"damage":11.0,"enemies":"Snake Plant","floor":30.0,"turns":3.0},{"damage":48,"enemies":"Automaton","floor":33,"turns":6}],"seed_played":"907710975366073973","potions_obtained":[{"floor":1.0,"key":"Dexterity Potion"},{"floor":3.0,"key":"SteroidPotion"},{"floor":5.0,"key":"AttackPotion"},{"floor":10.0,"key":"Block Potion"},{"floor":12.0,"key":"Energy Potion"},{"floor":18.0,"key":"PowerPotion"},{"floor":23.0,"key":"LiquidBronze"},{"floor":25.0,"key":"Ancient Potion"},{"floor":29.0,"key":"SkillPotion"}],"is_trial":false,"path_per_floor":["M","M","M","M","M","R","E","?","T","E","R","?","$","M","R","B",null,"M","M","T","M","$","E","R","E","T","?","R","E","M","?","R","B"],"character_chosen":"DEFECT","items_purchased":["Membership Card","DataDisk","Rainbow","Pear"],"campfire_rested":4,"item_purchase_floors":[13,13,22,22],"current_hp_per_floor":[57,54,54,54,47,47,37,26,26,18,18,9,9,9,30,3,54,52,47,47,47,57,30,54,27,27,27,51,31,20,20,44,0],"gold":144,"neow_bonus":"ONE_RANDOM_RARE_CARD","is_prod":false,"is_daily":false,"chose_seed":false,"campfire_upgraded":2,"win_rate":0,"timestamp":1565494513,"path_taken":["M","M","M","M","M","R","E","?","T","E","R","?","?","M","R","BOSS","M","M","?","M","$","E","R","E","T","?","R","E","M","?","R","BOSS"],"build_version":"2019-07-17","purchased_purges":1,"victory":false,"max_hp_per_floor":[71,71,71,71,71,71,71,71,71,71,71,71,71,71,71,71,71,71,71,71,71,81,81,81,81,81,81,81,81,81,81,81,81],"card_choices":[{"not_picked":["Blizzard","Rip and Tear"],"picked":"Streamline","floor":1.0},{"not_picked":["Aggregate","Coolheaded"],"picked":"Melter","floor":2.0},{"not_picked":["Sweeping Beam","Compile Driver"],"picked":"Sunder","floor":3.0},{"not_picked":["Hologram","Aggregate"],"picked":"Double Energy","floor":4.0},{"not_picked":["Scrape","Turbo","Storm"],"picked":"SKIP","floor":5.0},{"not_picked":["Reinforced Body","Steam"],"picked":"Beam Cell","floor":7.0},{"not_picked":["Compile Driver","White Noise"],"picked":"Core Surge","floor":10.0},{"not_picked":["Gash","Sunder"],"picked":"Redo","floor":12.0},{"not_picked":["Lockon","Chill"],"picked":"Glacier","floor":14.0},{"not_picked":["Fission","Echo Form"],"picked":"Electrodynamics","floor":16.0},{"not_picked":["Rebound","Stack"],"picked":"Ball Lightning+1","floor":18.0},{"not_picked":["Redo","Beam Cell","Barrage"],"picked":"SKIP","floor":19.0},{"not_picked":["Melter","Compile Driver","Self Repair"],"picked":"SKIP","floor":21.0},{"not_picked":["Scrape","Electrodynamics","Beam Cell"],"picked":"SKIP","floor":23.0},{"not_picked":["Rebound","Stack"],"picked":"Echo Form","floor":25.0},{"not_picked":["Leap+1","Turbo+1"],"picked":"Reinforced Body+1","floor":29.0},{"not_picked":["Beam Cell","Amplify+1"],"picked":"Steam+1","floor":30.0}],"player_experience":1783388,"relics_obtained":[{"floor":7.0,"key":"Dodecahedron"},{"floor":9.0,"key":"Matryoshka"},{"floor":10.0,"key":"Du-Vu Doll"},{"floor":12.0,"key":"Odd Mushroom"},{"floor":20.0,"key":"Cables"},{"floor":20.0,"key":"Orichalcum"},{"floor":23.0,"key":"Happy Flower"},{"floor":25.0,"key":"Whetstone"},{"floor":26.0,"key":"Toxic Egg 2"},{"floor":26.0,"key":"Bronze Scales"},{"floor":29.0,"key":"Symbiotic Virus"}],"event_choices":[{"damage_healed":0.0,"max_hp_gain":0.0,"max_hp_loss":0.0,"gold_gain":75.0,"event_name":"World of Goop","player_choice":"Gather Gold","floor":8.0,"gold_loss":0.0,"damage_taken":11.0},{"damage_healed":0.0,"max_hp_gain":0.0,"max_hp_loss":0.0,"gold_gain":0.0,"event_name":"Mushrooms","player_choice":"Fought Mushrooms","floor":12.0,"gold_loss":0.0,"damage_taken":0.0},{"damage_healed":0.0,"max_hp_gain":0.0,"max_hp_loss":0.0,"gold_gain":0.0,"event_name":"Back to Basics","player_choice":"Simplicity","floor":27.0,"gold_loss":0.0,"damage_taken":0.0,"cards_upgraded":["Strike_B","Strike_B","Strike_B","Defend_B","Defend_B","Defend_B","Defend_B"]},{"cards_removed":["Strike_B"],"damage_healed":0.0,"max_hp_gain":0.0,"max_hp_loss":0.0,"gold_gain":0.0,"event_name":"Purifier","player_choice":"Purged","floor":31.0,"gold_loss":0.0,"damage_taken":0.0}],"is_beta":false,"boss_relics":[{"not_picked":["Pandora\u0027s Box","Nuclear Battery"],"picked":"Philosopher\u0027s Stone"}],"items_purged_floors":[13],"is_endless":false,"potions_floor_spawned":[1,3,5,10,12,18,23,25,29],"killed_by":"Automaton","ascension_level":20}