{"path_per_floor":["M","M","M","M","M","R","$","E","T","M","$","?","M","M","R","B",null,"M","?","M","M","$","R","M","?","T","?","$","M"],"character_chosen":"THE_SILENT","items_purchased":["Noxious Fumes","Juzu Bracelet"],"gold_per_floor":[113,129,143,158,172,172,22,48,74,90,40,67,37,50,50,152,152,162,162,179,197,4,4,14,14,37,37,37,55,55],"floor_reached":30,"campfire_rested":2,"playtime":1890,"current_hp_per_floor":[70,65,64,60,45,66,66,64,64,60,60,35,35,27,63,50,70,65,65,62,58,58,58,42,42,42,65,65,48,0],"items_purged":["Strike_G","Strike_G","Strike_G"],"gold":55,"score":269,"play_id":"76e1c8ad-a4df-4f59-8dfc-539c6223e8af","local_time":"20180405161237","is_prod":false,"is_daily":false,"is_ascension_mode":true,"campfire_upgraded":1,"timestamp":1522959157,"path_taken":["M","M","M","M","M","R","$","E","T","M","$","?","M","M","R","BOSS","M","?","M","M","$","R","M","?","T","?","$","M","E"],"build_version":"2018-03-29v2","purchased_purges":3,"victory":false,"master_deck":["Defend_G","Defend_G","Defend_G","Defend_G","Defend_G","Strike_G","Survivor","Neutralize","Backflip","Blur","Leg Sweep","Noxious Fumes","Caltrops","Noxious Fumes+1","Outmaneuver","Backflip","PiercingWail","Deadly Poison","PiercingWail","Burst","Blur","Escape Plan","Noxious Fumes","Deflect"],"max_hp_per_floor":[70,70,70,70,70,70,70,70,70,70,70,70,70,70,70,70,70,70,70,70,70,70,70,70,70,70,70,70,70,70],"relics":["Philosopher\u0027s Stone","Smiling Mask","Regal Pillow","Odd Mushroom","Runic Dome","Juzu Bracelet","Vajra"],"card_choices":[{"not_picked":["Eviscerate","Crippling Poison"],"picked":"Backflip","floor":1},{"not_picked":["Backflip","Escape Plan"],"picked":"Blur","floor":2},{"not_picked":["Bane","Terror"],"picked":"Leg Sweep","floor":3},{"not_picked":["Slice","Bane"],"picked":"Noxious Fumes","floor":4},{"not_picked":["Dagger Throw","PiercingWail"],"picked":"Caltrops","floor":5},{"not_picked":["Backstab","Finisher"],"picked":"Outmaneuver","floor":8},{"not_picked":["Prepared","Slice"],"picked":"Backflip","floor":10},{"not_picked":["Prepared","Bullet Time"],"picked":"PiercingWail","floor":12},{"not_picked":["Cloak And Dagger","Endless Agony"],"picked":"Deadly Poison","floor":13},{"not_picked":["Quick Slash","Slice"],"picked":"PiercingWail","floor":14},{"not_picked":["Phantasmal Killer","Corpse Explosion"],"picked":"Burst","floor":16},{"not_picked":["Poisoned Stab","Skewer"],"picked":"Blur","floor":18},{"not_picked":["Cloak And Dagger","Deadly Poison"],"picked":"Escape Plan","floor":20},{"not_picked":["Dodge and Roll","PiercingWail"],"picked":"Noxious Fumes","floor":24},{"not_picked":["Blade Dance","Dash"],"picked":"Deflect","floor":29}],"player_experience":172367,"potions_floor_usage":[4,12,12,16,16,18,29],"damage_taken":[{"damage":0,"enemies":"2 Louse","floor":1,"turns":3},{"damage":5,"enemies":"Jaw Worm","floor":2,"turns":6},{"damage":1,"enemies":"Cultist","floor":3,"turns":5},{"damage":4,"enemies":"Gremlin Gang","floor":4,"turns":8},{"damage":15,"enemies":"Lots of Slimes","floor":5,"turns":6},{"damage":2,"enemies":"Lagavulin","floor":8,"turns":9},{"damage":4,"enemies":"Exordium Wildlife","floor":10,"turns":6},{"damage":40,"enemies":"The Mushroom Lair","floor":12,"turns":5},{"damage":0,"enemies":"Looter","floor":13,"turns":4},{"damage":8,"enemies":"3 Louse","floor":14,"turns":4},{"damage":28,"enemies":"The Guardian","floor":16,"turns":9},{"damage":5,"enemies":"Chosen","floor":18,"turns":7},{"damage":3,"enemies":"Shell Parasite","floor":20,"turns":7},{"damage":4,"enemies":"Centurion and Healer","floor":21,"turns":10},{"damage":16,"enemies":"Snake Plant","floor":24,"turns":5},{"damage":17,"enemies":"Snecko","floor":29,"turns":7},{"damage":52,"enemies":"Slavers","floor":30,"turns":3}],"event_choices":[{"event_name":"Mushrooms","player_choice":"Fought Mushrooms","floor":12,"damage_taken":0},{"event_name":"Back to Basics","player_choice":"Elegance","floor":19,"damage_taken":0},{"event_name":"The Lab","player_choice":"Got Potions","floor":25,"damage_taken":0},{"event_name":"The Library","player_choice":"Heal","floor":27,"damage_taken":0}],"boss_relics":[{"not_picked":["Tiny House","Pandora\u0027s Box"],"picked":"Runic Dome"}],"potions_floor_spawned":[1,2,8,12,14,16,21,24,29],"seed_played":"5178384268006002611","killed_by":"Slavers","ascension_level":3,"is_trial":false}