{"gold_per_floor":[118,135,135,150,150,150,176,188,215,231,264,275,275,291,291,387,387,405,425,441,240,240,240],"floor_reached":23,"playtime":1219,"items_purged":["Strike_B"],"score":312,"play_id":"accd0c27-b9ac-4664-bb3b-25e2b31112e3","local_time":"20181205002552","is_ascension_mode":true,"campfire_choices":[{"data":"Dualcast","floor":6,"key":"SMITH"},{"floor":13,"key":"REST"},{"floor":15,"key":"REST"}],"neow_cost":"NONE","seed_source_timestamp":82723252863326,"circlet_count":0,"master_deck":["AscendersBane","Strike_B","Defend_B+1","Defend_B","Defend_B+1","Defend_B+1","Zap+1","Dualcast+1","Ball Lightning+1","Barrage+1","BootSequence","Cold Snap","Barrage","Conserve Battery","Reinforced Body","FTL","Core Surge","PanicButton","Turbo"],"relics":["Cracked Core","Odd Mushroom","Smiling Mask","Orichalcum","Empty Cage","War Paint"],"potions_floor_usage":[11,16,16,23],"damage_taken":[{"damage":4,"enemies":"Jaw Worm","floor":1,"turns":3},{"damage":8,"enemies":"2 Louse","floor":2,"turns":3},{"damage":4,"enemies":"Small Slimes","floor":4,"turns":2},{"damage":2,"enemies":"The Mushroom Lair","floor":7,"turns":4},{"damage":0,"enemies":"2 Fungi Beasts","floor":8,"turns":3},{"damage":20,"enemies":"Exordium Thugs","floor":10,"turns":4},{"damage":13,"enemies":"Lagavulin","floor":11,"turns":5},{"damage":0,"enemies":"3 Louse","floor":12,"turns":2},{"damage":1,"enemies":"Looter","floor":14,"turns":2},{"damage":22,"enemies":"Slime Boss","floor":16,"turns":11},{"damage":14,"enemies":"2 Thieves","floor":18,"turns":4},{"damage":11,"enemies":"3 Byrds","floor":19,"turns":6},{"damage":0,"enemies":"Cultist and Chosen","floor":20,"turns":7},{"damage":43,"enemies":"Gremlin Leader","floor":23,"turns":8}],"seed_played":"-7720290718571053526","potions_obtained":[{"floor":1,"key":"Poison Potion"},{"floor":10,"key":"Ancient Potion"},{"floor":12,"key":"Ancient Potion"},{"floor":16,"key":"SteroidPotion"},{"floor":20,"key":"Ancient Potion"}],"is_trial":false,"path_per_floor":["M","M","?","M","?","R","?","M","T","M","E","M","R","M","R","B",null,"M","M","M","$","?","E"],"character_chosen":"DEFECT","items_purchased":["War Paint"],"campfire_rested":2,"item_purchase_floors":[21],"current_hp_per_floor":[64,56,41,37,37,37,35,35,35,15,2,2,24,23,45,23,62,48,37,37,37,37,0],"gold":240,"neow_bonus":"UPGRADE_CARD","is_prod":false,"is_daily":false,"chose_seed":false,"campfire_upgraded":1,"win_rate":0,"timestamp":1543987552,"path_taken":["M","M","?","M","?","R","?","M","T","M","E","M","R","M","R","BOSS","M","M","M","$","?","E"],"build_version":"2018-11-15","purchased_purges":1,"victory":false,"max_hp_per_floor":[75,75,75,75,75,75,75,75,75,75,75,75,75,75,75,75,75,75,75,75,75,75,75],"card_choices":[{"not_picked":["Compile Driver","Static Discharge"],"picked":"Ball Lightning","floor":1},{"not_picked":["Beam Cell","Redo"],"picked":"Barrage","floor":2},{"not_picked":["Hello World","Blizzard"],"picked":"BootSequence","floor":4},{"not_picked":["Ball Lightning","Go for the Eyes"],"picked":"Cold Snap","floor":7},{"not_picked":["Sweeping Beam","Steam Power"],"picked":"Barrage","floor":8},{"not_picked":["Streamline","Barrage"],"picked":"Conserve Battery","floor":10},{"not_picked":["Storm","Force Field"],"picked":"Reinforced Body","floor":11},{"not_picked":["Hello World","Reinforced Body","Conserve Battery"],"picked":"SKIP","floor":12},{"not_picked":["Creative AI","Reinforced Body"],"picked":"FTL","floor":14},{"not_picked":["Fission","Seek"],"picked":"Core Surge","floor":16},{"not_picked":["Steam","Static Discharge","Blizzard"],"picked":"SKIP","floor":18},{"not_picked":["Turbo","Static Discharge","Steam"],"picked":"SKIP","floor":19},{"not_picked":["Static Discharge","Streamline","Barrage"],"picked":"SKIP","floor":20}],"player_experience":803393,"relics_obtained":[{"floor":7,"key":"Odd Mushroom"},{"floor":9,"key":"Smiling Mask"},{"floor":11,"key":"Orichalcum"}],"event_choices":[{"damage_healed":0,"gold_gain":0,"player_choice":"Entered Light","damage_taken":15,"max_hp_gain":0,"max_hp_loss":0,"event_name":"Shining Light","floor":3,"gold_loss":0,"cards_upgraded":["Defend_B","Ball Lightning"]},{"damage_healed":0,"gold_gain":0,"player_choice":"Grow","damage_taken":0,"max_hp_gain":0,"max_hp_loss":0,"event_name":"Living Wall","floor":5,"gold_loss":0,"cards_upgraded":["Barrage"]},{"damage_healed":0,"gold_gain":0,"player_choice":"Fought Mushrooms","damage_taken":0,"max_hp_gain":0,"max_hp_loss":0,"event_name":"Mushrooms","floor":7,"gold_loss":0},{"damage_healed":0,"gold_gain":0,"player_choice":"2 cards matched","damage_taken":0,"max_hp_gain":0,"max_hp_loss":0,"event_name":"Match and Keep!","floor":22,"gold_loss":0,"cards_obtained":["PanicButton","Turbo"]}],"is_beta":false,"boss_relics":[{"not_picked":["Pandora\u0027s Box","Runic Dome"],"picked":"Empty Cage"}],"items_purged_floors":[21],"is_endless":false,"potions_floor_spawned":[1,10,12,14,16,20],"killed_by":"Gremlin Leader","ascension_level":12}