{"gold_per_floor":[118,32,49,49,66,100,100,135,135,135,154,154,154,154,154,226,226,237,217,2,16,16,16,50,50,73,103,134,134,149,168,168,243,243,255,272,0,12,12,12,41,55,55,83,83,97,97,97,97,97,97],"floor_reached":52,"playtime":3619,"items_purged":["Strike_G","Strike_G"],"score":2065,"play_id":"419d5ae3-d664-472e-afb2-f73f99384e40","local_time":"20190503003407","is_ascension_mode":true,"campfire_choices":[{"data":"Predator","floor":7.0,"key":"SMITH"},{"data":"Noxious Fumes","floor":10.0,"key":"SMITH"},{"data":"Malaise","floor":12.0,"key":"SMITH"},{"floor":15.0,"key":"REST"},{"floor":23.0,"key":"REST"},{"data":"Crippling Poison","floor":25.0,"key":"SMITH"},{"data":"Corpse Explosion","floor":32.0,"key":"SMITH"},{"data":"Adrenaline","floor":40.0,"key":"SMITH"},{"data":"Neutralize","floor":45.0,"key":"SMITH"},{"data":"Cloak And Dagger","floor":47.0,"key":"SMITH"},{"data":"Blind","floor":49.0,"key":"SMITH"}],"neow_cost":"NONE","seed_source_timestamp":0,"circlet_count":0,"master_deck":["AscendersBane","Defend_G","Defend_G","Defend_G","Defend_G","Defend_G","Strike_G","Strike_G","Strike_G","Survivor","Neutralize+1","Backstab","Noxious Fumes+1","Predator+1","Crippling Poison+1","Infinite Blades","Malaise+1","Endless Agony","Corpse Explosion+1","Dagger Spray+1","Blur","Dodge and Roll+1","Necronomicurse","Well Laid Plans+1","Escape Plan","Wraith Form v2+1","Escape Plan","Adrenaline+1","Wraith Form v2+1","Tactician+1","Acrobatics+1","Cloak And Dagger+1","Deflect","PiercingWail+1","Calculated Gamble","Acrobatics+1","Mind Blast","Blind+1"],"special_seed":0,"relics":["Ring of the Snake","Smiling Mask","Kunai","Bag of Preparation","Frozen Egg 2","Mango","Eternal Feather","Anchor","Necronomicon","Ornamental Fan","Snake Skull","Red Mask","StoneCalendar","Bag of Marbles","Black Star","MealTicket","Spirit Poop","Letter Opener","Bottled Lightning","Strawberry","Happy Flower"],"potions_floor_usage":[51],"damage_taken":[{"damage":7.0,"enemies":"Small Slimes","floor":1.0,"turns":5.0},{"damage":0.0,"enemies":"2 Louse","floor":3.0,"turns":2.0},{"damage":2.0,"enemies":"Jaw Worm","floor":5.0,"turns":4.0},{"damage":15.0,"enemies":"Lagavulin","floor":6.0,"turns":5.0},{"damage":18.0,"enemies":"Gremlin Nob","floor":8.0,"turns":4.0},{"damage":6.0,"enemies":"Large Slime","floor":11.0,"turns":6.0},{"damage":6.0,"enemies":"Hexaghost","floor":16.0,"turns":11.0},{"damage":28.0,"enemies":"Shell Parasite","floor":18.0,"turns":7.0},{"damage":10.0,"enemies":"2 Thieves","floor":19.0,"turns":4.0},{"damage":8.0,"enemies":"Chosen and Byrds","floor":21.0,"turns":5.0},{"damage":14.0,"enemies":"Slavers","floor":24.0,"turns":4.0},{"damage":0.0,"enemies":"Masked Bandits","floor":27.0,"turns":3.0},{"damage":6.0,"enemies":"Book of Stabbing","floor":28.0,"turns":6.0},{"damage":5.0,"enemies":"Snake Plant","floor":30.0,"turns":5.0},{"damage":0.0,"enemies":"Cultist and Chosen","floor":31.0,"turns":2.0},{"damage":37.0,"enemies":"Collector","floor":33.0,"turns":9.0},{"damage":0.0,"enemies":"3 Shapes","floor":35.0,"turns":4.0},{"damage":27.0,"enemies":"3 Darklings","floor":36.0,"turns":3.0},{"damage":0.0,"enemies":"Maw","floor":38.0,"turns":9.0},{"damage":0.0,"enemies":"Nemesis","floor":41.0,"turns":7.0},{"damage":0.0,"enemies":"Jaw Worm Horde","floor":42.0,"turns":2.0},{"damage":3.0,"enemies":"Giant Head","floor":44.0,"turns":9.0},{"damage":5.0,"enemies":"Spire Growth","floor":46.0,"turns":5.0},{"damage":0,"enemies":"Donu and Deca","floor":50,"turns":6},{"damage":20,"enemies":"Time Eater","floor":51,"turns":12}],"seed_played":"-3863488925572256727","potions_obtained":[{"floor":1.0,"key":"Explosive Potion"},{"floor":3.0,"key":"Poison Potion"},{"floor":6.0,"key":"Block Potion"},{"floor":11.0,"key":"Poison Potion"},{"floor":19.0,"key":"GhostInAJar"},{"floor":24.0,"key":"SteroidPotion"},{"floor":31.0,"key":"Explosive Potion"},{"floor":36.0,"key":"AttackPotion"},{"floor":42.0,"key":"GhostInAJar"},{"floor":46.0,"key":"SkillPotion"}],"is_trial":false,"path_per_floor":["M","$","M","?","M","E","R","E","T","R","M","R","?","T","R","B",null,"M","M","$","M","?","R","E","R","T","?","E","?","M","M","R","B",null,"M","M","$","M","?","R","E","M","T","E","R","M","R","?","R","B","B",null],"character_chosen":"THE_SILENT","items_purchased":["Noxious Fumes","Anchor","MealTicket"],"campfire_rested":2,"item_purchase_floors":[2,20,37],"current_hp_per_floor":[58,58,58,63,61,46,46,28,28,28,22,22,4,18,45,39,78,50,40,40,32,11,50,36,51,51,51,45,45,40,40,58,21,74,74,47,47,47,47,65,65,65,65,69,90,85,98,88,98,98,78],"gold":97,"neow_bonus":"TEN_PERCENT_HP_BONUS","is_prod":false,"is_daily":false,"chose_seed":false,"campfire_upgraded":9,"win_rate":0,"timestamp":1556858047,"path_taken":["M","$","M","?","M","E","R","E","T","R","M","R","?","?","R","BOSS","M","M","$","M","?","R","E","R","T","?","E","?","M","M","R","BOSS","M","M","$","M","?","R","E","M","T","E","R","?","R","?","R","BOSS","BOSS"],"build_version":"2019-01-23","purchased_purges":2,"victory":true,"max_hp_per_floor":[72,72,72,77,77,77,77,77,77,77,77,77,77,91,91,91,91,91,91,91,91,91,91,91,91,91,91,91,91,91,91,91,91,91,91,91,91,91,91,91,91,91,91,98,98,98,98,98,98,98,98],"card_choices":[{"not_picked":["Noxious Fumes","Deflect"],"picked":"Backstab","floor":1.0},{"not_picked":["Escape Plan","PiercingWail"],"picked":"Predator","floor":3.0},{"not_picked":["Finisher","Well Laid Plans"],"picked":"Crippling Poison","floor":5.0},{"not_picked":["Predator","Eviscerate"],"picked":"Infinite Blades","floor":6.0},{"not_picked":["Sucker Punch","Backflip"],"picked":"Malaise","floor":8.0},{"not_picked":["Distraction","Reflex"],"picked":"Endless Agony","floor":11.0},{"not_picked":["Venomology","Malaise"],"picked":"Corpse Explosion","floor":16.0},{"not_picked":["Dodge and Roll","Cloak And Dagger"],"picked":"Dagger Spray+1","floor":18.0},{"not_picked":["Reflex","Sucker Punch"],"picked":"Blur","floor":19.0},{"not_picked":["Acrobatics","Reflex"],"picked":"Dodge and Roll+1","floor":21.0},{"not_picked":["Poisoned Stab","Terror"],"picked":"Well Laid Plans+1","floor":24.0},{"not_picked":["Sucker Punch","Dagger Throw"],"picked":"Escape Plan","floor":27.0},{"not_picked":["PiercingWail","Deadly Poison"],"picked":"Wraith Form v2+1","floor":28.0},{"not_picked":["Underhanded Strike+1","Deadly Poison"],"picked":"Escape Plan","floor":30.0},{"not_picked":["Distraction","Endless Agony"],"picked":"Adrenaline","floor":31.0},{"not_picked":["Burst","Venomology"],"picked":"Wraith Form v2+1","floor":33.0},{"not_picked":["Outmaneuver","Expertise"],"picked":"Tactician+1","floor":35.0},{"not_picked":["Dodge and Roll","Choke"],"picked":"Acrobatics+1","floor":36.0},{"not_picked":["Dodge and Roll","Underhanded Strike"],"picked":"Cloak And Dagger","floor":38.0},{"not_picked":["Backstab+1","Storm of Steel"],"picked":"Deflect","floor":41.0},{"not_picked":["Blade Dance","Predator"],"picked":"PiercingWail+1","floor":42.0},{"not_picked":["Underhanded Strike+1","Flying Knee"],"picked":"Calculated Gamble","floor":44.0},{"not_picked":["PiercingWail+1","Prepared"],"picked":"Acrobatics+1","floor":46.0},{"not_picked":["PanicButton","Bandage Up"],"picked":"Mind Blast","floor":48.0},{"not_picked":["Violence","Thinking Ahead"],"picked":"Blind","floor":48.0}],"player_experience":1361333,"relics_obtained":[{"floor":6.0,"key":"Smiling Mask"},{"floor":8.0,"key":"Kunai"},{"floor":9.0,"key":"Bag of Preparation"},{"floor":14.0,"key":"Mango"},{"floor":22.0,"key":"Necronomicon"},{"floor":24.0,"key":"Ornamental Fan"},{"floor":26.0,"key":"Snake Skull"},{"floor":27.0,"key":"Red Mask"},{"floor":28.0,"key":"StoneCalendar"},{"floor":41.0,"key":"Letter Opener"},{"floor":41.0,"key":"Bottled Lightning"},{"floor":44.0,"key":"Strawberry"},{"floor":44.0,"key":"Happy Flower"}],"event_choices":[{"damage_healed":0.0,"max_hp_gain":5.0,"max_hp_loss":0.0,"gold_gain":0.0,"event_name":"Big Fish","player_choice":"Donut","floor":4.0,"gold_loss":0.0,"damage_taken":0.0},{"damage_healed":0.0,"max_hp_gain":0.0,"max_hp_loss":0.0,"gold_gain":0.0,"event_name":"Scrap Ooze","player_choice":"Success","floor":13.0,"gold_loss":0.0,"damage_taken":18.0,"relics_obtained":["Frozen Egg 2"]},{"damage_healed":0.0,"max_hp_gain":0.0,"max_hp_loss":0.0,"gold_gain":0.0,"event_name":"Cursed Tome","player_choice":"Obtained Book","floor":22.0,"gold_loss":0.0,"damage_taken":21.0},{"damage_healed":0.0,"max_hp_gain":0.0,"max_hp_loss":0.0,"gold_gain":0.0,"event_name":"Masked Bandits","player_choice":"Fought Bandits","floor":27.0,"gold_loss":0.0,"damage_taken":0.0},{"damage_healed":0.0,"max_hp_gain":0.0,"max_hp_loss":0.0,"gold_gain":0.0,"event_name":"The Mausoleum","player_choice":"Opened","floor":29.0,"gold_loss":0.0,"damage_taken":0.0,"relics_obtained":["Bag of Marbles"],"cards_obtained":["Writhe"]},{"cards_removed":["Writhe"],"damage_healed":0.0,"max_hp_gain":0.0,"max_hp_loss":0.0,"gold_gain":0.0,"event_name":"Bonfire Elementals","player_choice":"Offered Curse","floor":39.0,"gold_loss":0.0,"damage_taken":0.0,"relics_obtained":["Spirit Poop"]},{"damage_healed":0.0,"max_hp_gain":0.0,"max_hp_loss":0.0,"gold_gain":0.0,"event_name":"SensoryStone","player_choice":"Memory 3","floor":48.0,"gold_loss":0.0,"damage_taken":10.0}],"is_beta":false,"boss_relics":[{"not_picked":["HoveringKite","Lizard Tail"],"picked":"Eternal Feather"},{"not_picked":["Pandora\u0027s Box","Orrery"],"picked":"Black Star"}],"items_purged_floors":[20,37],"is_endless":false,"potions_floor_spawned":[1,3,6,11,19,24,31,36,42,46],"ascension_level":20}