{"gold_per_floor":[115,115,115,390,401,401,135,135,161,194,194,210,229,244,244,339,339,354,365,365,365,14,14,27,56,132,149,159,175,188,201,201,201],"floor_reached":33,"playtime":1328,"items_purged":["Regret","Shame"],"score":296,"play_id":"5b9e959e-799b-47e0-838c-5053c4011d8f","local_time":"20190329081609","is_ascension_mode":false,"campfire_choices":[{"data":"Flame Barrier","floor":6,"key":"SMITH"},{"floor":8,"key":"RECALL"},{"data":"Perfected Strike","floor":11,"key":"SMITH"},{"data":"Infernal Blade","floor":15,"key":"SMITH"},{"data":"Inflame","floor":23,"key":"SMITH"},{"floor":32,"key":"REST"}],"neow_cost":"NONE","seed_source_timestamp":65101165117630,"circlet_count":0,"master_deck":["Strike_R","Strike_R","Strike_R","Strike_R","Strike_R","Defend_R","Defend_R","Defend_R","Defend_R","Bash+1","Flame Barrier+1","Reckless Charge","Flame Barrier+1","Perfected Strike+1","Shrug It Off","Cleave","Infernal Blade+1","Feed","Twin Strike","Whirlwind","Inflame+1","Pommel Strike+1","Dual Wield","Entrench+1","Flex","Spot Weakness"],"relics":["Black Blood","NeowsBlessing","DollysMirror","Art of War","Smiling Mask","Matryoshka","Blood Vial","Potion Belt","The Courier"],"potions_floor_usage":[16,16,19,24,28,30,31],"damage_taken":[{"damage":0,"enemies":"Jaw Worm","floor":1,"turns":1},{"damage":0,"enemies":"Small Slimes","floor":5,"turns":1},{"damage":0,"enemies":"3 Sentries","floor":10,"turns":2},{"damage":1,"enemies":"Cultist","floor":12,"turns":3},{"damage":0,"enemies":"3 Louse","floor":13,"turns":3},{"damage":9,"enemies":"Gremlin Gang","floor":14,"turns":4},{"damage":22,"enemies":"The Guardian","floor":16,"turns":11},{"damage":37,"enemies":"Shell Parasite","floor":18,"turns":6},{"damage":3,"enemies":"Chosen","floor":19,"turns":4},{"damage":6,"enemies":"Centurion and Healer","floor":24,"turns":6},{"damage":36,"enemies":"Book of Stabbing","floor":25,"turns":5},{"damage":5,"enemies":"Snake Plant","floor":27,"turns":3},{"damage":27,"enemies":"Chosen and Byrds","floor":28,"turns":5},{"damage":15,"enemies":"3 Cultists","floor":29,"turns":4},{"damage":20,"enemies":"Cultist and Chosen","floor":30,"turns":6},{"damage":18,"enemies":"Centurion and Healer","floor":31,"turns":7},{"damage":91,"enemies":"Automaton","floor":33,"turns":10}],"seed_played":"-1842201933304116082","potions_obtained":[{"floor":1,"key":"SteroidPotion"},{"floor":13,"key":"FearPotion"},{"floor":14,"key":"Poison Potion"},{"floor":18,"key":"Explosive Potion"},{"floor":27,"key":"EssenceOfSteel"},{"floor":29,"key":"SkillPotion"},{"floor":30,"key":"Regen Potion"}],"is_trial":false,"path_per_floor":["M","?","?","?","M","R","$","R","T","E","R","M","M","M","R","B",null,"M","M","?","?","$","R","M","E","T","M","M","M","M","M","R","B"],"character_chosen":"IRONCLAD","items_purchased":["DollysMirror","Inflame","Matryoshka"],"campfire_rested":1,"item_purchase_floors":[7,22,22],"current_hp_per_floor":[80,80,80,80,80,80,80,80,80,80,80,80,80,77,77,61,80,56,63,63,83,83,83,83,57,57,64,52,49,41,53,79,0],"gold":201,"neow_bonus":"THREE_ENEMY_KILL","is_prod":false,"is_daily":false,"chose_seed":false,"campfire_upgraded":4,"win_rate":0,"timestamp":1553811369,"path_taken":["M","?","?","?","M","R","$","R","T","E","R","M","M","M","R","BOSS","M","?","?","?","$","R","M","E","T","M","?","M","M","M","R","BOSS"],"build_version":"2019-01-23","purchased_purges":2,"victory":false,"max_hp_per_floor":[80,80,80,80,80,80,80,80,80,80,80,80,80,80,80,80,80,83,83,83,83,83,83,83,83,83,83,86,86,86,89,89,89],"card_choices":[{"not_picked":["Evolve","Pommel Strike"],"picked":"Flame Barrier","floor":1},{"not_picked":["Body Slam","Clash"],"picked":"Reckless Charge","floor":5},{"not_picked":["Iron Wave","Ghostly Armor"],"picked":"Perfected Strike","floor":10},{"not_picked":["Rupture","Clothesline"],"picked":"Shrug It Off","floor":12},{"not_picked":["Sword Boomerang","Armaments"],"picked":"Cleave","floor":13},{"not_picked":["Corruption","Warcry"],"picked":"Infernal Blade","floor":14},{"not_picked":["Brutality","Bludgeon"],"picked":"Feed","floor":16},{"not_picked":["Corruption","Sword Boomerang"],"picked":"Twin Strike","floor":18},{"not_picked":["Clothesline","Anger"],"picked":"Whirlwind","floor":19},{"not_picked":["Cleave+1","Twin Strike"],"picked":"Pommel Strike+1","floor":24},{"not_picked":["Clothesline","Juggernaut"],"picked":"Dual Wield","floor":25},{"not_picked":["Cleave","Headbutt+1"],"picked":"Entrench+1","floor":27},{"not_picked":["Anger","Evolve"],"picked":"Flex","floor":28},{"not_picked":["Warcry","Cleave","Dropkick"],"picked":"SKIP","floor":29},{"not_picked":["Searing Blow","Corruption","Body Slam"],"picked":"SKIP","floor":30},{"not_picked":["Perfected Strike","Pommel Strike"],"picked":"Spot Weakness","floor":31}],"player_experience":281224,"relics_obtained":[{"floor":10,"key":"Art of War"},{"floor":25,"key":"Blood Vial"},{"floor":26,"key":"Potion Belt"},{"floor":26,"key":"The Courier"}],"event_choices":[{"damage_healed":0,"gold_gain":0,"player_choice":"Ignored","damage_taken":0,"max_hp_gain":0,"max_hp_loss":0,"event_name":"Golden Wing","floor":2,"gold_loss":0},{"damage_healed":0,"gold_gain":0,"player_choice":"Grow","damage_taken":0,"max_hp_gain":0,"max_hp_loss":0,"event_name":"Living Wall","floor":3,"gold_loss":0,"cards_upgraded":["Bash"]},{"damage_healed":0,"gold_gain":275,"player_choice":"Desecrate","damage_taken":0,"max_hp_gain":0,"max_hp_loss":0,"event_name":"Golden Shrine","floor":4,"gold_loss":0,"cards_obtained":["Regret"]},{"damage_healed":0,"gold_gain":0,"player_choice":"Stole Relic","damage_taken":0,"relics_obtained":["Smiling Mask"],"max_hp_gain":0,"max_hp_loss":0,"event_name":"Addict","floor":20,"gold_loss":0,"cards_obtained":["Shame"]},{"damage_healed":20,"gold_gain":0,"player_choice":"Full Heal","damage_taken":0,"max_hp_gain":0,"max_hp_loss":0,"event_name":"Wheel of Change","floor":21,"gold_loss":0}],"is_beta":false,"boss_relics":[{"not_picked":["Philosopher\u0027s Stone","Eternal Feather"],"picked":"Black Blood"}],"items_purged_floors":[7,22],"is_endless":false,"potions_floor_spawned":[1,13,14,18,27,29,30],"killed_by":"Automaton","ascension_level":0}