{"gold_per_floor":[119,135,135,100,250,275,27,45,45,45,45],"floor_reached":11,"playtime":630,"items_purged":["Doubt"],"score":128,"play_id":"bc8312e3-847d-448d-8243-4987bd4f9696","local_time":"20190808044951","is_ascension_mode":true,"campfire_choices":[],"neow_cost":"NONE","seed_source_timestamp":87525006847670,"circlet_count":0,"master_deck":["AscendersBane","Strike_B","Strike_B","Strike_B","Strike_B","Defend_B","Defend_B","Defend_B","Defend_B","Zap","Dualcast","Seek","Conserve Battery","Lockon","Auto Shields","Cold Snap"],"relics":["Cracked Core","Question Card","Happy Flower","Lantern","Bottled Lightning"],"potions_floor_usage":[6],"damage_taken":[{"damage":6,"enemies":"2 Louse","floor":1,"turns":3},{"damage":7,"enemies":"Jaw Worm","floor":2,"turns":4},{"damage":51,"enemies":"3 Sentries","floor":6,"turns":9},{"damage":0,"enemies":"Small Slimes","floor":8,"turns":3},{"damage":6,"enemies":"Blue Slaver","floor":11,"turns":2}],"seed_played":"-1746583737259617166","potions_obtained":[{"floor":1,"key":"SkillPotion"},{"floor":8,"key":"LiquidBronze"}],"is_trial":false,"path_per_floor":["M","M","?","?","?","E","$","M","T","$","M"],"character_chosen":"DEFECT","items_purchased":["Lantern"],"campfire_rested":0,"item_purchase_floors":[7],"current_hp_per_floor":[58,51,40,57,57,6,6,6,6,6,0],"gold":45,"neow_bonus":"ONE_RANDOM_RARE_CARD","is_prod":false,"is_daily":false,"chose_seed":false,"campfire_upgraded":0,"win_rate":0,"timestamp":1565203791,"path_taken":["M","M","?","?","?","E","$","M","T","?","M"],"build_version":"2019-07-17","purchased_purges":1,"victory":false,"max_hp_per_floor":[71,71,71,71,71,71,71,71,71,71,71],"card_choices":[{"not_picked":["Scrape","Rebound"],"picked":"Conserve Battery","floor":1},{"not_picked":["Steam","Leap"],"picked":"Lockon","floor":2},{"not_picked":["Chaos","Turbo","Skim"],"picked":"Auto Shields","floor":6},{"not_picked":["Gash","Scrape","Heatsinks"],"picked":"Cold Snap","floor":8}],"player_experience":1165599,"relics_obtained":[{"floor":6,"key":"Happy Flower"},{"floor":9,"key":"Bottled Lightning"}],"event_choices":[{"damage_healed":0,"gold_gain":0,"player_choice":"Success","damage_taken":11,"relics_obtained":["Question Card"],"max_hp_gain":0,"max_hp_loss":0,"event_name":"Scrap Ooze","floor":3,"gold_loss":0},{"damage_healed":17,"gold_gain":0,"player_choice":"Healed","damage_taken":0,"max_hp_gain":0,"max_hp_loss":0,"event_name":"The Cleric","floor":4,"gold_loss":35},{"damage_healed":0,"gold_gain":150,"player_choice":"AGREE","damage_taken":0,"max_hp_gain":0,"max_hp_loss":0,"event_name":"Liars Game","floor":5,"gold_loss":0,"cards_obtained":["Doubt"]}],"is_beta":false,"boss_relics":[],"items_purged_floors":[7],"is_endless":false,"potions_floor_spawned":[1,8],"killed_by":"Blue Slaver","ascension_level":16}