{"gold_per_floor":[111,11,29,48,48,48,109,137,137,153,153,173,173,147,147,250,250,270,270,270,270,288,299,299],"floor_reached":24,"playtime":1353,"items_purged":["Strike_G"],"score":304,"play_id":"dbfeb9f8-b100-4be4-bf30-09c7e4192972","local_time":"20181116224727","is_ascension_mode":true,"campfire_choices":[{"data":"Blade Dance","floor":6.0,"key":"SMITH"},{"floor":13.0,"key":"REST"},{"data":"Blade Dance","floor":15.0,"key":"SMITH"}],"neow_cost":"NONE","seed_source_timestamp":0,"circlet_count":0,"master_deck":["AscendersBane","Defend_G","Defend_G","Defend_G","Defend_G","Defend_G","Strike_G","Strike_G+1","Strike_G","Strike_G","Survivor","Neutralize","Dagger Spray","Dagger Throw+1","After Image","Blade Dance+1","Blur","Blade Dance+1","Burst"],"special_seed":0,"relics":["Ring of the Serpent","Vajra","Shovel","Bronze Scales","Ginger","Darkstone Periapt","Matryoshka"],"potions_floor_usage":[23,24],"damage_taken":[{"damage":0.0,"enemies":"2 Louse","floor":1.0,"turns":3.0},{"damage":0.0,"enemies":"Small Slimes","floor":3.0,"turns":2.0},{"damage":1.0,"enemies":"Jaw Worm","floor":4.0,"turns":3.0},{"damage":23.0,"enemies":"Lagavulin Event","floor":7.0,"turns":6.0},{"damage":19.0,"enemies":"3 Sentries","floor":8.0,"turns":7.0},{"damage":1.0,"enemies":"Looter","floor":10.0,"turns":3.0},{"damage":3.0,"enemies":"Blue Slaver","floor":12.0,"turns":3.0},{"damage":6.0,"enemies":"Hexaghost","floor":16.0,"turns":9.0},{"damage":0.0,"enemies":"Chosen","floor":18.0,"turns":5.0},{"damage":8.0,"enemies":"Spheric Guardian","floor":22.0,"turns":4.0},{"damage":28,"enemies":"Snake Plant","floor":23,"turns":4},{"damage":62,"enemies":"Book of Stabbing","floor":24,"turns":6}],"seed_played":"8368893650385994379","potions_obtained":[{"floor":3.0,"key":"Energy Potion"},{"floor":7.0,"key":"FairyPotion"},{"floor":10.0,"key":"FearPotion"},{"floor":16.0,"key":"SkillPotion"},{"floor":23,"key":"Regen Potion"}],"is_trial":false,"path_per_floor":["M","$","M","M","?","R","?","E","T","M","?","M","R","?","R","B",null,"M","?","?","T","M","M","E"],"character_chosen":"THE_SILENT","items_purchased":["Dagger Throw"],"campfire_rested":1,"item_purchase_floors":[2],"current_hp_per_floor":[63,63,63,62,62,62,39,20,20,19,5,2,23,23,23,17,57,57,57,57,57,49,21,0],"gold":299,"neow_bonus":"RANDOM_COMMON_RELIC","is_prod":false,"is_daily":false,"chose_seed":false,"campfire_upgraded":2,"win_rate":0,"timestamp":1542426447,"path_taken":["M","$","M","M","?","R","?","E","T","M","?","?","R","?","R","BOSS","M","?","?","?","?","M","E"],"build_version":"2018-11-15","purchased_purges":1,"victory":false,"max_hp_per_floor":[70,70,70,70,70,70,70,70,70,70,70,70,70,70,70,70,70,70,70,70,70,70,70,70],"card_choices":[{"not_picked":["Dodge and Roll","Poisoned Stab"],"picked":"Dagger Spray","floor":1.0},{"not_picked":["Bouncing Flask","Poisoned Stab"],"picked":"After Image","floor":3.0},{"not_picked":["Bane","Reflex"],"picked":"Blade Dance","floor":4.0},{"not_picked":["Sucker Punch","Dodge and Roll"],"picked":"Blur","floor":7.0},{"not_picked":["Sucker Punch","Deadly Poison"],"picked":"Blade Dance","floor":8.0},{"not_picked":["Skewer","Bane","Blur"],"picked":"SKIP","floor":10.0},{"not_picked":["Deadly Poison","Flying Knee","Footwork"],"picked":"SKIP","floor":12.0},{"not_picked":["Glass Knife","Doppelganger"],"picked":"Burst","floor":16.0},{"not_picked":["Backflip","Outmaneuver+1","Caltrops"],"picked":"SKIP","floor":18.0},{"not_picked":["Caltrops","Sucker Punch+1","Bane"],"picked":"SKIP","floor":22.0},{"not_picked":["Blade Dance+1","Distraction","Deflect"],"picked":"SKIP","floor":23}],"player_experience":684280,"relics_obtained":[{"floor":8.0,"key":"Bronze Scales"},{"floor":9.0,"key":"Ginger"},{"floor":21.0,"key":"Matryoshka"}],"event_choices":[{"damage_healed":0.0,"max_hp_gain":0.0,"max_hp_loss":0.0,"gold_gain":0.0,"event_name":"The Cleric","player_choice":"Leave","floor":5.0,"gold_loss":0.0,"damage_taken":0.0},{"damage_healed":0.0,"max_hp_gain":0.0,"max_hp_loss":0.0,"gold_gain":0.0,"event_name":"Dead Adventurer","player_choice":"Searched \u00272\u0027 times","floor":7.0,"gold_loss":0.0,"damage_taken":0.0,"relics_obtained":["Shovel"]},{"damage_healed":0.0,"max_hp_gain":0.0,"max_hp_loss":0.0,"gold_gain":0.0,"event_name":"Shining Light","player_choice":"Entered Light","floor":11.0,"gold_loss":0.0,"damage_taken":14.0,"cards_upgraded":["Strike_G","Dagger Throw"]},{"damage_healed":0.0,"max_hp_gain":0.0,"max_hp_loss":0.0,"gold_gain":0.0,"event_name":"World of Goop","player_choice":"Left Gold","floor":14.0,"gold_loss":26.0,"damage_taken":0.0},{"damage_healed":0.0,"max_hp_gain":0.0,"max_hp_loss":0.0,"gold_gain":0.0,"event_name":"Vampires","player_choice":"Ignored","floor":19.0,"gold_loss":0.0,"damage_taken":0.0},{"damage_healed":0.0,"max_hp_gain":0.0,"max_hp_loss":0.0,"gold_gain":0.0,"event_name":"The Mausoleum","player_choice":"Opened","floor":20.0,"gold_loss":0.0,"damage_taken":0.0,"relics_obtained":["Darkstone Periapt"]}],"is_beta":false,"boss_relics":[{"not_picked":["Velvet Choker","Ectoplasm"],"picked":"Ring of the Serpent"}],"items_purged_floors":[2],"is_endless":false,"potions_floor_spawned":[3,7,10,16,22,23],"killed_by":"Book of Stabbing","ascension_level":11}