{"gold_per_floor":[119,119,134,151,8,8,38,52,122,122,149,165,165,165,165,267,267,277,288,288],"floor_reached":20,"playtime":758,"items_purged":[],"score":276,"play_id":"64c248df-14b6-418b-a009-af845032c37e","local_time":"20190607053538","is_ascension_mode":true,"campfire_choices":[{"data":"Bash","floor":6,"key":"SMITH"},{"data":"Feel No Pain","floor":10,"key":"SMITH"},{"floor":13,"key":"REST"},{"floor":15,"key":"REST"}],"neow_cost":"NONE","seed_source_timestamp":37936720326764,"circlet_count":0,"master_deck":["AscendersBane","Strike_R","Strike_R","Strike_R","Strike_R","Defend_R","Defend_R","Defend_R","Defend_R","Bash+1","Fiend Fire","Carnage+1","Battle Trance","Evolve","Flame Barrier","Feel No Pain+1","Spot Weakness","Disarm","Offering","Burning Pact","Feel No Pain+1"],"relics":["Burning Blood","Omamori","Calipers","The Courier","Juzu Bracelet","Fusion Hammer"],"potions_floor_usage":[7,16,20,20],"damage_taken":[{"damage":17,"enemies":"2 Louse","floor":1,"turns":3},{"damage":0,"enemies":"Cultist","floor":3,"turns":2},{"damage":7,"enemies":"Jaw Worm","floor":4,"turns":3},{"damage":20,"enemies":"3 Sentries","floor":7,"turns":5},{"damage":9,"enemies":"Exordium Wildlife","floor":8,"turns":3},{"damage":32,"enemies":"Gremlin Nob","floor":11,"turns":4},{"damage":11,"enemies":"Exordium Thugs","floor":12,"turns":3},{"damage":55,"enemies":"Slime Boss","floor":16,"turns":14},{"damage":19,"enemies":"Shell Parasite","floor":18,"turns":5},{"damage":6,"enemies":"Spheric Guardian","floor":19,"turns":3},{"damage":66,"enemies":"3 Cultists","floor":20,"turns":6}],"seed_played":"5331104320102294309","potions_obtained":[{"floor":1,"key":"LiquidBronze"},{"floor":4,"key":"Explosive Potion"},{"floor":7,"key":"GamblersBrew"},{"floor":16,"key":"SkillPotion"},{"floor":19,"key":"Dexterity Potion"}],"is_trial":false,"path_per_floor":["M","?","M","M","$","R","E","M","T","R","E","M","R","?","R","B",null,"M","M","M"],"character_chosen":"IRONCLAD","items_purchased":["Omamori"],"campfire_rested":2,"item_purchase_floors":[5],"current_hp_per_floor":[61,61,67,66,66,66,52,49,49,49,23,18,42,35,59,10,63,50,50,0],"gold":288,"neow_bonus":"ONE_RANDOM_RARE_CARD","is_prod":false,"is_daily":false,"chose_seed":false,"campfire_upgraded":2,"win_rate":0,"timestamp":1559849738,"path_taken":["M","?","M","M","?","R","E","?","T","R","E","M","R","?","R","BOSS","M","M","M"],"build_version":"2019-01-23","purchased_purges":0,"victory":false,"max_hp_per_floor":[80,80,80,80,80,80,80,80,80,80,80,80,80,80,80,80,80,80,80,80],"card_choices":[{"not_picked":["Heavy Blade","Armaments"],"picked":"Carnage","floor":1},{"not_picked":["Body Slam","Iron Wave"],"picked":"Battle Trance","floor":3},{"not_picked":["Perfected Strike","Corruption"],"picked":"Evolve","floor":4},{"not_picked":["Dark Embrace","Shrug It Off"],"picked":"Flame Barrier","floor":7},{"not_picked":["Reckless Charge","Blood for Blood"],"picked":"Feel No Pain","floor":8},{"not_picked":["Second Wind","Iron Wave"],"picked":"Spot Weakness","floor":11},{"not_picked":["Rampage","Intimidate"],"picked":"Disarm","floor":12},{"not_picked":["Fiend Fire","Double Tap"],"picked":"Offering","floor":16},{"not_picked":["Corruption","Perfected Strike"],"picked":"Burning Pact","floor":18},{"not_picked":["Thunderclap","Heavy Blade"],"picked":"Feel No Pain+1","floor":19}],"player_experience":821559,"relics_obtained":[{"floor":7,"key":"Calipers"},{"floor":9,"key":"The Courier"},{"floor":11,"key":"Juzu Bracelet"}],"event_choices":[{"damage_healed":0,"gold_gain":0,"player_choice":"Upgraded","damage_taken":0,"max_hp_gain":0,"max_hp_loss":0,"event_name":"Upgrade Shrine","floor":2,"gold_loss":0,"cards_upgraded":["Carnage"]},{"cards_removed":["Strike_R"],"damage_healed":0,"gold_gain":0,"player_choice":"Card Removal","damage_taken":7,"max_hp_gain":0,"max_hp_loss":0,"event_name":"Golden Wing","floor":14,"gold_loss":0}],"is_beta":false,"boss_relics":[{"not_picked":["Black Star","Runic Pyramid"],"picked":"Fusion Hammer"}],"items_purged_floors":[],"is_endless":false,"potions_floor_spawned":[1,4,7,16,19],"killed_by":"3 Cultists","ascension_level":10}