{"gold_per_floor":[115,133,133,58,68,99,118,143,190,202,202,102,119,84,84,84],"floor_reached":16,"playtime":946,"items_purged":["Strike_G","Strike_G"],"score":148,"play_id":"60875844-3010-4019-8a16-dfa204107d80","local_time":"20181027120925","is_ascension_mode":true,"campfire_choices":[{"floor":11,"key":"REST"},{"data":"Phantasmal Killer","floor":15,"key":"SMITH"}],"neow_cost":"NONE","seed_source_timestamp":76738774156482,"circlet_count":0,"master_deck":["Defend_G","Defend_G","Defend_G","Defend_G","Defend_G","Strike_G","Strike_G","Strike_G","Survivor","Neutralize","Phantasmal Killer+1","All Out Attack","Dagger Throw","Quick Slash","Escape Plan","Flying Knee","Backstab","Prepared"],"relics":["Ring of the Snake","Letter Opener","Odd Mushroom","Anchor"],"potions_floor_usage":[16,16],"damage_taken":[{"damage":0,"enemies":"2 Louse","floor":1,"turns":3},{"damage":0,"enemies":"Cultist","floor":2,"turns":4},{"damage":4,"enemies":"Small Slimes","floor":5,"turns":4},{"damage":24,"enemies":"3 Sentries","floor":6,"turns":8},{"damage":4,"enemies":"Red Slaver","floor":7,"turns":3},{"damage":15,"enemies":"The Mushroom Lair","floor":8,"turns":3},{"damage":0,"enemies":"2 Fungi Beasts","floor":10,"turns":2},{"damage":24,"enemies":"Large Slime","floor":13,"turns":6},{"damage":32,"enemies":"Slime Boss","floor":16,"turns":7}],"seed_played":"1395962911961015037","potions_obtained":[{"floor":7,"key":"LiquidBronze"},{"floor":8,"key":"Dexterity Potion"},{"floor":13,"key":"Strength Potion"}],"is_trial":false,"path_per_floor":["M","M","?","$","M","E","M","?","T","M","R","$","M","?","R"],"character_chosen":"THE_SILENT","items_purchased":[],"campfire_rested":1,"item_purchase_floors":[],"current_hp_per_floor":[63,63,63,63,59,35,31,16,16,16,37,37,13,30,30,0],"gold":84,"neow_bonus":"ONE_RANDOM_RARE_CARD","is_prod":false,"is_daily":false,"chose_seed":false,"campfire_upgraded":1,"win_rate":0,"timestamp":1540656565,"path_taken":["M","M","?","$","?","E","M","?","T","M","R","$","M","?","R","BOSS"],"build_version":"2018-10-25v2","purchased_purges":2,"victory":false,"max_hp_per_floor":[70,70,70,70,70,70,70,70,70,70,70,70,70,70,70,70],"card_choices":[{"not_picked":["Sucker Punch","Accuracy"],"picked":"All Out Attack","floor":1},{"not_picked":["Concentrate","Crippling Poison"],"picked":"Dagger Throw","floor":2},{"not_picked":["Dash","Calculated Gamble"],"picked":"Quick Slash","floor":5},{"not_picked":["Acrobatics","Dagger Spray"],"picked":"Escape Plan","floor":6},{"not_picked":["Cloak And Dagger","Caltrops"],"picked":"Flying Knee","floor":7},{"not_picked":["Poisoned Stab","Bane"],"picked":"Backstab","floor":10},{"not_picked":["Quick Slash","Bane"],"picked":"Prepared","floor":13}],"player_experience":558212,"relics_obtained":[{"floor":6,"key":"Letter Opener"},{"floor":8,"key":"Odd Mushroom"},{"floor":9,"key":"Anchor"}],"event_choices":[{"damage_healed":0,"gold_gain":0,"player_choice":"Ignored","damage_taken":0,"max_hp_gain":0,"max_hp_loss":0,"event_name":"Shining Light","floor":3,"gold_loss":0},{"damage_healed":0,"gold_gain":0,"player_choice":"Fought Mushrooms","damage_taken":0,"max_hp_gain":0,"max_hp_loss":0,"event_name":"Mushrooms","floor":8,"gold_loss":0},{"damage_healed":17,"gold_gain":0,"player_choice":"Healed","damage_taken":0,"max_hp_gain":0,"max_hp_loss":0,"event_name":"The Cleric","floor":14,"gold_loss":35}],"is_beta":false,"boss_relics":[],"items_purged_floors":[4,12],"is_endless":false,"potions_floor_spawned":[7,8,13],"killed_by":"Slime Boss","ascension_level":9}