{"gold_per_floor":[112,112,122,140,290,290,290,290,314,347,16,33,48,48,48,122,122,141,191,205,205],"floor_reached":21,"playtime":615,"items_purged":[],"score":313,"play_id":"e1220a07-5669-4001-9bbc-b6b4d9eee7a3","local_time":"20190716215343","is_ascension_mode":true,"campfire_choices":[{"floor":6,"key":"REST"},{"data":"Dualcast","floor":8,"key":"SMITH"},{"floor":15,"key":"REST"}],"neow_cost":"NONE","seed_source_timestamp":57879963289586,"circlet_count":0,"master_deck":["AscendersBane","Strike_B","Strike_B+1","Strike_B","Strike_B","Defend_B","Defend_B","Defend_B+1","Defend_B","Zap","Dualcast+1","All For One","Coolheaded","Static Discharge","Cold Snap","Sunder","Cold Snap","Ball Lightning","Stack","Doom and Gloom","Core Surge","FTL"],"relics":["Cracked Core","PreservedInsect","Frozen Egg 2","Letter Opener","Sozu"],"potions_floor_usage":[16],"damage_taken":[{"damage":2,"enemies":"2 Louse","floor":1,"turns":2},{"damage":4,"enemies":"Small Slimes","floor":3,"turns":3},{"damage":0,"enemies":"Jaw Worm","floor":4,"turns":3},{"damage":18,"enemies":"Lagavulin","floor":10,"turns":6},{"damage":11,"enemies":"Blue Slaver","floor":12,"turns":2},{"damage":8,"enemies":"Gremlin Gang","floor":13,"turns":4},{"damage":24,"enemies":"Hexaghost","floor":16,"turns":10},{"damage":31,"enemies":"2 Thieves","floor":18,"turns":4},{"damage":20,"enemies":"Spheric Guardian","floor":20,"turns":5},{"damage":12,"enemies":"Shelled Parasite and Fungi","floor":21,"turns":1}],"seed_played":"-1164584925771809947","potions_obtained":[{"floor":10,"key":"Strength Potion"},{"floor":16,"key":"Fruit Juice"}],"is_trial":false,"path_per_floor":["M","?","M","M","?","R","?","R","T","E","$","M","M","?","R","B",null,"M","?","M","M"],"character_chosen":"DEFECT","items_purchased":["Letter Opener","Cold Snap","Ball Lightning"],"campfire_rested":2,"item_purchase_floors":[11,11,11],"current_hp_per_floor":[62,41,37,37,37,58,51,51,51,33,33,22,14,14,35,11,56,25,25,5,0],"gold":205,"neow_bonus":"ONE_RANDOM_RARE_CARD","is_prod":false,"is_daily":false,"chose_seed":false,"campfire_upgraded":1,"win_rate":0,"timestamp":1563278023,"path_taken":["M","?","M","M","?","R","?","R","T","E","$","M","M","?","R","BOSS","M","?","M","M"],"build_version":"2019-07-05","purchased_purges":0,"victory":false,"max_hp_per_floor":[71,71,71,71,71,71,71,71,71,71,71,71,71,71,71,71,71,71,71,71,71],"card_choices":[{"not_picked":["Leap","Stack"],"picked":"Coolheaded","floor":1},{"not_picked":["FTL","Recycle"],"picked":"Static Discharge","floor":3},{"not_picked":["Stack","Redo"],"picked":"Cold Snap","floor":4},{"not_picked":["Storm","Heatsinks"],"picked":"Sunder","floor":10},{"not_picked":["Streamline","Fusion"],"picked":"Stack","floor":12},{"not_picked":["Melter","Ball Lightning"],"picked":"Doom and Gloom","floor":13},{"not_picked":["Reboot","Multi-Cast"],"picked":"Core Surge","floor":16},{"not_picked":["Rebound","Double Energy+1"],"picked":"FTL","floor":18},{"not_picked":["Sunder","Barrage","Chaos"],"picked":"SKIP","floor":20}],"player_experience":991961,"relics_obtained":[{"floor":9,"key":"PreservedInsect"},{"floor":10,"key":"Frozen Egg 2"}],"event_choices":[{"damage_healed":0,"gold_gain":0,"player_choice":"Entered Light","damage_taken":21,"max_hp_gain":0,"max_hp_loss":0,"event_name":"Shining Light","floor":2,"gold_loss":0,"cards_upgraded":["Defend_B","Strike_B"]},{"damage_healed":0,"gold_gain":150,"player_choice":"AGREE","damage_taken":0,"max_hp_gain":0,"max_hp_loss":0,"event_name":"Liars Game","floor":5,"gold_loss":0,"cards_obtained":["Doubt"]},{"cards_removed":["Doubt"],"damage_healed":0,"gold_gain":0,"player_choice":"Card Removal","damage_taken":7,"max_hp_gain":0,"max_hp_loss":0,"event_name":"Golden Wing","floor":7,"gold_loss":0},{"damage_healed":0,"gold_gain":0,"player_choice":"Searched \u00270\u0027 times","damage_taken":0,"max_hp_gain":0,"max_hp_loss":0,"event_name":"Dead Adventurer","floor":14,"gold_loss":0},{"damage_healed":0,"gold_gain":50,"player_choice":"Stole From Cult","damage_taken":0,"max_hp_gain":0,"max_hp_loss":0,"event_name":"Nest","floor":19,"gold_loss":0}],"is_beta":false,"boss_relics":[{"not_picked":["Empty Cage","Calling Bell"],"picked":"Sozu"}],"items_purged_floors":[],"is_endless":false,"potions_floor_spawned":[10,16,20],"killed_by":"Shelled Parasite and Fungi","ascension_level":15}