{"gold_per_floor":[110,124,139,139,149,149,175,140,140,160,160,179,199,214,214,313,313,327,602,371,90,104,104,104],"floor_reached":24,"playtime":980,"items_purged":["Regret"],"score":198,"play_id":"2ae463ae-e230-445a-b36e-c99a7e647d94","local_time":"20190329062552","is_ascension_mode":false,"campfire_choices":[{"data":"Bash","floor":6,"key":"SMITH"},{"floor":15,"key":"REST"},{"data":"Barricade","floor":23,"key":"SMITH"}],"neow_cost":"NONE","seed_source_timestamp":58834629460870,"circlet_count":0,"master_deck":["Strike_R","Strike_R","Strike_R","Strike_R","Defend_R","Defend_R","Defend_R","Defend_R","Bash+1","Inflame+1","Dropkick","Inflame","Offering","Disarm","Perfected Strike","Disarm","Wild Strike","Rampage","Blood for Blood","Exhume","Power Through","Perfected Strike","Anger","Power Through","Entrench","Burning Pact","Flame Barrier","Flame Barrier","Barricade+1"],"relics":["Burning Blood","NeowsBlessing","Charon\u0027s Ashes","Bottled Tornado","Odd Mushroom","Orrery","Oddly Smooth Stone","DollysMirror"],"potions_floor_usage":[18,24,24],"damage_taken":[{"damage":0,"enemies":"2 Louse","floor":1,"turns":1},{"damage":0,"enemies":"Cultist","floor":2,"turns":1},{"damage":0,"enemies":"Jaw Worm","floor":3,"turns":1},{"damage":16,"enemies":"Blue Slaver","floor":5,"turns":4},{"damage":19,"enemies":"Gremlin Nob","floor":7,"turns":4},{"damage":27,"enemies":"The Mushroom Lair","floor":10,"turns":5},{"damage":0,"enemies":"Large Slime","floor":12,"turns":4},{"damage":14,"enemies":"Gremlin Gang","floor":13,"turns":4},{"damage":6,"enemies":"2 Fungi Beasts","floor":14,"turns":2},{"damage":14,"enemies":"Slime Boss","floor":16,"turns":8},{"damage":32,"enemies":"2 Thieves","floor":18,"turns":4},{"damage":10,"enemies":"3 Byrds","floor":22,"turns":5},{"damage":55,"enemies":"Gremlin Leader","floor":24,"turns":7}],"seed_played":"-813888068266475770","potions_obtained":[{"floor":1,"key":"SpeedPotion"},{"floor":2,"key":"Ancient Potion"},{"floor":5,"key":"LiquidBronze"},{"floor":18,"key":"SkillPotion"}],"is_trial":false,"path_per_floor":["M","M","M","?","M","R","E","?","T","?","?","M","M","M","R","B",null,"M","?","$","$","M","R","E"],"character_chosen":"IRONCLAD","items_purchased":["Oddly Smooth Stone","Flame Barrier","DollysMirror"],"campfire_rested":1,"item_purchase_floors":[20,21,21],"current_hp_per_floor":[80,80,80,80,70,70,57,77,77,56,56,62,54,54,78,70,80,54,54,54,54,50,50,0],"gold":104,"neow_bonus":"THREE_ENEMY_KILL","is_prod":false,"is_daily":false,"chose_seed":false,"campfire_upgraded":2,"win_rate":0,"timestamp":1553804752,"path_taken":["M","M","M","?","?","R","E","?","T","?","?","M","?","M","R","BOSS","M","?","?","$","M","R","E"],"build_version":"2019-01-23","purchased_purges":1,"victory":false,"max_hp_per_floor":[80,80,80,80,80,80,80,80,80,80,80,80,80,80,80,80,80,80,80,80,80,80,80,80],"card_choices":[{"not_picked":["Dropkick","Heavy Blade"],"picked":"Inflame","floor":1},{"not_picked":["Warcry","Havoc"],"picked":"Dropkick","floor":2},{"not_picked":["Whirlwind","Iron Wave"],"picked":"Inflame","floor":3},{"not_picked":["Flex","Sword Boomerang"],"picked":"Disarm","floor":5},{"not_picked":["Burning Pact","Disarm"],"picked":"Perfected Strike","floor":7},{"not_picked":["Clothesline","Heavy Blade"],"picked":"Disarm","floor":10},{"not_picked":["Thunderclap","Dark Embrace"],"picked":"Wild Strike","floor":12},{"not_picked":["Flex","Rupture"],"picked":"Rampage","floor":13},{"not_picked":["Warcry","Thunderclap"],"picked":"Blood for Blood","floor":14},{"not_picked":["Immolate","Offering"],"picked":"Exhume","floor":16},{"not_picked":["Iron Wave","True Grit"],"picked":"Power Through","floor":17},{"not_picked":["Seeing Red","Burning Pact"],"picked":"Perfected Strike","floor":17},{"not_picked":["Warcry","Carnage"],"picked":"Anger","floor":17},{"not_picked":["Perfected Strike","Wild Strike"],"picked":"Power Through","floor":17},{"not_picked":["Sword Boomerang","Shockwave"],"picked":"Entrench","floor":17},{"not_picked":["Shrug It Off","Clothesline"],"picked":"Burning Pact","floor":18},{"not_picked":["Havoc","Flex"],"picked":"Barricade","floor":22}],"player_experience":275030,"relics_obtained":[{"floor":7,"key":"Charon\u0027s Ashes"},{"floor":9,"key":"Bottled Tornado"},{"floor":10,"key":"Odd Mushroom"}],"event_choices":[{"damage_healed":0,"gold_gain":0,"cards_transformed":["Strike_R"],"player_choice":"Transformed","damage_taken":0,"max_hp_gain":0,"max_hp_loss":0,"event_name":"Transmorgrifier","floor":4,"gold_loss":0,"cards_obtained":["Offering"]},{"damage_healed":20,"gold_gain":0,"player_choice":"Healed","damage_taken":0,"max_hp_gain":0,"max_hp_loss":0,"event_name":"The Cleric","floor":8,"gold_loss":35},{"damage_healed":0,"gold_gain":0,"player_choice":"Fought Mushrooms","damage_taken":0,"max_hp_gain":0,"max_hp_loss":0,"event_name":"Mushrooms","floor":10,"gold_loss":0},{"damage_healed":0,"gold_gain":0,"player_choice":"Upgraded","damage_taken":0,"max_hp_gain":0,"max_hp_loss":0,"event_name":"Upgrade Shrine","floor":11,"gold_loss":0,"cards_upgraded":["Inflame"]},{"damage_healed":0,"gold_gain":275,"player_choice":"Desecrate","damage_taken":0,"max_hp_gain":0,"max_hp_loss":0,"event_name":"Golden Shrine","floor":19,"gold_loss":0,"cards_obtained":["Regret"]}],"is_beta":false,"boss_relics":[{"not_picked":["Astrolabe","Eternal Feather"],"picked":"Orrery"}],"items_purged_floors":[20],"is_endless":false,"potions_floor_spawned":[1,2,5,14,16,18],"killed_by":"Gremlin Leader","ascension_level":0}