{"gold_per_floor":[111,127,142,162,162,194,194,45,45,72,72],"floor_reached":11,"playtime":1159,"items_purged":[],"score":100,"play_id":"a7fc6abb-483f-4c5f-9831-90cdb3d549ed","local_time":"20190909202716","is_ascension_mode":true,"campfire_choices":[{"floor":7,"key":"REST"}],"neow_cost":"NONE","seed_source_timestamp":466873650717600,"circlet_count":0,"master_deck":["Strike_B","Strike_B","Strike_B","Strike_B","Defend_B","Defend_B","Defend_B","Zap","Dualcast","Force Field","Chill","Capacitor","Darkness","Undo","Skim"],"relics":["Cracked Core","Thread and Needle","Potion Belt","Prayer Wheel"],"potions_floor_usage":[6],"damage_taken":[{"damage":0,"enemies":"Cultist","floor":1,"turns":3},{"damage":10,"enemies":"2 Louse","floor":2,"turns":2},{"damage":2,"enemies":"Jaw Worm","floor":3,"turns":3},{"damage":13,"enemies":"Large Slime","floor":4,"turns":7},{"damage":26,"enemies":"3 Sentries","floor":6,"turns":10},{"damage":20,"enemies":"Lagavulin","floor":10,"turns":10},{"damage":31,"enemies":"Gremlin Gang","floor":11,"turns":7}],"seed_played":"958305160131784947","potions_obtained":[{"floor":4,"key":"Explosive Potion"}],"is_trial":false,"path_per_floor":["M","M","M","M","?","E","R","$","T","E","M"],"character_chosen":"DEFECT","items_purchased":["Potion Belt"],"campfire_rested":1,"item_purchase_floors":[8],"current_hp_per_floor":[75,65,63,50,50,24,46,46,46,26,0],"gold":72,"neow_bonus":"REMOVE_CARD","is_prod":false,"is_daily":false,"chose_seed":false,"campfire_upgraded":0,"win_rate":0,"timestamp":1568078836,"path_taken":["M","?","M","M","?","E","R","?","T","E","M"],"build_version":"2019-07-17","purchased_purges":0,"victory":false,"max_hp_per_floor":[75,75,75,75,75,75,75,75,75,75,75],"card_choices":[{"not_picked":["Compile Driver","Barrage"],"picked":"Force Field","floor":1},{"not_picked":["Storm","Double Energy"],"picked":"Chill","floor":2},{"not_picked":["Reprogram","Sweeping Beam"],"picked":"Capacitor","floor":3},{"not_picked":["Redo","Leap"],"picked":"Darkness","floor":4},{"not_picked":["Coolheaded","Meteor Strike"],"picked":"Undo","floor":6},{"not_picked":["Auto Shields","Amplify"],"picked":"Skim","floor":10}],"player_experience":308249,"relics_obtained":[{"floor":6,"key":"Thread and Needle"},{"floor":10,"key":"Prayer Wheel"}],"event_choices":[{"damage_healed":0,"gold_gain":0,"player_choice":"Ignored","damage_taken":0,"max_hp_gain":0,"max_hp_loss":0,"event_name":"Liars Game","floor":5,"gold_loss":0}],"is_beta":false,"boss_relics":[],"items_purged_floors":[],"is_endless":false,"potions_floor_spawned":[4],"killed_by":"Gremlin Gang","ascension_level":4}