{"path_per_floor":["M","M","M","?","M","R","E","M","T","R","E","?","M","M","R","B",null,"M","M","$","?","?","E","M","R","T","T","M","R","?","M","R"],"character_chosen":"THE_SILENT","items_purchased":["Cloak And Dagger","Blade Dance","Secret Technique","Choke"],"gold_per_floor":[110,123,139,139,153,153,183,198,221,221,246,246,256,271,271,367,367,377,394,28,28,28,54,69,69,141,141,152,152,152,170,170,170],"floor_reached":33,"campfire_rested":5,"playtime":1908,"current_hp_per_floor":[69,67,67,67,63,63,43,38,38,59,43,43,43,40,61,56,70,58,49,49,49,49,28,11,32,32,32,8,29,36,11,34,0],"items_purged":[],"gold":170,"score":358,"play_id":"d595337d-5ef2-4cd8-8d80-6a36b5968524","local_time":"20180326202231","is_prod":false,"is_daily":false,"is_ascension_mode":true,"campfire_upgraded":1,"timestamp":1522110151,"path_taken":["M","M","M","?","M","R","E","M","T","R","E","?","M","M","R","BOSS","M","M","$","?","?","E","M","R","T","?","M","R","?","?","R","BOSS"],"build_version":"2018-03-22v2","purchased_purges":0,"victory":false,"master_deck":["Survivor","Neutralize","Bane+1","Sucker Punch","Deadly Poison","Die Die Die","Regret","Cloak And Dagger","Dagger Throw","Poisoned Stab","Injury","Wraith Form","Night Terror","Deflect","Deadly Poison","Burst","Sucker Punch","Backflip","Blade Dance","Backflip","Underhanded Strike","Cloak And Dagger","Outmaneuver","Quick Slash","Poisoned Stab","Outmaneuver","Accuracy","Cloak And Dagger","Blade Dance","Secret Technique","Choke","Terror+1","Cloak And Dagger+1","Regret","Decay","Cloak And Dagger+1","Backstab"],"max_hp_per_floor":[70,70,70,70,70,70,70,70,70,70,70,70,70,70,70,70,70,70,70,70,70,70,70,70,70,70,70,70,70,77,77,77,77],"relics":["Cursed Key","Dead Branch","Art of War","Torii","Pandora\u0027s Box","Toxic Egg 2","Matryoshka","Smiling Mask","Tingsha","Strawberry"],"card_choices":[{"not_picked":["Predator","PiercingWail"],"picked":"Bane","floor":1},{"not_picked":["Distraction","Prepared"],"picked":"Sucker Punch","floor":2},{"not_picked":["Quick Slash","Sucker Punch"],"picked":"Deadly Poison","floor":3},{"not_picked":["Grand Finale","Sucker Punch"],"picked":"Cloak And Dagger","floor":5},{"not_picked":["Deflect","Underhanded Strike"],"picked":"Dagger Throw","floor":7},{"not_picked":["Footwork","Setup"],"picked":"Poisoned Stab","floor":8},{"not_picked":["Outmaneuver","Acrobatics"],"picked":"Wraith Form","floor":11},{"not_picked":["Outmaneuver","Slice"],"picked":"Deflect","floor":13},{"not_picked":["Masterful Stab","Dash"],"picked":"Deadly Poison","floor":14},{"not_picked":["Venomology","Adrenaline"],"picked":"Burst","floor":16},{"not_picked":["Bane","Underhanded Strike"],"picked":"Outmaneuver","floor":18},{"not_picked":["Prepared","All Out Attack"],"picked":"Accuracy","floor":19},{"not_picked":["Acrobatics","Unload"],"picked":"Terror","floor":23},{"not_picked":["Deflect","Accuracy"],"picked":"Cloak And Dagger","floor":24},{"not_picked":["Acrobatics","Dagger Spray"],"picked":"Cloak And Dagger","floor":28},{"not_picked":["All Out Attack","Deadly Poison"],"picked":"Backstab","floor":31}],"player_experience":96809,"potions_floor_usage":[7,16,18,19,23,33,33],"damage_taken":[{"damage":1,"enemies":"2 Louse","floor":1,"turns":3},{"damage":2,"enemies":"Cultist","floor":2,"turns":4},{"damage":0,"enemies":"Jaw Worm","floor":3,"turns":4},{"damage":4,"enemies":"Blue Slaver","floor":5,"turns":3},{"damage":20,"enemies":"Gremlin Nob","floor":7,"turns":5},{"damage":5,"enemies":"Gremlin Gang","floor":8,"turns":3},{"damage":16,"enemies":"3 Sentries","floor":11,"turns":5},{"damage":0,"enemies":"2 Fungi Beasts","floor":13,"turns":3},{"damage":3,"enemies":"3 Louse","floor":14,"turns":2},{"damage":5,"enemies":"Hexaghost","floor":16,"turns":9},{"damage":12,"enemies":"Chosen","floor":18,"turns":4},{"damage":9,"enemies":"Spheric Guardian","floor":19,"turns":4},{"damage":36,"enemies":"Gremlin Leader","floor":23,"turns":6},{"damage":17,"enemies":"Snecko","floor":24,"turns":5},{"damage":24,"enemies":"Sentry and Sphere","floor":28,"turns":6},{"damage":25,"enemies":"Snake Plant","floor":31,"turns":5},{"damage":46,"enemies":"Collector","floor":33,"turns":5}],"event_choices":[{"event_name":"Match and Keep!","player_choice":"2 cards matched","floor":4,"damage_taken":0},{"event_name":"Transmorgrifier","player_choice":"Transform","floor":12,"damage_taken":0},{"event_name":"Beggar","player_choice":"Ignored","floor":21,"damage_taken":0},{"event_name":"Addict","player_choice":"Ignored","floor":22,"damage_taken":0},{"event_name":"The Mausoleum","player_choice":"Yes","floor":30,"damage_taken":0}],"boss_relics":[{"not_picked":["Sozu","Ectoplasm"],"picked":"Pandora\u0027s Box"}],"potions_floor_spawned":[1,11,13,14,18,19,28],"seed_played":"9200293966369157643","killed_by":"Collector","ascension_level":2,"is_trial":false}