{"gold_per_floor":[109,124,138,152,169,169,169,203,228,228,259,105,121,152,152,227,227,242,142,152,152,152],"floor_reached":22,"playtime":1270,"items_purged":["Strike_G","Strike_G"],"score":391,"play_id":"5d83c4e8-4613-4c2a-89a7-2ae11b08c931","local_time":"20181228215954","is_ascension_mode":true,"campfire_choices":[{"data":"Glass Knife","floor":6,"key":"SMITH"},{"floor":10,"key":"REST"},{"data":"Footwork","floor":15,"key":"SMITH"}],"neow_cost":"NONE","seed_source_timestamp":678629839637776,"circlet_count":0,"master_deck":["AscendersBane","Defend_G","Defend_G+1","Defend_G","Defend_G+1","Defend_G","Strike_G","Strike_G","Strike_G","Survivor","Neutralize","Quick Slash","Dagger Spray","Cloak And Dagger","Glass Knife+1","Dash","Footwork+1","Caltrops+1","Blur","Corpse Explosion","PiercingWail","Deflect","Cloak And Dagger","Skewer","Acrobatics"],"relics":["Ring of the Snake","GremlinMask","War Paint","Strawberry","Dream Catcher","Oddly Smooth Stone","Orrery"],"potions_floor_usage":[5,11,14,16,22],"damage_taken":[{"damage":3,"enemies":"2 Louse","floor":1,"turns":3},{"damage":3,"enemies":"Cultist","floor":2,"turns":4},{"damage":0,"enemies":"Small Slimes","floor":3,"turns":2},{"damage":10,"enemies":"Exordium Wildlife","floor":4,"turns":6},{"damage":0,"enemies":"Looter","floor":5,"turns":4},{"damage":32,"enemies":"Lagavulin","floor":8,"turns":9},{"damage":2,"enemies":"3 Sentries","floor":11,"turns":5},{"damage":0,"enemies":"Red Slaver","floor":13,"turns":3},{"damage":12,"enemies":"Lagavulin","floor":14,"turns":9},{"damage":8,"enemies":"Hexaghost","floor":16,"turns":15},{"damage":22,"enemies":"Chosen","floor":18,"turns":7},{"damage":19,"enemies":"Spheric Guardian","floor":20,"turns":6},{"damage":20,"enemies":"Snake Plant","floor":22,"turns":4}],"seed_played":"2323030871997404358","potions_obtained":[{"floor":2,"key":"Energy Potion"},{"floor":4,"key":"Explosive Potion"},{"floor":8,"key":"Ancient Potion"},{"floor":14,"key":"Dexterity Potion"},{"floor":16,"key":"SpeedPotion"}],"is_trial":false,"path_per_floor":["M","M","M","M","M","R","?","E","T","R","E","$","M","E","R","B",null,"M","$","M","?","M"],"character_chosen":"THE_SILENT","items_purchased":["Footwork"],"campfire_rested":1,"item_purchase_floors":[12],"current_hp_per_floor":[56,53,53,43,43,43,43,11,18,39,37,37,37,25,25,17,59,37,37,18,18,0],"gold":152,"neow_bonus":"THREE_CARDS","is_prod":false,"is_daily":false,"chose_seed":false,"campfire_upgraded":2,"win_rate":0,"timestamp":1546052394,"path_taken":["M","M","M","M","M","R","?","E","T","R","E","?","M","E","R","BOSS","M","$","M","?","M"],"build_version":"2018-12-20","purchased_purges":2,"victory":false,"max_hp_per_floor":[66,66,66,66,66,66,66,66,73,73,73,73,73,73,73,73,73,73,73,73,73,73],"card_choices":[{"not_picked":["Blade Dance","Deflect"],"picked":"Quick Slash","floor":0},{"not_picked":["Outmaneuver","Expertise","Reflex"],"picked":"SKIP","floor":1},{"not_picked":["Deflect","Poisoned Stab"],"picked":"Dagger Spray","floor":2},{"not_picked":["Escape Plan","Eviscerate","Quick Slash"],"picked":"SKIP","floor":3},{"not_picked":["Underhanded Strike","Infinite Blades"],"picked":"Cloak And Dagger","floor":4},{"not_picked":["Backflip","Cloak And Dagger"],"picked":"Glass Knife","floor":5},{"not_picked":["Flechettes","Skewer","Night Terror"],"picked":"SKIP","floor":8},{"not_picked":["Cloak And Dagger","Deadly Poison"],"picked":"Dash","floor":11},{"not_picked":["Prepared","Underhanded Strike"],"picked":"Caltrops","floor":13},{"not_picked":["Calculated Gamble","Flechettes"],"picked":"Blur","floor":14},{"not_picked":["Adrenaline","Doppelganger"],"picked":"Corpse Explosion","floor":16},{"not_picked":["Eviscerate","Concentrate"],"picked":"PiercingWail","floor":17},{"not_picked":["Prepared","Blade Dance"],"picked":"Deflect","floor":17},{"not_picked":["Sucker Punch","Bane"],"picked":"Cloak And Dagger","floor":17},{"not_picked":["Underhanded Strike","Quick Slash"],"picked":"Skewer","floor":17},{"not_picked":["Choke","Heel Hook"],"picked":"Acrobatics","floor":18},{"not_picked":["Expertise","Catalyst","Noxious Fumes"],"picked":"SKIP","floor":20}],"player_experience":1074322,"relics_obtained":[{"floor":8,"key":"War Paint"},{"floor":9,"key":"Strawberry"},{"floor":11,"key":"Dream Catcher"},{"floor":14,"key":"Oddly Smooth Stone"}],"event_choices":[{"damage_healed":0,"gold_gain":0,"player_choice":"Trade","damage_taken":0,"relics_obtained":["GremlinMask"],"max_hp_gain":0,"max_hp_loss":0,"event_name":"FaceTrader","floor":7,"gold_loss":0},{"damage_healed":0,"gold_gain":0,"player_choice":"Forge","damage_taken":0,"max_hp_gain":0,"max_hp_loss":0,"event_name":"Accursed Blacksmith","floor":21,"gold_loss":0,"cards_upgraded":["Caltrops"]}],"is_beta":false,"boss_relics":[{"not_picked":["Busted Crown","Coffee Dripper"],"picked":"Orrery"}],"items_purged_floors":[12,19],"is_endless":false,"potions_floor_spawned":[2,4,8,14,16],"killed_by":"Snake Plant","ascension_level":18}