{"gold_per_floor":[113,129,146,7,7,7,23,23,23,52,64,64,64,84,84,84],"floor_reached":16,"playtime":1850,"items_purged":[],"score":194,"play_id":"272a6280-aafc-46fb-bd42-7766d2d5339f","local_time":"20190717124917","is_ascension_mode":true,"campfire_choices":[{"data":"Cleave","floor":6.0,"key":"SMITH"},{"data":"Uppercut","floor":8.0,"key":"SMITH"},{"floor":13.0,"key":"REST"},{"floor":15.0,"key":"REST"}],"neow_cost":"NONE","seed_source_timestamp":0,"circlet_count":0,"master_deck":["AscendersBane","Strike_R","Strike_R","Strike_R","Strike_R","Defend_R","Defend_R","Defend_R","Defend_R","Bash","Corruption","Flex","Body Slam","Sentinel","Cleave+1","Uppercut+1","Armaments","Iron Wave","Rampage"],"special_seed":0,"relics":["Burning Blood","Mummified Hand","Pear"],"potions_floor_usage":[16],"damage_taken":[{"damage":16.0,"enemies":"Jaw Worm","floor":1.0,"turns":6.0},{"damage":2.0,"enemies":"Cultist","floor":2.0,"turns":4.0},{"damage":11.0,"enemies":"2 Louse","floor":3.0,"turns":3.0},{"damage":26.0,"enemies":"Exordium Wildlife","floor":7.0,"turns":6.0},{"damage":40.0,"enemies":"3 Sentries","floor":10.0,"turns":8.0},{"damage":19.0,"enemies":"3 Louse","floor":11.0,"turns":4.0},{"damage":20.0,"enemies":"Red Slaver","floor":14.0,"turns":6.0},{"damage":51,"enemies":"The Guardian","floor":16,"turns":9}],"seed_played":"-7682684869052537641","potions_obtained":[{"floor":3.0,"key":"SpeedPotion"},{"floor":14.0,"key":"PowerPotion"}],"is_trial":false,"path_per_floor":["M","M","M","$","?","R","M","R","T","E","M","?","R","M","R","B"],"character_chosen":"IRONCLAD","items_purchased":["Sentinel","Cleave"],"campfire_rested":2,"item_purchase_floors":[4,4],"current_hp_per_floor":[65,69,64,64,64,64,44,44,44,20,7,7,34,20,47,0],"gold":84,"neow_bonus":"TEN_PERCENT_HP_BONUS","is_prod":false,"is_daily":false,"chose_seed":false,"campfire_upgraded":2,"win_rate":0,"timestamp":1563382157,"path_taken":["M","M","M","$","?","R","?","R","T","E","M","?","R","M","R","BOSS"],"build_version":"2019-07-05","purchased_purges":0,"victory":false,"max_hp_per_floor":[82,82,82,82,82,82,82,82,82,92,92,92,92,92,92,92],"card_choices":[{"not_picked":["Flex","Sword Boomerang"],"picked":"Corruption","floor":1.0},{"not_picked":["Blood for Blood","Wild Strike"],"picked":"Flex","floor":2.0},{"not_picked":["Inflame","Wild Strike"],"picked":"Body Slam","floor":3.0},{"not_picked":["Warcry","Inflame"],"picked":"Uppercut","floor":7.0},{"not_picked":["Seeing Red","Pommel Strike"],"picked":"Armaments","floor":10.0},{"not_picked":["Pommel Strike","Dual Wield"],"picked":"Iron Wave","floor":11.0},{"not_picked":["Infernal Blade","Bloodletting"],"picked":"Rampage","floor":14.0}],"player_experience":1605279,"relics_obtained":[{"floor":9.0,"key":"Mummified Hand"},{"floor":10.0,"key":"Pear"}],"event_choices":[{"cards_removed":["Strike_R"],"damage_healed":0.0,"max_hp_gain":0.0,"max_hp_loss":0.0,"gold_gain":0.0,"event_name":"Bonfire Elementals","player_choice":"Offered Basic","floor":5.0,"gold_loss":0.0,"damage_taken":0.0},{"damage_healed":0.0,"max_hp_gain":0.0,"max_hp_loss":0.0,"gold_gain":0.0,"event_name":"Liars Game","player_choice":"Ignored","floor":12.0,"gold_loss":0.0,"damage_taken":0.0}],"is_beta":false,"boss_relics":[],"items_purged_floors":[],"is_endless":false,"potions_floor_spawned":[3,14],"killed_by":"The Guardian","ascension_level":18}