{"gold_per_floor":[210,225,225,1,12,44,56,75,75,87,87,121,121,147,147,147],"floor_reached":16,"playtime":1163,"items_purged":[],"score":244,"play_id":"2a1ddf26-caab-44aa-b8cb-675a0b218a53","local_time":"20190504034418","is_ascension_mode":true,"campfire_choices":[{"floor":11,"key":"REST"},{"floor":13,"key":"REST"},{"floor":15,"key":"REST"}],"neow_cost":"NONE","seed_source_timestamp":839779950684758,"circlet_count":0,"master_deck":["AscendersBane","Defend_G","Defend_G","Defend_G","Defend_G","Defend_G","Strike_G","Strike_G","Strike_G","Strike_G","Survivor","Neutralize","Noxious Fumes","Dagger Spray","Bane","All Out Attack","Dagger Throw","Dodge and Roll","Wraith Form v2","Skewer","Unload"],"relics":["Ring of the Snake","Lee\u0027s Waffle","Blue Candle","Question Card","Strawberry","Ninja Scroll"],"potions_floor_usage":[6,6,12,16,16],"damage_taken":[{"damage":29,"enemies":"Jaw Worm","floor":1,"turns":10},{"damage":2,"enemies":"Cultist","floor":2,"turns":5},{"damage":7,"enemies":"Small Slimes","floor":5,"turns":5},{"damage":45,"enemies":"Gremlin Nob","floor":6,"turns":4},{"damage":7,"enemies":"3 Louse","floor":7,"turns":3},{"damage":0,"enemies":"Large Slime","floor":8,"turns":5},{"damage":8,"enemies":"Exordium Thugs","floor":10,"turns":4},{"damage":23,"enemies":"3 Sentries","floor":12,"turns":7},{"damage":26,"enemies":"Lagavulin","floor":14,"turns":9},{"damage":48,"enemies":"Slime Boss","floor":16,"turns":9}],"seed_played":"3096813131313528516","potions_obtained":[{"floor":1,"key":"FearPotion"},{"floor":5,"key":"LiquidBronze"},{"floor":7,"key":"Ancient Potion"},{"floor":8,"key":"GhostInAJar"},{"floor":14,"key":"Regen Potion"}],"is_trial":false,"path_per_floor":["M","M","?","$","M","E","M","M","T","M","R","E","R","E","R","B"],"character_chosen":"THE_SILENT","items_purchased":["Lee\u0027s Waffle"],"campfire_rested":3,"item_purchase_floors":[4],"current_hp_per_floor":[30,28,28,73,66,21,14,14,14,6,27,11,35,9,33,0],"gold":147,"neow_bonus":"HUNDRED_GOLD","is_prod":false,"is_daily":false,"chose_seed":false,"campfire_upgraded":0,"win_rate":0,"timestamp":1556955858,"path_taken":["M","M","?","$","M","E","M","M","T","M","R","E","R","E","R","BOSS"],"build_version":"2019-01-23","purchased_purges":0,"victory":false,"max_hp_per_floor":[66,66,66,73,73,73,73,73,73,73,73,80,80,80,80,80],"card_choices":[{"not_picked":["Terror","Endless Agony"],"picked":"Noxious Fumes","floor":1},{"not_picked":["Outmaneuver","Deflect"],"picked":"Dagger Spray","floor":2},{"not_picked":["Deadly Poison","Cloak And Dagger"],"picked":"Bane","floor":5},{"not_picked":["Riddle With Holes","Dodge and Roll"],"picked":"All Out Attack","floor":6},{"not_picked":["Prepared","Heel Hook"],"picked":"Dagger Throw","floor":7},{"not_picked":["Deadly Poison","Acrobatics"],"picked":"Dodge and Roll","floor":8},{"not_picked":["PiercingWail","Concentrate","Reflex"],"picked":"Wraith Form v2","floor":10},{"not_picked":["Choke","Poisoned Stab","Cloak And Dagger"],"picked":"Skewer","floor":12},{"not_picked":["Endless Agony","Caltrops","Well Laid Plans"],"picked":"Unload","floor":14}],"player_experience":1389027,"relics_obtained":[{"floor":6,"key":"Blue Candle"},{"floor":9,"key":"Question Card"},{"floor":12,"key":"Strawberry"},{"floor":14,"key":"Ninja Scroll"}],"event_choices":[{"cards_removed":["Strike_G"],"damage_healed":0,"gold_gain":0,"player_choice":"Purged","damage_taken":0,"max_hp_gain":0,"max_hp_loss":0,"event_name":"Purifier","floor":3,"gold_loss":0}],"is_beta":false,"boss_relics":[],"items_purged_floors":[],"is_endless":false,"potions_floor_spawned":[1,5,7,8,14],"killed_by":"Slime Boss","ascension_level":20}