{"gold_per_floor":[209,284,9,22,22,22,40,40,40,40,51,51,69,98,98,98],"floor_reached":16,"playtime":492,"items_purged":["Strike_R"],"score":160,"play_id":"ff704ae7-45eb-4a84-a4f7-15ac089855f0","local_time":"20181202202726","is_ascension_mode":true,"campfire_choices":[{"data":"Bash","floor":6,"key":"SMITH"},{"data":"Headbutt","floor":10,"key":"SMITH"},{"data":"Clothesline","floor":12,"key":"SMITH"},{"floor":15,"key":"REST"}],"neow_cost":"NONE","seed_source_timestamp":5579217059739,"circlet_count":0,"master_deck":["AscendersBane","Strike_R","Strike_R","Strike_R","Strike_R","Defend_R","Defend_R","Defend_R","Defend_R","Bash+1","Clothesline+1","Headbutt+1","Warcry","Inflame"],"relics":["Burning Blood","Chemical X","Oddly Smooth Stone","Mummified Hand","PreservedInsect"],"potions_floor_usage":[14,14],"damage_taken":[{"damage":4,"enemies":"Small Slimes","floor":1,"turns":5},{"damage":8,"enemies":"2 Louse","floor":4,"turns":3},{"damage":12,"enemies":"Jaw Worm","floor":7,"turns":3},{"damage":37,"enemies":"Exordium Thugs","floor":11,"turns":7},{"damage":6,"enemies":"Blue Slaver","floor":13,"turns":4},{"damage":19,"enemies":"3 Sentries","floor":14,"turns":11},{"damage":54,"enemies":"Hexaghost","floor":16,"turns":9}],"seed_played":"-3652501784048072224","potions_obtained":[{"floor":7,"key":"Weak Potion"},{"floor":11,"key":"Dexterity Potion"},{"floor":13,"key":"Poison Potion"}],"is_trial":false,"path_per_floor":["M","?","$","M","?","R","M","?","T","R","M","R","M","E","R","B"],"character_chosen":"IRONCLAD","items_purchased":["Chemical X"],"campfire_rested":1,"item_purchase_floors":[3],"current_hp_per_floor":[74,63,63,61,54,54,48,74,74,74,43,43,43,30,54,0],"gold":98,"neow_bonus":"HUNDRED_GOLD","is_prod":false,"is_daily":false,"chose_seed":false,"campfire_upgraded":3,"win_rate":0,"timestamp":1543800446,"path_taken":["M","?","$","M","?","R","M","?","T","R","M","R","?","E","R","BOSS"],"build_version":"2018-11-15","purchased_purges":1,"victory":false,"max_hp_per_floor":[80,80,80,80,80,80,80,80,80,80,80,80,80,80,80,80],"card_choices":[{"not_picked":["Iron Wave","Warcry"],"picked":"Clothesline","floor":1},{"not_picked":["Cleave","Exhume"],"picked":"Headbutt","floor":4},{"not_picked":["Havoc","Sentinel"],"picked":"Warcry","floor":7},{"not_picked":["Clash","Body Slam","Armaments"],"picked":"SKIP","floor":11},{"not_picked":["Sword Boomerang","Metallicize","Twin Strike"],"picked":"SKIP","floor":13},{"not_picked":["Searing Blow","Carnage"],"picked":"Inflame","floor":14}],"player_experience":770733,"relics_obtained":[{"floor":9,"key":"Mummified Hand"},{"floor":14,"key":"PreservedInsect"}],"event_choices":[{"damage_healed":0,"gold_gain":75,"player_choice":"Gather Gold","damage_taken":11,"max_hp_gain":0,"max_hp_loss":0,"event_name":"World of Goop","floor":2,"gold_loss":0},{"damage_healed":0,"gold_gain":0,"player_choice":"Success","damage_taken":7,"relics_obtained":["Oddly Smooth Stone"],"max_hp_gain":0,"max_hp_loss":0,"event_name":"Scrap Ooze","floor":5,"gold_loss":0},{"damage_healed":26,"gold_gain":0,"player_choice":"Banana","damage_taken":0,"max_hp_gain":0,"max_hp_loss":0,"event_name":"Big Fish","floor":8,"gold_loss":0}],"is_beta":false,"boss_relics":[],"items_purged_floors":[3],"is_endless":false,"potions_floor_spawned":[7,11,13],"killed_by":"Hexaghost","ascension_level":12}