{"path_per_floor":["M","M","?","?","M","E","?","R","T","E","R","E","?","M","R","B",null,"M","?","?","M","M","R","$","R","T","?","M","M","M","?","R","B",null,"M","?","$","M","?","R","$","?","T"],"character_chosen":"IRONCLAD","items_purchased":["Paper Frog","Iron Wave","Tiny Chest","Headbutt"],"gold_per_floor":[118,135,135,135,148,178,178,178,178,205,205,236,236,248,248,345,345,335,335,335,354,368,368,59,59,59,59,72,89,109,89,89,188,188,202,202,60,78,78,78,3,3,3,3],"floor_reached":44,"campfire_rested":5,"playtime":1972,"current_hp_per_floor":[76,74,79,79,79,46,67,67,67,45,70,46,46,37,62,49,85,74,74,74,60,47,72,72,72,72,72,65,45,45,45,70,27,85,41,41,41,48,48,73,73,63,63,0],"items_purged":["Parasite"],"gold":3,"score":491,"play_id":"023961ce-238f-4abc-a56a-4a707dcc29d9","local_time":"20180329023506","is_prod":false,"is_daily":false,"is_ascension_mode":true,"campfire_upgraded":2,"timestamp":1522305306,"path_taken":["M","M","?","?","?","E","?","R","T","E","R","E","?","M","R","BOSS","M","?","?","M","M","R","$","R","T","?","M","M","M","?","R","BOSS","M","?","$","?","?","R","?","?","T","E"],"build_version":"2018-03-22v2","purchased_purges":1,"victory":false,"master_deck":["Strike_R+1","Strike_R+1","Strike_R+1","Strike_R+1","Strike_R+1","Defend_R+1","Defend_R+1","Defend_R+1","Defend_R+1","Bash+1","Rampage+1","Whirlwind+1","Flex+1","Second Wind","Rampage","Battle Trance","Shockwave","Impervious","Clumsy","Parasite","Parasite","Sever Soul","Clothesline+1","Perfected Strike+1","Iron Wave","Body Slam","Flex+1","Heavy Blade","Berserk","Shrug It Off+1","Headbutt","Bash","Carnage","Berserk","Madness","Madness"],"max_hp_per_floor":[80,80,85,85,85,85,85,85,85,85,85,85,85,85,85,85,85,85,85,85,85,85,85,85,85,85,85,85,85,85,85,85,85,85,85,85,85,85,85,85,82,82,82,82],"relics":["Runic Pyramid","Ice Cream","Whetstone","War Paint","Dodecahedron","Calling Bell","Orichalcum","Meat on the Bone","Nloth\u0027s Gift","Paper Frog","Ancient Tea Set","White Beast Statue","Tiny Chest","Ginger"],"card_choices":[{"not_picked":["Power Through","Seeing Red"],"picked":"Rampage","floor":1},{"not_picked":["Headbutt","Dual Wield"],"picked":"Whirlwind","floor":2},{"not_picked":["Clash","Havoc"],"picked":"Flex","floor":5},{"not_picked":["Twin Strike","Barricade"],"picked":"Second Wind","floor":6},{"not_picked":["Dual Wield","Havoc"],"picked":"Rampage","floor":10},{"not_picked":["Body Slam","Clash"],"picked":"Battle Trance","floor":12},{"not_picked":["Headbutt","Whirlwind"],"picked":"Shockwave","floor":14},{"not_picked":["Bludgeon","Dark Embrace"],"picked":"Impervious","floor":16},{"not_picked":["Second Wind","Intimidate"],"picked":"Sever Soul","floor":18},{"not_picked":["Twin Strike","Shrug It Off"],"picked":"Clothesline","floor":21},{"not_picked":["Carnage","Intimidate"],"picked":"Perfected Strike","floor":22},{"not_picked":["True Grit","Wild Strike"],"picked":"Body Slam","floor":28},{"not_picked":["Thunderclap","Brutality"],"picked":"Flex","floor":29},{"not_picked":["Ghostly Armor","Flex"],"picked":"Heavy Blade","floor":30},{"not_picked":["Reaper","Limit Break"],"picked":"Berserk","floor":33},{"not_picked":["True Grit","Clothesline"],"picked":"Shrug It Off","floor":35}],"player_experience":153323,"potions_floor_usage":[10,16,30,30,33,33,38,44],"damage_taken":[{"damage":4,"enemies":"2 Louse","floor":1,"turns":4},{"damage":2,"enemies":"Jaw Worm","floor":2,"turns":3},{"damage":0,"enemies":"Small Slimes","floor":5,"turns":3},{"damage":33,"enemies":"3 Sentries","floor":6,"turns":6},{"damage":22,"enemies":"Gremlin Nob","floor":10,"turns":5},{"damage":24,"enemies":"Lagavulin","floor":12,"turns":6},{"damage":9,"enemies":"3 Louse","floor":14,"turns":2},{"damage":28,"enemies":"Slime Boss","floor":16,"turns":8},{"damage":11,"enemies":"2 Thieves","floor":18,"turns":4},{"damage":14,"enemies":"Shell Parasite","floor":21,"turns":6},{"damage":13,"enemies":"Snecko","floor":22,"turns":5},{"damage":7,"enemies":"3 Cultists","floor":28,"turns":4},{"damage":20,"enemies":"Snake Plant","floor":29,"turns":5},{"damage":0,"enemies":"Cultist and Chosen","floor":30,"turns":6},{"damage":55,"enemies":"Collector","floor":33,"turns":9},{"damage":56,"enemies":"3 Darklings","floor":35,"turns":7},{"damage":5,"enemies":"3 Shapes","floor":38,"turns":5},{"damage":89,"enemies":"Giant Head","floor":44,"turns":10}],"event_choices":[{"event_name":"Big Fish","player_choice":"Donut","floor":3,"damage_taken":0},{"event_name":"Liars Game","player_choice":"disagreed","floor":4,"damage_taken":0},{"event_name":"Mushrooms","player_choice":"Healed and dodged fight","floor":7,"damage_taken":0},{"event_name":"Purifier","player_choice":"Skipped","floor":13,"damage_taken":0},{"event_name":"Back to Basics","player_choice":"Simplicity","floor":19,"damage_taken":0},{"event_name":"N\u0027loth","player_choice":"Traded a Magic Flower","floor":20,"damage_taken":0},{"event_name":"Addict","player_choice":"Ignored","floor":27,"damage_taken":0},{"event_name":"The Woman in Blue","player_choice":"Bought 1 Potion","floor":31,"damage_taken":0},{"event_name":"Tomb of Lord Red Mask","player_choice":"Ignored","floor":36,"damage_taken":0},{"event_name":"Match and Keep!","player_choice":"3 cards matched","floor":39,"damage_taken":0},{"event_name":"Winding Halls","player_choice":"Embrace Madness","floor":42,"damage_taken":0}],"boss_relics":[{"not_picked":["Cursed Key","Question Card"],"picked":"Calling Bell"},{"not_picked":["Snecko Eye","Pandora\u0027s Box"],"picked":"White Beast Statue"}],"potions_floor_spawned":[1,2,10,14,18,22,30,35,38],"seed_played":"-1714310606042569028","killed_by":"Giant Head","ascension_level":2,"is_trial":false}