{"gold_per_floor":[119,119,119,44,63,92,92,104,153,169,187,187,202,216,216,291,291,311,311,323,323,343,343,343],"floor_reached":24,"playtime":1206,"items_purged":["Decay"],"score":340,"play_id":"0d9eb27a-2413-4299-9db6-3fea2740ba91","local_time":"20181219121113","is_ascension_mode":true,"campfire_choices":[{"floor":7,"key":"RECALL"},{"data":"Burst","floor":15,"key":"SMITH"},{"floor":23,"key":"REST"}],"neow_cost":"CURSE","seed_source_timestamp":491566682639735,"circlet_count":0,"master_deck":["AscendersBane","Defend_G+1","Defend_G+1","Defend_G+1","Defend_G+1","Defend_G+1","Strike_G+1","Strike_G+1","Strike_G+1","Survivor","Neutralize","Backstab","Flying Knee","Deadly Poison+1","Underhanded Strike","Tools of the Trade","PiercingWail","Terror","Burst+1","Venomology","Dagger Spray","Escape Plan","Footwork"],"relics":["Ring of the Snake","Thread and Needle","Strawberry","Blood Vial","Empty Cage"],"potions_floor_usage":[6,16,16,18,20,22,24,24],"damage_taken":[{"damage":2,"enemies":"2 Louse","floor":1,"turns":4},{"damage":0,"enemies":"Small Slimes","floor":5,"turns":3},{"damage":35,"enemies":"Lagavulin","floor":6,"turns":7},{"damage":0,"enemies":"Cultist","floor":8,"turns":3},{"damage":0,"enemies":"Exordium Wildlife","floor":10,"turns":6},{"damage":2,"enemies":"Looter","floor":11,"turns":3},{"damage":0,"enemies":"Exordium Thugs","floor":13,"turns":5},{"damage":0,"enemies":"Blue Slaver","floor":14,"turns":3},{"damage":35,"enemies":"The Guardian","floor":16,"turns":12},{"damage":37,"enemies":"Chosen","floor":18,"turns":7},{"damage":1,"enemies":"Shell Parasite","floor":20,"turns":5},{"damage":6,"enemies":"Shelled Parasite and Fungi","floor":22,"turns":7},{"damage":49,"enemies":"Book of Stabbing","floor":24,"turns":5}],"seed_played":"-5716321020424645217","potions_obtained":[{"floor":5,"key":"GamblersBrew"},{"floor":8,"key":"SpeedPotion"},{"floor":10,"key":"PowerPotion"},{"floor":22,"key":"SteroidPotion"}],"is_trial":false,"path_per_floor":["M","?","?","$","M","E","R","M","T","M","M","?","M","M","R","B",null,"M","?","M","?","M","R","E"],"character_chosen":"THE_SILENT","items_purchased":[],"campfire_rested":1,"item_purchase_floors":[],"current_hp_per_floor":[57,62,62,62,62,34,34,34,34,36,36,36,38,40,40,7,60,25,25,26,26,22,45,0],"gold":343,"neow_bonus":"ONE_RARE_RELIC","is_prod":false,"is_daily":false,"chose_seed":false,"campfire_upgraded":1,"win_rate":0,"timestamp":1545239473,"path_taken":["M","?","?","$","M","E","R","M","T","M","?","?","M","M","R","BOSS","M","?","?","?","M","R","E"],"build_version":"2018-12-13","purchased_purges":1,"victory":false,"max_hp_per_floor":[66,71,71,71,71,78,78,78,78,78,78,78,78,78,78,78,78,78,78,78,78,78,78,78],"card_choices":[{"not_picked":["Well Laid Plans","Predator"],"picked":"Backstab","floor":1},{"not_picked":["Bane","Tactician"],"picked":"Deadly Poison","floor":5},{"not_picked":["Dodge and Roll","Masterful Stab"],"picked":"Underhanded Strike","floor":6},{"not_picked":["Cloak And Dagger","Underhanded Strike"],"picked":"Tools of the Trade","floor":8},{"not_picked":["Blade Dance","Flying Knee"],"picked":"PiercingWail","floor":10},{"not_picked":["Choke","Poisoned Stab"],"picked":"Terror","floor":11},{"not_picked":["Accuracy","Quick Slash"],"picked":"Burst","floor":13},{"not_picked":["Deadly Poison","Deflect","Flying Knee"],"picked":"SKIP","floor":14},{"not_picked":["After Image","Bullet Time"],"picked":"Venomology","floor":16},{"not_picked":["Flying Knee","PiercingWail"],"picked":"Dagger Spray","floor":18},{"not_picked":["Calculated Gamble+1","Deflect"],"picked":"Escape Plan","floor":20},{"not_picked":["Outmaneuver","Dagger Spray"],"picked":"Footwork","floor":22}],"player_experience":904062,"relics_obtained":[{"floor":6,"key":"Strawberry"},{"floor":9,"key":"Blood Vial"}],"event_choices":[{"damage_healed":0,"gold_gain":0,"player_choice":"Donut","damage_taken":0,"max_hp_gain":5,"max_hp_loss":0,"event_name":"Big Fish","floor":2,"gold_loss":0},{"damage_healed":0,"gold_gain":0,"player_choice":"1 cards matched","damage_taken":0,"max_hp_gain":0,"max_hp_loss":0,"event_name":"Match and Keep!","floor":3,"gold_loss":0,"cards_obtained":["Flying Knee"]},{"damage_healed":0,"gold_gain":0,"player_choice":"Ignored","damage_taken":0,"max_hp_gain":0,"max_hp_loss":0,"event_name":"Liars Game","floor":12,"gold_loss":0},{"damage_healed":0,"gold_gain":0,"player_choice":"Upgraded","damage_taken":0,"max_hp_gain":0,"max_hp_loss":0,"event_name":"Upgrade Shrine","floor":19,"gold_loss":0,"cards_upgraded":["Deadly Poison"]},{"damage_healed":0,"gold_gain":0,"player_choice":"Simplicity","damage_taken":0,"max_hp_gain":0,"max_hp_loss":0,"event_name":"Back to Basics","floor":21,"gold_loss":0,"cards_upgraded":["Defend_G","Defend_G","Defend_G","Defend_G","Defend_G","Strike_G","Strike_G","Strike_G"]}],"is_beta":false,"boss_relics":[{"not_picked":["Fusion Hammer","HoveringKite"],"picked":"Empty Cage"}],"items_purged_floors":[4],"is_endless":false,"potions_floor_spawned":[5,8,10,11,14,22],"killed_by":"Book of Stabbing","ascension_level":14}