{"gold_per_floor":[112,125,142,142,159,187,187,214,214,229,229,249,249,249,249,328,328,348,379,358,358,378,378,406,406,406,436,455,455,43,78,78,78],"floor_reached":33,"playtime":1483,"items_purged":["Strike_B"],"score":630,"play_id":"12c7ce87-7f0a-4810-80ac-dc21dea3e945","local_time":"20190902015146","is_ascension_mode":true,"campfire_choices":[{"floor":7,"key":"REST"},{"data":"Buffer","floor":11,"key":"SMITH"},{"data":"Streamline","floor":13,"key":"SMITH"},{"data":"Double Energy","floor":15,"key":"SMITH"},{"data":"Reboot","floor":23,"key":"SMITH"},{"floor":25,"key":"REST"},{"floor":29,"key":"REST"},{"floor":32,"key":"REST"}],"neow_cost":"TEN_PERCENT_HP_LOSS","seed_source_timestamp":292417656883038,"circlet_count":0,"master_deck":["AscendersBane","Defend_B","Defend_B","Zap","Dualcast","Streamline+1","Double Energy+1","Conserve Battery","Reboot+1","Buffer+1","Ball Lightning+1","Hologram","Conserve Battery+1","Meteor Strike","Loop+1","Hyperbeam+1","All For One+1","Turbo","Compile Driver+1","Go for the Eyes"],"relics":["Cracked Core","Anchor","Bottled Tornado","Astrolabe","Red Mask","Potion Belt","Whetstone","Darkstone Periapt","Girya","Bag of Preparation","Art of War"],"potions_floor_usage":[5,16,16,19,19,24,24,31,33,33,33],"damage_taken":[{"damage":2,"enemies":"Jaw Worm","floor":1,"turns":4},{"damage":0,"enemies":"2 Louse","floor":2,"turns":2},{"damage":1,"enemies":"Cultist","floor":3,"turns":3},{"damage":0,"enemies":"Lots of Slimes","floor":5,"turns":4},{"damage":39,"enemies":"Gremlin Nob","floor":6,"turns":4},{"damage":8,"enemies":"Lagavulin","floor":8,"turns":6},{"damage":0,"enemies":"3 Louse","floor":10,"turns":2},{"damage":0,"enemies":"2 Fungi Beasts","floor":12,"turns":3},{"damage":19,"enemies":"The Guardian","floor":16,"turns":13},{"damage":0,"enemies":"Chosen","floor":18,"turns":5},{"damage":0,"enemies":"Masked Bandits","floor":19,"turns":2},{"damage":0,"enemies":"2 Thieves","floor":20,"turns":4},{"damage":0,"enemies":"Shelled Parasite and Fungi","floor":22,"turns":4},{"damage":20,"enemies":"Gremlin Leader","floor":24,"turns":4},{"damage":31,"enemies":"Slavers","floor":27,"turns":4},{"damage":0,"enemies":"Snecko","floor":28,"turns":4},{"damage":10,"enemies":"Book of Stabbing","floor":31,"turns":4},{"damage":86,"enemies":"Collector","floor":33,"turns":9}],"seed_played":"-4660449555171860035","potions_obtained":[{"floor":1,"key":"AttackPotion"},{"floor":6,"key":"Fire Potion"},{"floor":8,"key":"EntropicBrew"},{"floor":10,"key":"Regen Potion"},{"floor":16,"key":"PowerPotion"},{"floor":18,"key":"AttackPotion"},{"floor":19,"key":"SkillPotion"},{"floor":20,"key":"Poison Potion"},{"floor":28,"key":"SteroidPotion"},{"floor":31,"key":"Fire Potion"}],"is_trial":false,"path_per_floor":["M","M","M","?","M","E","R","E","T","M","R","M","R","?","R","B",null,"M","?","M","T","M","R","E","R","T","E","M","R","$","E","R","B"],"character_chosen":"DEFECT","items_purchased":["Bag of Preparation","FocusPotion","LiquidBronze"],"campfire_rested":4,"item_purchase_floors":[30,30,30],"current_hp_per_floor":[62,62,61,61,61,22,41,33,33,33,33,33,33,33,33,29,55,55,55,55,55,55,55,35,54,54,23,23,42,42,32,51,0],"gold":78,"neow_bonus":"REMOVE_TWO","is_prod":false,"is_daily":false,"chose_seed":false,"campfire_upgraded":4,"win_rate":0,"timestamp":1567403506,"path_taken":["M","M","M","?","M","E","R","E","T","M","R","M","R","?","R","BOSS","M","?","M","?","M","R","E","R","T","E","?","R","?","E","R","BOSS"],"build_version":"2019-07-17","purchased_purges":1,"victory":false,"max_hp_per_floor":[64,64,64,64,64,64,64,64,64,64,64,64,64,64,64,64,64,64,64,64,64,64,64,64,64,64,64,64,64,64,64,64,64],"card_choices":[{"not_picked":["Fusion","Go for the Eyes"],"picked":"Streamline","floor":1},{"not_picked":["Turbo","Leap"],"picked":"Double Energy","floor":2},{"not_picked":["Chaos","Stack"],"picked":"Conserve Battery","floor":3},{"not_picked":["Rebound","Redo"],"picked":"Reboot","floor":5},{"not_picked":["Darkness","Cold Snap"],"picked":"Buffer","floor":6},{"not_picked":["Double Energy","Storm"],"picked":"Ball Lightning","floor":8},{"not_picked":["Ball Lightning","Rebound"],"picked":"Hologram","floor":10},{"not_picked":["Hologram","Rip and Tear"],"picked":"Conserve Battery","floor":12},{"not_picked":["All For One","Hyperbeam"],"picked":"Meteor Strike","floor":16},{"not_picked":["Leap","Turbo","Cold Snap+1"],"picked":"SKIP","floor":18},{"not_picked":["Lockon","Hologram"],"picked":"Turbo","floor":19},{"not_picked":["Cold Snap","Doom and Gloom"],"picked":"Compile Driver","floor":20},{"not_picked":["Gash","Electrodynamics","Double Energy"],"picked":"SKIP","floor":22},{"not_picked":["Capacitor","Hologram","Self Repair+1"],"picked":"SKIP","floor":24},{"not_picked":["Turbo","Melter","Heatsinks"],"picked":"SKIP","floor":27},{"not_picked":["Coolheaded","Sunder"],"picked":"Go for the Eyes","floor":28},{"not_picked":["Barrage","Leap","Ball Lightning"],"picked":"SKIP","floor":31}],"player_experience":1938199,"relics_obtained":[{"floor":6,"key":"Anchor"},{"floor":8,"key":"Bottled Tornado"},{"floor":19,"key":"Red Mask"},{"floor":21,"key":"Potion Belt"},{"floor":24,"key":"Whetstone"},{"floor":26,"key":"Darkstone Periapt"},{"floor":27,"key":"Girya"},{"floor":31,"key":"Art of War"}],"event_choices":[{"damage_healed":0,"gold_gain":0,"player_choice":"Ignored","damage_taken":0,"max_hp_gain":0,"max_hp_loss":0,"event_name":"Liars Game","floor":4,"gold_loss":0},{"damage_healed":0,"gold_gain":0,"player_choice":"Grow","damage_taken":0,"max_hp_gain":0,"max_hp_loss":0,"event_name":"Living Wall","floor":14,"gold_loss":0,"cards_upgraded":["Conserve Battery"]},{"damage_healed":0,"gold_gain":0,"player_choice":"Fought Bandits","damage_taken":0,"max_hp_gain":0,"max_hp_loss":0,"event_name":"Masked Bandits","floor":19,"gold_loss":0}],"is_beta":false,"boss_relics":[{"not_picked":["Pandora\u0027s Box","Orrery"],"picked":"Astrolabe"}],"items_purged_floors":[30],"is_endless":false,"potions_floor_spawned":[1,6,8,10,16,18,19,20,28,31],"killed_by":"Collector","ascension_level":20}