{"gold_per_floor":[109,119,15,15,15,15,49,49,49,65,84,122,122,142,142,238,238,257,292,313,313,331,362,146,181,181,81,95,111,154,179,179,275,275,298,298,313,313,313,313,334,334,334,57,57],"floor_reached":45,"playtime":3341,"items_purged":["Strike_G","Shame"],"score":918,"play_id":"eb7beb96-4091-4324-b9ba-a39cf488c59a","local_time":"20181228003505","is_ascension_mode":true,"campfire_choices":[{"data":"Dagger Spray","floor":6,"key":"SMITH"},{"data":"Caltrops","floor":13,"key":"SMITH"},{"data":"Envenom","floor":15,"key":"SMITH"},{"floor":32,"key":"REST"},{"data":"Footwork","floor":40,"key":"SMITH"},{"data":"Backflip","floor":42,"key":"SMITH"}],"neow_cost":"NONE","seed_source_timestamp":599468463813980,"circlet_count":0,"master_deck":["AscendersBane","Defend_G+1","Defend_G+1","Defend_G+1","Defend_G+1","Defend_G+1","Strike_G+1","Strike_G+1","Strike_G+1","Survivor","Neutralize","Footwork+1","Dagger Spray+1","Dash","Dodge and Roll+1","Envenom+1","Flying Knee","Caltrops+1","Dagger Spray","Escape Plan+1","Sucker Punch+1","Cloak And Dagger","PiercingWail","Backflip+1","Cloak And Dagger","Blur+1","After Image+1","Calculated Gamble","Backflip+1","Shame"],"relics":["Ring of the Snake","Golden Idol","Bag of Preparation","Meat on the Bone","Shuriken","Cursed Key","Red Mask","Prayer Wheel","OrangePellets","War Paint","Peace Pipe","Bottled Flame","Philosopher\u0027s Stone","Pantograph","Kunai"],"potions_floor_usage":[7,12,18,19,23,30,33,41,45],"damage_taken":[{"damage":1,"enemies":"2 Louse","floor":1,"turns":5},{"damage":5,"enemies":"Small Slimes","floor":2,"turns":3},{"damage":37,"enemies":"Gremlin Nob","floor":7,"turns":5},{"damage":0,"enemies":"Cultist","floor":10,"turns":4},{"damage":0,"enemies":"Blue Slaver","floor":11,"turns":5},{"damage":9,"enemies":"Lagavulin","floor":12,"turns":10},{"damage":12,"enemies":"3 Louse","floor":14,"turns":3},{"damage":6,"enemies":"Hexaghost","floor":16,"turns":9},{"damage":14,"enemies":"Shell Parasite","floor":18,"turns":5},{"damage":31,"enemies":"Masked Bandits","floor":19,"turns":5},{"damage":0,"enemies":"Chosen","floor":20,"turns":4},{"damage":13,"enemies":"Snake Plant","floor":22,"turns":4},{"damage":21,"enemies":"Slavers","floor":23,"turns":5},{"damage":4,"enemies":"Gremlin Leader","floor":25,"turns":5},{"damage":6,"enemies":"Chosen and Byrds","floor":28,"turns":5},{"damage":18,"enemies":"Sentry and Sphere","floor":29,"turns":5},{"damage":15,"enemies":"Slavers","floor":30,"turns":5},{"damage":0,"enemies":"Cultist and Chosen","floor":31,"turns":6},{"damage":39,"enemies":"Collector","floor":33,"turns":10},{"damage":15,"enemies":"3 Darklings","floor":35,"turns":6},{"damage":0,"enemies":"Orb Walker","floor":37,"turns":5},{"damage":13,"enemies":"3 Darklings","floor":41,"turns":6},{"damage":45,"enemies":"Reptomancer","floor":45,"turns":2}],"seed_played":"2003882660711589372","potions_obtained":[{"floor":1,"key":"Strength Potion"},{"floor":7,"key":"Regen Potion"},{"floor":10,"key":"Regen Potion"},{"floor":16,"key":"Block Potion"},{"floor":20,"key":"SteroidPotion"},{"floor":22,"key":"Weak Potion"},{"floor":23,"key":"Weak Potion"},{"floor":25,"key":"PowerPotion"},{"floor":33,"key":"Regen Potion"},{"floor":35,"key":"SpeedPotion"}],"is_trial":false,"path_per_floor":["M","M","$","?","?","R","E","?","T","M","M","E","R","M","R","B",null,"M","?","M","?","M","E","$","E","T","$","M","M","E","M","R","B",null,"M","?","M","$","?","R","M","R","T","$","E"],"character_chosen":"THE_SILENT","items_purchased":["Dodge and Roll","OrangePellets","Kunai"],"campfire_rested":1,"item_purchase_floors":[3,24,44],"current_hp_per_floor":[58,53,53,53,53,53,16,16,16,28,40,46,46,34,34,40,55,41,36,36,36,35,26,26,34,34,34,40,34,31,31,49,22,51,36,36,36,36,36,36,35,35,35,35,0],"gold":57,"neow_bonus":"THREE_CARDS","is_prod":false,"is_daily":false,"chose_seed":false,"campfire_upgraded":5,"win_rate":0,"timestamp":1545975305,"path_taken":["M","M","$","?","?","R","E","?","T","M","?","E","R","M","R","BOSS","M","?","M","?","M","E","$","E","T","?","M","M","E","M","R","BOSS","M","?","?","$","?","R","M","R","T","$","E"],"build_version":"2018-12-20","purchased_purges":2,"victory":false,"max_hp_per_floor":[66,66,66,60,60,60,60,60,60,60,60,60,60,60,60,60,60,60,60,60,60,60,60,60,60,60,60,60,60,60,60,60,60,60,60,60,60,60,60,60,60,60,60,60,60],"card_choices":[{"not_picked":["Deflect","PiercingWail"],"picked":"Footwork","floor":0},{"not_picked":["Setup","Prepared"],"picked":"Dagger Spray","floor":1},{"not_picked":["Outmaneuver","Dodge and Roll"],"picked":"Dash","floor":2},{"not_picked":["Quick Slash","Tactician"],"picked":"Envenom","floor":7},{"not_picked":["Deadly Poison","Bouncing Flask"],"picked":"Flying Knee","floor":10},{"not_picked":["Cloak And Dagger","Setup"],"picked":"Caltrops","floor":11},{"not_picked":["Flechettes","Sucker Punch"],"picked":"Dagger Spray","floor":12},{"not_picked":["Flying Knee","Deflect"],"picked":"Escape Plan","floor":14},{"not_picked":["Underhanded Strike","Dagger Throw"],"picked":"Sucker Punch+1","floor":18},{"not_picked":["Blade Dance","Corpse Explosion"],"picked":"Cloak And Dagger","floor":20},{"not_picked":["Bane+1","Blur"],"picked":"PiercingWail","floor":22},{"not_picked":["Outmaneuver","Blade Dance","Eviscerate"],"picked":"SKIP","floor":23},{"not_picked":["PiercingWail","Expertise"],"picked":"Backflip+1","floor":25},{"not_picked":["Outmaneuver","Prepared","Deadly Poison"],"picked":"SKIP","floor":28},{"not_picked":["Bane","Predator","Dagger Spray"],"picked":"SKIP","floor":28},{"not_picked":["Bullet Time","Deflect","Prepared"],"picked":"SKIP","floor":29},{"not_picked":["Deadly Poison","Underhanded Strike","Outmaneuver"],"picked":"SKIP","floor":29},{"not_picked":["Bane","Distraction"],"picked":"Cloak And Dagger","floor":30},{"not_picked":["Dash","Crippling Poison"],"picked":"Blur+1","floor":31},{"not_picked":["Quick Slash+1","Cloak And Dagger","Bane"],"picked":"SKIP","floor":31},{"not_picked":["Wraith Form v2","Storm of Steel"],"picked":"After Image","floor":33},{"not_picked":["Cloak And Dagger","Dagger Spray"],"picked":"Calculated Gamble","floor":35},{"not_picked":["Flechettes","Bane"],"picked":"Deflect","floor":35},{"not_picked":["Calculated Gamble+1","Setup"],"picked":"Backflip","floor":37},{"not_picked":["Cloak And Dagger","Outmaneuver","Deflect"],"picked":"SKIP","floor":37},{"not_picked":["Eviscerate","Poisoned Stab+1","Dodge and Roll"],"picked":"SKIP","floor":41},{"not_picked":["Sucker Punch","Slice","Choke"],"picked":"SKIP","floor":41}],"player_experience":1024236,"relics_obtained":[{"floor":7,"key":"Bag of Preparation"},{"floor":9,"key":"Meat on the Bone"},{"floor":12,"key":"Shuriken"},{"floor":19,"key":"Red Mask"},{"floor":23,"key":"Prayer Wheel"},{"floor":25,"key":"War Paint"},{"floor":26,"key":"Peace Pipe"},{"floor":30,"key":"Bottled Flame"},{"floor":43,"key":"Pantograph"}],"event_choices":[{"damage_healed":0,"gold_gain":0,"player_choice":"Lose Max HP","damage_taken":0,"relics_obtained":["Golden Idol"],"max_hp_gain":0,"max_hp_loss":6,"event_name":"Golden Idol","floor":4,"gold_loss":0},{"damage_healed":0,"gold_gain":0,"player_choice":"Leave","damage_taken":0,"max_hp_gain":0,"max_hp_loss":0,"event_name":"The Cleric","floor":5,"gold_loss":0},{"cards_removed":["Strike_G"],"damage_healed":0,"gold_gain":0,"player_choice":"Card Removal","damage_taken":0,"max_hp_gain":0,"max_hp_loss":0,"event_name":"Wheel of Change","floor":8,"gold_loss":0},{"damage_healed":0,"gold_gain":0,"player_choice":"Fought Bandits","damage_taken":0,"max_hp_gain":0,"max_hp_loss":0,"event_name":"Masked Bandits","floor":19,"gold_loss":0},{"damage_healed":0,"gold_gain":0,"player_choice":"Simplicity","damage_taken":0,"max_hp_gain":0,"max_hp_loss":0,"event_name":"Back to Basics","floor":21,"gold_loss":0,"cards_upgraded":["Defend_G","Defend_G","Defend_G","Defend_G","Defend_G","Strike_G","Strike_G","Strike_G"]},{"damage_healed":0,"gold_gain":0,"player_choice":"Upgraded","damage_taken":0,"max_hp_gain":0,"max_hp_loss":0,"event_name":"Upgrade Shrine","floor":36,"gold_loss":0,"cards_upgraded":["After Image"]},{"cards_removed":["Deflect"],"damage_healed":0,"gold_gain":0,"player_choice":"Removed Skill","damage_taken":0,"max_hp_gain":0,"max_hp_loss":0,"event_name":"Falling","floor":39,"gold_loss":0}],"is_beta":false,"boss_relics":[{"not_picked":["Empty Cage","Sozu"],"picked":"Cursed Key"},{"not_picked":["Runic Pyramid","Runic Dome"],"picked":"Philosopher\u0027s Stone"}],"items_purged_floors":[3,27],"is_endless":false,"potions_floor_spawned":[1,7,10,16,20,22,23,25,33,35],"killed_by":"Reptomancer","ascension_level":18}