{"gold_per_floor":[118,118,129,144,160,188,188,138,164,164,179,197,216,216,216,337,337,361,46,46,46,66,66,86,86,86,86,104,104,124,148,148,148],"floor_reached":33,"playtime":1298,"items_purged":["Defend_R"],"score":364,"play_id":"3515d5ee-b63f-4056-8229-6b272eaec705","local_time":"20180908200227","is_ascension_mode":true,"campfire_choices":[{"data":"Immolate","floor":7,"key":"SMITH"},{"data":"Rampage","floor":15,"key":"SMITH"},{"data":"Uppercut","floor":23,"key":"SMITH"},{"data":"Flame Barrier","floor":25,"key":"SMITH"},{"data":"Combust","floor":27,"key":"SMITH"},{"data":"True Grit","floor":29,"key":"SMITH"},{"floor":32,"key":"REST"}],"neow_cost":"PERCENT_DAMAGE","seed_source_timestamp":1735550582184506,"circlet_count":0,"master_deck":["Strike_R","Defend_R","Defend_R","Bash","Combust+1","Immolate+1","Rampage+1","Flame Barrier+1","Uppercut+1","True Grit+1","Shrug It Off","Warcry","Warcry+1"],"relics":["Burning Blood","Potion Belt","Blood Vial","Golden Idol","White Beast Statue","Toxic Egg 2","Enchiridion","Frozen Egg 2"],"potions_floor_usage":[6,16,16,22,28,30,30,31,33,33],"damage_taken":[{"damage":0,"enemies":"2 Louse","floor":1,"turns":1},{"damage":0,"enemies":"Cultist","floor":3,"turns":2},{"damage":3,"enemies":"Jaw Worm","floor":4,"turns":3},{"damage":9,"enemies":"2 Fungi Beasts","floor":5,"turns":2},{"damage":16,"enemies":"Gremlin Nob","floor":6,"turns":5},{"damage":0,"enemies":"Looter","floor":11,"turns":2},{"damage":0,"enemies":"Large Slime","floor":12,"turns":5},{"damage":19,"enemies":"Lots of Slimes","floor":13,"turns":3},{"damage":17,"enemies":"Slime Boss","floor":16,"turns":6},{"damage":26,"enemies":"3 Byrds","floor":18,"turns":4},{"damage":15,"enemies":"Spheric Guardian","floor":22,"turns":5},{"damage":19,"enemies":"Chosen and Byrds","floor":24,"turns":4},{"damage":0,"enemies":"Cultist and Chosen","floor":28,"turns":4},{"damage":5,"enemies":"Snake Plant","floor":30,"turns":4},{"damage":34,"enemies":"Sentry and Sphere","floor":31,"turns":7},{"damage":55,"enemies":"Champ","floor":33,"turns":11}],"seed_played":"-2998932629223897307","potions_obtained":[{"floor":1,"key":"Weak Potion"},{"floor":5,"key":"Explosive Potion"},{"floor":11,"key":"FearPotion"},{"floor":13,"key":"Regen Potion"},{"floor":18,"key":"Explosive Potion"},{"floor":22,"key":"FearPotion"},{"floor":24,"key":"Explosive Potion"},{"floor":28,"key":"SpeedPotion"},{"floor":30,"key":"PowerPotion"},{"floor":31,"key":"Regen Potion"}],"is_trial":false,"path_per_floor":["M","?","M","M","M","E","R","?","T","?","M","M","M","?","R","B",null,"M","$","$","?","M","R","M","R","T","R","M","R","M","M","R"],"character_chosen":"IRONCLAD","items_purchased":["Toxic Egg 2"],"campfire_rested":1,"item_purchase_floors":[19],"current_hp_per_floor":[57,57,63,66,63,53,53,53,53,53,61,69,58,58,58,49,68,50,50,50,34,41,41,30,30,30,30,38,38,41,15,37,0],"gold":148,"neow_bonus":"TRANSFORM_TWO_CARDS","is_prod":false,"is_daily":false,"chose_seed":false,"campfire_upgraded":6,"win_rate":0,"timestamp":1536451347,"path_taken":["M","?","M","M","M","E","R","?","T","?","M","?","M","?","R","BOSS","M","?","$","?","M","R","M","R","T","R","M","R","M","M","R","BOSS"],"build_version":"2018-09-06","purchased_purges":1,"victory":false,"max_hp_per_floor":[80,80,80,80,80,80,80,80,80,74,74,74,74,74,74,74,74,74,74,74,74,74,74,74,74,74,74,74,74,74,74,74,74],"card_choices":[{"not_picked":["Evolve","Anger","Perfected Strike"],"picked":"SKIP","floor":1},{"not_picked":["Flex","Searing Blow"],"picked":"Rampage","floor":3},{"not_picked":["Anger","Pummel","Reckless Charge"],"picked":"SKIP","floor":4},{"not_picked":["Twin Strike","Pommel Strike"],"picked":"Flame Barrier","floor":5},{"not_picked":["Flex","Cleave"],"picked":"Uppercut","floor":6},{"not_picked":["Barricade","Armaments"],"picked":"True Grit","floor":11},{"not_picked":["Headbutt","Ghostly Armor"],"picked":"Shrug It Off","floor":12},{"not_picked":["Sword Boomerang","Flex"],"picked":"Warcry","floor":13},{"not_picked":["Rage+1","Metallicize","Iron Wave"],"picked":"SKIP","floor":18},{"not_picked":["Anger","Entrench+1","Wild Strike"],"picked":"SKIP","floor":22},{"not_picked":["Whirlwind","Flex+1"],"picked":"Warcry+1","floor":24},{"not_picked":["Clothesline","Clash","Heavy Blade"],"picked":"SKIP","floor":28},{"not_picked":["Sword Boomerang+1","Havoc+1","Pommel Strike"],"picked":"SKIP","floor":30},{"not_picked":["Havoc+1","Searing Blow+1","Burning Pact+1"],"picked":"SKIP","floor":31}],"player_experience":525222,"relics_obtained":[{"floor":6,"key":"Potion Belt"},{"floor":9,"key":"Blood Vial"},{"floor":21,"key":"Enchiridion"},{"floor":26,"key":"Frozen Egg 2"}],"event_choices":[{"event_name":"Purifier","player_choice":"One Purge","floor":2,"damage_taken":0},{"event_name":"The Cleric","player_choice":"Card Removal","floor":8,"damage_taken":0},{"event_name":"Golden Idol","player_choice":"Lose Max HP","floor":10,"damage_taken":0},{"event_name":"Bonfire Elementals","player_choice":"BASIC","floor":14,"damage_taken":0},{"event_name":"Cursed Tome","player_choice":"Obtained Book","floor":21,"damage_taken":0}],"is_beta":false,"boss_relics":[{"not_picked":["Orrery","Fusion Hammer"],"picked":"White Beast Statue"}],"items_purged_floors":[19],"is_endless":false,"potions_floor_spawned":[1,5,11,13,18,22,24,28,30,31],"killed_by":"Champ","ascension_level":9}