{"gold_per_floor":[115,128,128,8,18,18,49,49,129,162,162,312,50,68,68,147,147,167,167],"floor_reached":19,"playtime":756,"items_purged":["Doubt"],"score":333,"play_id":"b6435970-c7c1-4b08-9527-956baf0a1677","local_time":"20190827112037","is_ascension_mode":true,"campfire_choices":[{"data":"Neutralize","floor":6.0,"key":"SMITH"},{"floor":8.0,"key":"REST"},{"floor":11.0,"key":"REST"},{"floor":15.0,"key":"REST"}],"neow_cost":"NONE","seed_source_timestamp":7935335980003,"circlet_count":0,"master_deck":["AscendersBane","Strike_G","Strike_G+1","Strike_G","Defend_G","Defend_G","Defend_G","Defend_G","Defend_G","Survivor","Neutralize+1","Dagger Spray","Backstab+1","Footwork","Choke","Heel Hook","Well Laid Plans","Backflip","PiercingWail","Envenom","Tools of the Trade","Catalyst+1","Distraction"],"special_seed":0,"relics":["Ring of the Snake","NeowsBlessing","Juzu Bracelet","Paper Crane","Prayer Wheel","Snake Skull","Empty Cage"],"potions_floor_usage":[19,19],"damage_taken":[{"damage":0.0,"enemies":"Jaw Worm","floor":1.0,"turns":1.0},{"damage":0.0,"enemies":"2 Louse","floor":2.0,"turns":1.0},{"damage":0.0,"enemies":"Small Slimes","floor":5.0,"turns":1.0},{"damage":35.0,"enemies":"Lagavulin","floor":7.0,"turns":7.0},{"damage":8.0,"enemies":"Gremlin Nob","floor":10.0,"turns":3.0},{"damage":7.0,"enemies":"Exordium Wildlife","floor":14.0,"turns":3.0},{"damage":33.0,"enemies":"Slime Boss","floor":16.0,"turns":9.0},{"damage":3.0,"enemies":"Chosen","floor":18.0,"turns":5.0},{"damage":50,"enemies":"Masked Bandits","floor":19,"turns":4}],"seed_played":"-869524460839456915","potions_obtained":[{"floor":2.0,"key":"EntropicBrew"},{"floor":7.0,"key":"Fire Potion"},{"floor":14.0,"key":"Poison Potion"},{"floor":16.0,"key":"Swift Potion"}],"is_trial":false,"path_per_floor":["M","M","?","$","M","R","E","R","T","E","R","?","$","M","R","B",null,"M","?"],"character_chosen":"THE_SILENT","items_purchased":["Footwork","Choke","Snake Skull","Backflip"],"campfire_rested":3,"item_purchase_floors":[4,4,13,13],"current_hp_per_floor":[59,59,39,39,39,39,4,23,23,15,34,34,34,27,46,13,53,50,0],"gold":167,"neow_bonus":"THREE_ENEMY_KILL","is_prod":false,"is_daily":false,"chose_seed":false,"campfire_upgraded":1,"win_rate":0,"timestamp":1566868837,"path_taken":["M","M","?","?","M","R","E","R","T","E","R","?","$","M","R","BOSS","M","?"],"build_version":"2019-07-17","purchased_purges":1,"victory":false,"max_hp_per_floor":[66,66,66,66,66,66,66,66,66,66,66,66,66,66,66,66,66,66,66],"card_choices":[{"not_picked":["Poisoned Stab","Acrobatics"],"picked":"Dagger Spray","floor":1.0},{"not_picked":["Deadly Poison","Prepared"],"picked":"Backstab","floor":2.0},{"not_picked":["Acrobatics","Deadly Poison"],"picked":"Heel Hook","floor":5.0},{"not_picked":["Heel Hook","Prepared"],"picked":"Well Laid Plans","floor":7.0},{"not_picked":["Blade Dance","Bane","Flying Knee"],"picked":"SKIP","floor":10.0},{"not_picked":["Acrobatics","Expertise"],"picked":"PiercingWail","floor":14.0},{"not_picked":["Deadly Poison","Underhanded Strike"],"picked":"Envenom","floor":14.0},{"not_picked":["Unload","Phantasmal Killer"],"picked":"Tools of the Trade","floor":16.0},{"not_picked":["Prepared","Cloak And Dagger"],"picked":"Catalyst+1","floor":18.0},{"not_picked":["Bane","Slice"],"picked":"Distraction","floor":18.0}],"player_experience":1229326,"relics_obtained":[{"floor":7.0,"key":"Juzu Bracelet"},{"floor":9.0,"key":"Paper Crane"},{"floor":10.0,"key":"Prayer Wheel"}],"event_choices":[{"damage_healed":0.0,"max_hp_gain":0.0,"max_hp_loss":0.0,"gold_gain":0.0,"event_name":"Shining Light","player_choice":"Entered Light","floor":3.0,"gold_loss":0.0,"damage_taken":20.0,"cards_upgraded":["Strike_G","Backstab"]},{"damage_healed":0.0,"max_hp_gain":0.0,"max_hp_loss":0.0,"gold_gain":150.0,"event_name":"Liars Game","player_choice":"AGREE","floor":12.0,"gold_loss":0.0,"damage_taken":0.0,"cards_obtained":["Doubt"]},{"damage_healed":0,"gold_gain":0,"player_choice":"Fought Bandits","damage_taken":0,"max_hp_gain":0,"max_hp_loss":0,"event_name":"Masked Bandits","floor":19,"gold_loss":0}],"is_beta":false,"boss_relics":[{"not_picked":["Coffee Dripper","Velvet Choker"],"picked":"Empty Cage"}],"items_purged_floors":[13],"is_endless":false,"potions_floor_spawned":[2,7,14,16],"killed_by":"Masked Bandits","ascension_level":18}