{"gold_per_floor":[118,2,21,171,16,16,41,41,121,154,173,186,202,231,231,305,305,322,46,62,32,32,62,77,77,131,142,168,93,122,122,122,122],"floor_reached":33,"playtime":2242,"items_purged":["Doubt"],"score":776,"play_id":"a73d8412-fe5c-46d6-8435-1677a265f469","local_time":"20190729151334","is_ascension_mode":true,"campfire_choices":[{"data":"Consume","floor":6.0,"key":"SMITH"},{"data":"Fission","floor":15,"key":"SMITH"},{"data":"Aggregate","floor":25,"key":"SMITH"},{"data":"Buffer","floor":32,"key":"SMITH"}],"neow_cost":"NONE","seed_source_timestamp":170238298443128,"circlet_count":0,"master_deck":["AscendersBane","Strike_B","Strike_B","Strike_B","Defend_B","Defend_B","Defend_B","Defend_B","Zap","Dualcast","Conserve Battery","Consume+1","Capacitor","Sweeping Beam","Rainbow","Hologram","Coolheaded","Compile Driver","Fission+1","Reboot","Sunder+1","Beam Cell+1","Aggregate+1","Reboot","Barrage+1","Turbo","Buffer+1","Glacier","Writhe"],"special_seed":0,"relics":["Cracked Core","NeowsBlessing","Mango","Gremlin Horn","Meat on the Bone","PreservedInsect","Dead Branch","Nuclear Battery","Molten Egg 2","Prayer Wheel","Oddly Smooth Stone","Bronze Scales","Dodecahedron","Sundial"],"potions_floor_usage":[10,14,14,23,33,33],"damage_taken":[{"damage":0.0,"enemies":"Cultist","floor":1.0,"turns":1.0},{"damage":0.0,"enemies":"Small Slimes","floor":3.0,"turns":1.0},{"damage":0.0,"enemies":"Lagavulin","floor":7.0,"turns":1.0},{"damage":38,"enemies":"3 Sentries","floor":10,"turns":7},{"damage":6,"enemies":"Jaw Worm","floor":11,"turns":4},{"damage":13,"enemies":"Lots of Slimes","floor":12,"turns":3},{"damage":0,"enemies":"Exordium Thugs","floor":13,"turns":4},{"damage":9,"enemies":"Gremlin Nob","floor":14,"turns":3},{"damage":18,"enemies":"The Guardian","floor":16,"turns":10},{"damage":0,"enemies":"Chosen","floor":18,"turns":4},{"damage":13,"enemies":"3 Byrds","floor":20,"turns":5},{"damage":7,"enemies":"Book of Stabbing","floor":23,"turns":4},{"damage":0,"enemies":"Sentry and Sphere","floor":24,"turns":7},{"damage":12,"enemies":"Centurion and Healer","floor":27,"turns":10},{"damage":0,"enemies":"Slavers","floor":28,"turns":3},{"damage":0,"enemies":"Gremlin Leader","floor":30,"turns":5},{"damage":57,"enemies":"Collector","floor":33,"turns":12}],"seed_played":"8874554408292005459","potions_obtained":[{"floor":1.0,"key":"SkillPotion"},{"floor":7.0,"key":"Ancient Potion"},{"floor":11,"key":"GamblersBrew"},{"floor":14,"key":"FocusPotion"},{"floor":20,"key":"Swift Potion"},{"floor":28,"key":"Strength Potion"}],"is_trial":false,"path_per_floor":["M","$","M","?","$","R","E","T","T","E","M","M","M","E","R","B",null,"M","$","M","$","?","E","M","R","T","M","E","?","E","?","R","B"],"character_chosen":"DEFECT","items_purchased":["Consume","Capacitor","Rainbow","Molten Egg 2","Beam Cell+1"],"campfire_rested":0,"item_purchase_floors":[2,2,5,19,21],"current_hp_per_floor":[64,64,64,64,64,64,78,78,78,52,46,45,45,48,48,42,74,74,74,61,61,61,54,54,54,54,54,54,54,54,54,54,0],"gold":122,"neow_bonus":"THREE_ENEMY_KILL","is_prod":false,"is_daily":false,"chose_seed":false,"campfire_upgraded":4,"win_rate":0,"timestamp":1564427614,"path_taken":["M","?","?","?","$","R","E","?","T","E","M","M","M","E","R","BOSS","M","?","M","$","?","E","M","R","T","M","E","?","E","?","R","BOSS"],"build_version":"2019-07-17","purchased_purges":1,"victory":false,"max_hp_per_floor":[71,71,71,71,71,71,85,85,85,85,85,85,85,85,85,85,85,85,85,85,85,85,85,85,85,85,85,85,85,85,85,85,85],"card_choices":[{"not_picked":["Consume","Go for the Eyes"],"picked":"Conserve Battery","floor":1.0},{"not_picked":["Gash","Reprogram"],"picked":"Sweeping Beam","floor":3.0},{"not_picked":["Creative AI","Scrape"],"picked":"Hologram","floor":7.0},{"not_picked":["Lockon","Doom and Gloom"],"picked":"Coolheaded","floor":10},{"not_picked":["Streamline","Turbo"],"picked":"Compile Driver","floor":11},{"not_picked":["Coolheaded","Hologram"],"picked":"Fission","floor":12},{"not_picked":["Hologram","Ball Lightning","Turbo"],"picked":"SKIP","floor":13},{"not_picked":["Blizzard","Rebound","Leap"],"picked":"SKIP","floor":14},{"not_picked":["Blizzard","Rebound","Leap"],"picked":"SKIP","floor":14},{"not_picked":["Buffer","Multi-Cast"],"picked":"Reboot","floor":16},{"not_picked":["Undo","Fusion","Leap+1"],"picked":"SKIP","floor":18},{"not_picked":["Gash+1","Darkness"],"picked":"Sunder+1","floor":20},{"not_picked":["Steam","Redo"],"picked":"Reboot","floor":23},{"not_picked":["Coolheaded","Turbo"],"picked":"Barrage+1","floor":24},{"not_picked":["Stack","Steam"],"picked":"Turbo","floor":24},{"not_picked":["Compile Driver+1","Steam"],"picked":"Buffer","floor":27},{"not_picked":["Gash+1","Turbo"],"picked":"Glacier","floor":27},{"not_picked":["Leap","Self Repair","Sweeping Beam+1"],"picked":"SKIP","floor":28},{"not_picked":["Steam Power+1","Force Field","Sweeping Beam+1"],"picked":"SKIP","floor":30}],"player_experience":1648536,"relics_obtained":[{"floor":7.0,"key":"Mango"},{"floor":8.0,"key":"Gremlin Horn"},{"floor":9.0,"key":"Meat on the Bone"},{"floor":10,"key":"PreservedInsect"},{"floor":14,"key":"Dead Branch"},{"floor":23,"key":"Prayer Wheel"},{"floor":26,"key":"Oddly Smooth Stone"},{"floor":28,"key":"Bronze Scales"},{"floor":30,"key":"Dodecahedron"}],"event_choices":[{"damage_healed":0.0,"max_hp_gain":0.0,"max_hp_loss":0.0,"gold_gain":150.0,"event_name":"Liars Game","player_choice":"AGREE","floor":4.0,"gold_loss":0.0,"damage_taken":0.0,"cards_obtained":["Doubt"]},{"damage_healed":0,"gold_gain":0,"player_choice":"Read","damage_taken":0,"max_hp_gain":0,"max_hp_loss":0,"event_name":"The Library","floor":22,"gold_loss":0,"cards_obtained":["Aggregate"]},{"cards_removed":["Strike_B"],"damage_healed":0,"gold_gain":0,"player_choice":"Gave Gold","damage_taken":0,"max_hp_gain":0,"max_hp_loss":0,"event_name":"Beggar","floor":29,"gold_loss":75},{"damage_healed":0,"gold_gain":0,"player_choice":"Opened","damage_taken":0,"relics_obtained":["Sundial"],"max_hp_gain":0,"max_hp_loss":0,"event_name":"The Mausoleum","floor":31,"gold_loss":0,"cards_obtained":["Writhe"]}],"is_beta":false,"boss_relics":[{"not_picked":["Busted Crown","Astrolabe"],"picked":"Nuclear Battery"}],"items_purged_floors":[5],"is_endless":false,"potions_floor_spawned":[1,7,11,14,20,28],"killed_by":"Collector","ascension_level":19}