{"gold_per_floor":[117,117,42,192,192,192,263,302,329,329,364,388,388,412,412,502,502,523,547,37,61,61],"floor_reached":22,"playtime":671,"items_purged":["Doubt"],"score":376,"play_id":"a3795c56-2c25-4868-9be0-ce1f4f642f03","local_time":"20190722050038","is_ascension_mode":true,"campfire_choices":[{"floor":6,"key":"REST"},{"floor":13,"key":"REST"},{"data":"Streamline","floor":15,"key":"SMITH"}],"neow_cost":"NONE","seed_source_timestamp":57370303542235,"circlet_count":0,"master_deck":["AscendersBane","Zap+1","Dualcast+1","Conserve Battery","Redo+1","Ball Lightning","Static Discharge","Genetic Algorithm","Rip and Tear","Streamline+1","Machine Learning","Fission+1","Steam Power","Scrape","Conserve Battery+1","Biased Cognition","Amplify","Genetic Algorithm","All For One","Cold Snap+1","Consume","Sunder"],"relics":["Cracked Core","NeowsBlessing","Golden Idol","Bag of Preparation","Strawberry","Dream Catcher","Boot","Pandora\u0027s Box","War Paint","Toy Ornithopter","Happy Flower"],"potions_floor_usage":[11,16,21],"damage_taken":[{"damage":0,"enemies":"Small Slimes","floor":1,"turns":1},{"damage":0,"enemies":"Gremlin Nob","floor":7,"turns":1},{"damage":0,"enemies":"Gremlin Nob","floor":8,"turns":1},{"damage":30,"enemies":"3 Sentries","floor":11,"turns":7},{"damage":0,"enemies":"2 Louse","floor":12,"turns":3},{"damage":1,"enemies":"Cultist","floor":14,"turns":3},{"damage":13,"enemies":"Slime Boss","floor":16,"turns":7},{"damage":12,"enemies":"Chosen","floor":18,"turns":3},{"damage":15,"enemies":"2 Thieves","floor":21,"turns":2},{"damage":50,"enemies":"3 Cultists","floor":22,"turns":4}],"seed_played":"7698348860203225898","potions_obtained":[{"floor":8,"key":"SpeedPotion"},{"floor":11,"key":"Explosive Potion"},{"floor":14,"key":"PowerPotion"},{"floor":16,"key":"Ancient Potion"},{"floor":21,"key":"SpeedPotion"}],"is_trial":false,"path_per_floor":["M","?","?","?","?","R","?","E","T","?","E","M","R","M","R","B",null,"M","T","$","M","M"],"character_chosen":"DEFECT","items_purchased":["Consume","Toy Ornithopter","Happy Flower"],"campfire_rested":2,"item_purchase_floors":[20,20,20],"current_hp_per_floor":[64,64,64,64,43,64,64,71,71,71,41,41,64,63,63,50,71,59,59,59,49,0],"gold":61,"neow_bonus":"THREE_ENEMY_KILL","is_prod":false,"is_daily":false,"chose_seed":true,"campfire_upgraded":1,"win_rate":0,"timestamp":1563735638,"path_taken":["M","?","?","?","?","R","?","E","T","?","E","M","R","M","R","BOSS","M","?","$","M","M"],"build_version":"2019-07-17","purchased_purges":1,"victory":false,"max_hp_per_floor":[71,71,71,71,71,71,71,78,78,78,78,78,78,78,78,78,78,78,78,78,78,78],"card_choices":[{"not_picked":["Blizzard","Sweeping Beam"],"picked":"Conserve Battery","floor":1},{"not_picked":["Gash","Heatsinks"],"picked":"Redo","floor":7},{"not_picked":["Double Energy","Conserve Battery"],"picked":"Ball Lightning","floor":8},{"not_picked":["Reinforced Body","Turbo"],"picked":"Static Discharge","floor":11},{"not_picked":["Compile Driver","Beam Cell"],"picked":"Genetic Algorithm","floor":12},{"not_picked":["FTL","Skim"],"picked":"Rip and Tear","floor":13},{"not_picked":["Heatsinks","Undo"],"picked":"Streamline","floor":14},{"not_picked":["Rainbow","Reboot"],"picked":"Machine Learning","floor":16},{"not_picked":["Coolheaded+1","Go for the Eyes"],"picked":"Cold Snap+1","floor":18},{"not_picked":["Stack+1","Fusion"],"picked":"Sunder","floor":21}],"player_experience":1053719,"relics_obtained":[{"floor":8,"key":"Strawberry"},{"floor":9,"key":"Dream Catcher"},{"floor":11,"key":"Boot"},{"floor":19,"key":"War Paint"}],"event_choices":[{"damage_healed":0,"gold_gain":0,"player_choice":"Take Wound","damage_taken":0,"relics_obtained":["Golden Idol"],"max_hp_gain":0,"max_hp_loss":0,"event_name":"Golden Idol","floor":2,"gold_loss":0,"cards_obtained":["Injury"]},{"cards_removed":["Injury"],"damage_healed":0,"gold_gain":0,"player_choice":"Card Removal","damage_taken":0,"max_hp_gain":0,"max_hp_loss":0,"event_name":"The Cleric","floor":3,"gold_loss":75},{"damage_healed":0,"gold_gain":150,"player_choice":"AGREE","damage_taken":0,"max_hp_gain":0,"max_hp_loss":0,"event_name":"Liars Game","floor":4,"gold_loss":0,"cards_obtained":["Doubt"]},{"damage_healed":0,"gold_gain":0,"player_choice":"Entered Light","damage_taken":21,"max_hp_gain":0,"max_hp_loss":0,"event_name":"Shining Light","floor":5,"gold_loss":0,"cards_upgraded":["Zap","Dualcast"]},{"damage_healed":0,"gold_gain":0,"player_choice":"Searched \u00272\u0027 times","damage_taken":0,"relics_obtained":["Bag of Preparation"],"max_hp_gain":0,"max_hp_loss":0,"event_name":"Dead Adventurer","floor":7,"gold_loss":0},{"damage_healed":0,"gold_gain":0,"player_choice":"Upgraded","damage_taken":0,"max_hp_gain":0,"max_hp_loss":0,"event_name":"Upgrade Shrine","floor":10,"gold_loss":0,"cards_upgraded":["Redo"]}],"is_beta":false,"boss_relics":[{"not_picked":["Velvet Choker","Eternal Feather"],"picked":"Pandora\u0027s Box"}],"items_purged_floors":[20],"is_endless":false,"potions_floor_spawned":[8,11,14,16,21],"killed_by":"3 Cultists","ascension_level":15}