{"gold_per_floor":[117,137,137,59,75,75,107,117,140,173,188,206,235,81,81,153,153,167,187,204,204,204],"floor_reached":22,"playtime":2225,"items_purged":["Strike_B"],"score":466,"play_id":"3ec4dec9-24d0-4e25-8d44-e50da9e497b3","local_time":"20190815212449","is_ascension_mode":true,"campfire_choices":[{"data":"Sunder","floor":6,"key":"SMITH"},{"data":"Fission","floor":15,"key":"SMITH"}],"neow_cost":"NONE","seed_source_timestamp":1661502344289467,"circlet_count":0,"master_deck":["AscendersBane","Strike_B","Strike_B","Defend_B","Defend_B","Defend_B","Defend_B","Zap","Dualcast","Glacier","Cold Snap","Sunder+1","Conserve Battery","Defragment","Beam Cell","Cold Snap","Fission+1","Reinforced Body","Static Discharge","Reboot","Steam","Loop"],"relics":["Cracked Core","Pen Nib","Ancient Tea Set","PreservedInsect","Ginger","Runic Pyramid"],"potions_floor_usage":[8,16,19,20],"damage_taken":[{"damage":0,"enemies":"Cultist","floor":1,"turns":3},{"damage":2,"enemies":"Jaw Worm","floor":2,"turns":6},{"damage":8,"enemies":"Small Slimes","floor":5,"turns":3},{"damage":9,"enemies":"3 Sentries","floor":7,"turns":6},{"damage":3,"enemies":"3 Louse","floor":8,"turns":4},{"damage":2,"enemies":"Lagavulin","floor":10,"turns":7},{"damage":1,"enemies":"Looter","floor":11,"turns":3},{"damage":0,"enemies":"Blue Slaver","floor":12,"turns":5},{"damage":0,"enemies":"Gremlin Nob","floor":13,"turns":3},{"damage":21,"enemies":"The Guardian","floor":16,"turns":12},{"damage":16,"enemies":"2 Thieves","floor":18,"turns":3},{"damage":7,"enemies":"3 Byrds","floor":19,"turns":5},{"damage":9,"enemies":"Snake Plant","floor":20,"turns":5},{"damage":50,"enemies":"3 Cultists","floor":22,"turns":6}],"seed_played":"1327570687195130046","potions_obtained":[{"floor":5,"key":"Swift Potion"},{"floor":7,"key":"LiquidBronze"},{"floor":8,"key":"SkillPotion"},{"floor":11,"key":"PowerPotion"},{"floor":16,"key":"GamblersBrew"},{"floor":18,"key":"FocusPotion"}],"is_trial":false,"path_per_floor":["M","M","?","$","M","R","E","M","T","E","M","M","E","$","R","B",null,"M","M","M","?","M"],"character_chosen":"DEFECT","items_purchased":["Sunder","Static Discharge"],"campfire_rested":0,"item_purchase_floors":[4,14],"current_hp_per_floor":[71,69,78,78,70,70,61,58,58,56,55,55,55,55,55,34,67,51,44,35,35,0],"gold":204,"neow_bonus":"TEN_PERCENT_HP_BONUS","is_prod":false,"is_daily":false,"chose_seed":false,"campfire_upgraded":2,"win_rate":0,"timestamp":1565918689,"path_taken":["M","M","?","?","M","R","E","M","T","E","M","M","E","$","R","BOSS","M","M","M","?","?"],"build_version":"2019-07-17","purchased_purges":1,"victory":false,"max_hp_per_floor":[78,78,78,78,78,78,78,78,78,78,78,78,78,78,78,78,78,78,78,78,78,78],"card_choices":[{"not_picked":["Steam","Gash"],"picked":"Glacier","floor":1},{"not_picked":["Chill","BootSequence"],"picked":"Cold Snap","floor":2},{"not_picked":["Steam","Storm"],"picked":"Conserve Battery","floor":5},{"not_picked":["Coolheaded","Skim"],"picked":"Defragment","floor":7},{"not_picked":["Barrage","Steam"],"picked":"Beam Cell","floor":8},{"not_picked":["Storm","Conserve Battery","Chaos"],"picked":"SKIP","floor":10},{"not_picked":["Leap","Sweeping Beam"],"picked":"Cold Snap","floor":11},{"not_picked":["Steam","Skim"],"picked":"Fission","floor":12},{"not_picked":["Ball Lightning","Redo"],"picked":"Reinforced Body","floor":13},{"not_picked":["Multi-Cast","Amplify"],"picked":"Reboot","floor":16},{"not_picked":["Conserve Battery","Gash","Tempest"],"picked":"SKIP","floor":18},{"not_picked":["Compile Driver","Heatsinks","Rebound"],"picked":"SKIP","floor":19},{"not_picked":["Steam","Hologram","Cold Snap"],"picked":"SKIP","floor":20},{"not_picked":["Hologram","Cold Snap"],"picked":"Steam","floor":20}],"player_experience":1806025,"relics_obtained":[{"floor":7,"key":"Pen Nib"},{"floor":9,"key":"Ancient Tea Set"},{"floor":10,"key":"PreservedInsect"},{"floor":13,"key":"Ginger"}],"event_choices":[{"damage_healed":9,"gold_gain":0,"player_choice":"Full Heal","damage_taken":0,"max_hp_gain":0,"max_hp_loss":0,"event_name":"Wheel of Change","floor":3,"gold_loss":0},{"damage_healed":0,"gold_gain":0,"cards_transformed":["Strike_B"],"player_choice":"Transformed","damage_taken":0,"max_hp_gain":0,"max_hp_loss":0,"event_name":"Transmorgrifier","floor":21,"gold_loss":0,"cards_obtained":["Loop"]}],"is_beta":false,"boss_relics":[{"not_picked":["Coffee Dripper","White Beast Statue"],"picked":"Runic Pyramid"}],"items_purged_floors":[14],"is_endless":false,"potions_floor_spawned":[5,7,8,11,16,18],"killed_by":"3 Cultists","ascension_level":20}