{"gold_per_floor":[115,134,134,154,154,154,167,167,167,92,112,145,159,176,176,273,273,285,300,47,47,47,47,47,47,47,47,64,83,83,83,83,188,188,207,207,222,222,222,222,237,237,237,255,267,267,283,303,303,303],"floor_reached":50,"playtime":4017,"items_purged":["Regret"],"score":471,"play_id":"d92838f9-61b3-403a-9d3e-71d1d44b9cfe","local_time":"20190812221026","is_ascension_mode":false,"campfire_choices":[{"data":"Cloak And Dagger","floor":6,"key":"SMITH"},{"data":"Backflip","floor":8,"key":"SMITH"},{"floor":15,"key":"REST"},{"data":"PiercingWail","floor":23,"key":"SMITH"},{"data":"Crippling Poison","floor":25,"key":"SMITH"},{"data":"RitualDagger","floor":32,"key":"SMITH"},{"data":"Panache","floor":40,"key":"SMITH"},{"data":"Deflect","floor":42,"key":"SMITH"},{"floor":49,"key":"REST"}],"neow_cost":"NONE","seed_source_timestamp":1133962601146181,"circlet_count":0,"master_deck":["Strike_G","Strike_G","Strike_G","Strike_G","Strike_G","Defend_G","Defend_G","Defend_G","Defend_G","Defend_G","Survivor","Neutralize","Crippling Poison+1","Noxious Fumes","Dodge and Roll","Cloak And Dagger+1","Backflip+1","PiercingWail+1","Well Laid Plans","Dodge and Roll","Accuracy","After Image","Dash","Eviscerate","Pain","Dagger Spray+1","Poisoned Stab+1","RitualDagger+1","Tools of the Trade","Deflect+1","Backflip+1","Poisoned Stab+1","Panache+1","Quick Slash+1","Calculated Gamble+1","Bouncing Flask+1","Dodge and Roll","Bouncing Flask+1"],"relics":["Ring of the Snake","Mercury Hourglass","Bag of Marbles","PreservedInsect","Sozu","Blue Candle","WarpedTongs","Matryoshka","Potion Belt","Orichalcum","Runic Dome","CultistMask","Art of War","Juzu Bracelet"],"potions_floor_usage":[12,16],"damage_taken":[{"damage":0,"enemies":"2 Louse","floor":1,"turns":2},{"damage":0,"enemies":"Cultist","floor":2,"turns":5},{"damage":4,"enemies":"Jaw Worm","floor":4,"turns":4},{"damage":7,"enemies":"Large Slime","floor":7,"turns":7},{"damage":4,"enemies":"Gremlin Gang","floor":11,"turns":3},{"damage":8,"enemies":"Lagavulin","floor":12,"turns":6},{"damage":0,"enemies":"2 Fungi Beasts","floor":13,"turns":3},{"damage":0,"enemies":"Large Slime","floor":14,"turns":7},{"damage":11,"enemies":"Slime Boss","floor":16,"turns":13},{"damage":0,"enemies":"Spheric Guardian","floor":18,"turns":5},{"damage":0,"enemies":"Shell Parasite","floor":19,"turns":7},{"damage":6,"enemies":"Snake Plant","floor":28,"turns":5},{"damage":1,"enemies":"Snecko","floor":29,"turns":5},{"damage":27,"enemies":"Collector","floor":33,"turns":11},{"damage":0,"enemies":"3 Shapes","floor":35,"turns":3},{"damage":3,"enemies":"Orb Walker","floor":37,"turns":4},{"damage":4,"enemies":"4 Shapes","floor":41,"turns":4},{"damage":24,"enemies":"Maw","floor":44,"turns":8},{"damage":28,"enemies":"Transient","floor":45,"turns":5},{"damage":17,"enemies":"Writhing Mass","floor":47,"turns":6},{"damage":11,"enemies":"3 Darklings","floor":48,"turns":5},{"damage":58,"enemies":"Awakened One","floor":50,"turns":4}],"seed_played":"1194252717592849679","potions_obtained":[{"floor":1,"key":"Fire Potion"},{"floor":4,"key":"SkillPotion"},{"floor":5,"key":"PowerPotion"},{"floor":12,"key":"Swift Potion"}],"is_trial":false,"path_per_floor":["M","M","?","M","?","R","M","R","T","$","M","E","M","M","R","B",null,"M","M","$","?","$","R","?","R","T","$","M","M","?","T","R","B",null,"M","?","M","?","?","R","M","R","T","M","M","?","M","M","R","B"],"character_chosen":"THE_SILENT","items_purchased":["Blue Candle"],"campfire_rested":2,"item_purchase_floors":[20],"current_hp_per_floor":[70,70,70,66,66,66,59,59,59,59,55,47,47,47,68,57,70,70,70,70,70,70,70,70,70,70,70,64,63,57,57,57,30,70,70,70,67,67,67,67,63,63,63,39,11,61,44,33,51,0],"gold":303,"neow_bonus":"THREE_CARDS","is_prod":false,"is_daily":false,"chose_seed":false,"campfire_upgraded":7,"win_rate":0.0,"timestamp":1565665826,"path_taken":["M","M","?","M","?","R","?","R","T","$","M","E","M","M","R","BOSS","M","M","$","?","$","R","?","R","T","$","M","?","?","?","R","BOSS","M","?","?","?","?","R","?","R","T","M","M","?","M","M","R","BOSS"],"build_version":"2019-07-17","purchased_purges":1,"victory":false,"max_hp_per_floor":[70,70,70,70,70,70,70,70,70,70,70,70,70,70,70,70,70,70,70,70,70,70,70,70,70,70,70,70,70,70,70,70,70,70,70,70,70,70,70,70,70,70,70,70,70,61,61,61,61,61],"card_choices":[{"not_picked":["Infinite Blades","Dagger Spray"],"picked":"Crippling Poison","floor":0},{"not_picked":["Heel Hook","Tactician"],"picked":"Noxious Fumes","floor":1},{"not_picked":["Eviscerate","Dagger Throw"],"picked":"Dodge and Roll","floor":2},{"not_picked":["Underhanded Strike","Flying Knee"],"picked":"Cloak And Dagger","floor":4},{"not_picked":["Skewer","Deflect"],"picked":"Backflip","floor":7},{"not_picked":["Flying Knee","Riddle With Holes"],"picked":"PiercingWail","floor":11},{"not_picked":["Bane","Slice"],"picked":"Well Laid Plans","floor":12},{"not_picked":["Cloak And Dagger","PiercingWail"],"picked":"Dodge and Roll","floor":13},{"not_picked":["Deadly Poison","Prepared"],"picked":"Accuracy","floor":14},{"not_picked":["Tools of the Trade","Doppelganger"],"picked":"After Image","floor":16},{"not_picked":["Bane","Prepared"],"picked":"Dash","floor":18},{"not_picked":["Distraction","Prepared"],"picked":"Eviscerate","floor":19},{"not_picked":["Deflect","Caltrops"],"picked":"Dagger Spray+1","floor":28},{"not_picked":["Prepared","Outmaneuver"],"picked":"Poisoned Stab+1","floor":29},{"not_picked":["Phantasmal Killer","Wraith Form v2"],"picked":"Tools of the Trade","floor":33},{"not_picked":["Dagger Spray","Flying Knee"],"picked":"Deflect","floor":35},{"not_picked":["Outmaneuver","Underhanded Strike+1"],"picked":"Poisoned Stab+1","floor":37},{"not_picked":["Bandage Up","PanicButton"],"picked":"Panache","floor":38},{"not_picked":["Underhanded Strike+1","Cloak And Dagger"],"picked":"Quick Slash+1","floor":41},{"not_picked":["Predator+1","Underhanded Strike"],"picked":"Calculated Gamble+1","floor":44},{"not_picked":["Dagger Throw","Poisoned Stab+1"],"picked":"Bouncing Flask+1","floor":45},{"not_picked":["Dagger Throw","Caltrops+1"],"picked":"Dodge and Roll","floor":47},{"not_picked":["Dash","Finisher+1"],"picked":"Bouncing Flask+1","floor":48}],"player_experience":162956,"relics_obtained":[{"floor":9,"key":"Bag of Marbles"},{"floor":12,"key":"PreservedInsect"},{"floor":26,"key":"Matryoshka"},{"floor":31,"key":"Potion Belt"},{"floor":31,"key":"Orichalcum"},{"floor":43,"key":"Art of War"},{"floor":43,"key":"Juzu Bracelet"}],"event_choices":[{"damage_healed":0,"gold_gain":0,"player_choice":"Box","damage_taken":0,"relics_obtained":["Mercury Hourglass"],"max_hp_gain":0,"max_hp_loss":0,"event_name":"Big Fish","floor":3,"gold_loss":0,"cards_obtained":["Regret"]},{"damage_healed":0,"gold_gain":0,"player_choice":"Got Potions","damage_taken":0,"max_hp_gain":0,"max_hp_loss":0,"event_name":"Lab","floor":5,"gold_loss":0},{"damage_healed":0,"gold_gain":0,"player_choice":"Ignored","damage_taken":0,"max_hp_gain":0,"max_hp_loss":0,"event_name":"Vampires","floor":21,"gold_loss":0},{"damage_healed":0,"gold_gain":0,"player_choice":"Rummage","damage_taken":0,"relics_obtained":["WarpedTongs"],"max_hp_gain":0,"max_hp_loss":0,"event_name":"Accursed Blacksmith","floor":24,"gold_loss":0,"cards_obtained":["Pain"]},{"damage_healed":0,"gold_gain":0,"player_choice":"Joined the Cult","damage_taken":6,"max_hp_gain":0,"max_hp_loss":0,"event_name":"Nest","floor":30,"gold_loss":0,"cards_obtained":["RitualDagger"]},{"damage_healed":0,"gold_gain":0,"player_choice":"Copied","damage_taken":0,"max_hp_gain":0,"max_hp_loss":0,"event_name":"Duplicator","floor":36,"gold_loss":0,"cards_obtained":["Backflip"]},{"damage_healed":0,"gold_gain":0,"player_choice":"Memory 1","damage_taken":0,"max_hp_gain":0,"max_hp_loss":0,"event_name":"SensoryStone","floor":38,"gold_loss":0},{"damage_healed":0,"gold_gain":0,"player_choice":"Trade","damage_taken":0,"relics_obtained":["CultistMask"],"max_hp_gain":0,"max_hp_loss":0,"event_name":"FaceTrader","floor":39,"gold_loss":0},{"damage_healed":61,"gold_gain":0,"player_choice":"Heal","damage_taken":0,"max_hp_gain":0,"max_hp_loss":9,"event_name":"The Moai Head","floor":46,"gold_loss":0}],"is_beta":false,"boss_relics":[{"not_picked":["Velvet Choker","Eternal Feather"],"picked":"Sozu"},{"not_picked":["Cursed Key","Runic Pyramid"],"picked":"Runic Dome"}],"items_purged_floors":[10],"is_endless":false,"potions_floor_spawned":[1,4,7,12,18,19,29,37,41,45,48],"killed_by":"Awakened One","ascension_level":0}