{"gold_per_floor":[119,131,131,142,142,171,171,182,182,207,207,234,234,234,234,307,307,323,323,336,336,54,54,66,92,92,103,122,122,134,164,164,241,241,255,94,94,148,159,159],"floor_reached":40,"playtime":3342,"items_purged":["Decay"],"score":913,"play_id":"27010ae5-6bcd-42e8-be42-40f9ffa3ce01","local_time":"20190826160938","is_ascension_mode":true,"campfire_choices":[{"data":"Zap","floor":7,"key":"SMITH"},{"data":"Double Energy","floor":11,"key":"SMITH"},{"data":"Stack","floor":15,"key":"SMITH"},{"data":"Fission","floor":23,"key":"SMITH"},{"data":"Coolheaded","floor":29,"key":"SMITH"},{"data":"Reinforced Body","floor":32,"key":"SMITH"}],"neow_cost":"PERCENT_DAMAGE","seed_source_timestamp":2591884759421689,"circlet_count":0,"master_deck":["AscendersBane","Defend_B","Defend_B","Defend_B","Defend_B","Zap+1","Dualcast","Ball Lightning","Barrage+1","Scrape","Reinforced Body+1","Double Energy+1","Stack+1","Fission+1","Coolheaded+1","Bite","Bite","Bite","Bite","Bite","Echo Form","Fusion","Defragment+1","Undo","Coolheaded+1","Meteor Strike","Echo Form","Stack+1","Go for the Eyes+1","Buffer"],"relics":["Cracked Core","Incense Burner","Meat on the Bone","Ice Cream","Torii","Cables","Anchor","Sozu","Art of War","Ornamental Fan","Shuriken","Inserter","Omamori","Ginger"],"potions_floor_usage":[6,16,18],"damage_taken":[{"damage":0,"enemies":"2 Louse","floor":1,"turns":2},{"damage":7,"enemies":"Small Slimes","floor":2,"turns":3},{"damage":2,"enemies":"Jaw Worm","floor":4,"turns":3},{"damage":8,"enemies":"Gremlin Nob","floor":6,"turns":3},{"damage":4,"enemies":"Red Slaver","floor":8,"turns":3},{"damage":11,"enemies":"Lagavulin","floor":10,"turns":6},{"damage":10,"enemies":"3 Sentries","floor":12,"turns":6},{"damage":23,"enemies":"Hexaghost","floor":16,"turns":8},{"damage":1,"enemies":"Spheric Guardian","floor":18,"turns":5},{"damage":0,"enemies":"2 Thieves","floor":20,"turns":3},{"damage":27,"enemies":"Shelled Parasite and Fungi","floor":24,"turns":6},{"damage":10,"enemies":"Book of Stabbing","floor":25,"turns":6},{"damage":36,"enemies":"Cultist and Chosen","floor":27,"turns":7},{"damage":0,"enemies":"Snake Plant","floor":28,"turns":4},{"damage":8,"enemies":"Snecko","floor":30,"turns":5},{"damage":14,"enemies":"Gremlin Leader","floor":31,"turns":7},{"damage":58,"enemies":"Collector","floor":33,"turns":11},{"damage":0,"enemies":"3 Shapes","floor":35,"turns":6},{"damage":12,"enemies":"2 Orb Walkers","floor":38,"turns":6},{"damage":0,"enemies":"3 Darklings","floor":39,"turns":7},{"damage":66,"enemies":"Reptomancer","floor":40,"turns":2}],"seed_played":"-7391212311145944513","potions_obtained":[{"floor":4,"key":"Explosive Potion"},{"floor":10,"key":"Weak Potion"},{"floor":16,"key":"Block Potion"}],"is_trial":false,"path_per_floor":["M","M","?","M","?","E","R","M","T","E","R","E","?","?","R","B",null,"M","?","M","?","$","R","M","E","T","M","M","R","M","E","R","B",null,"M","$","?","?","M","E"],"character_chosen":"DEFECT","items_purchased":["Echo Form","Fusion","Omamori"],"campfire_rested":0,"item_purchase_floors":[22,22,36],"current_hp_per_floor":[46,39,39,37,19,23,23,31,31,32,32,34,34,34,34,23,59,58,49,49,49,49,49,34,36,36,24,36,36,38,46,46,34,45,49,49,49,49,49,0],"gold":159,"neow_bonus":"ONE_RARE_RELIC","is_prod":false,"is_daily":false,"chose_seed":false,"campfire_upgraded":6,"win_rate":0,"timestamp":1566850178,"path_taken":["M","M","?","M","?","E","R","M","T","E","R","E","?","?","R","BOSS","M","?","M","?","$","R","M","E","T","M","?","R","?","E","R","BOSS","M","?","?","?","?","E"],"build_version":"2019-07-17","purchased_purges":1,"victory":false,"max_hp_per_floor":[71,71,71,71,71,71,71,71,71,71,71,71,71,71,71,71,71,71,49,49,49,49,49,49,49,49,49,49,49,49,49,49,49,49,49,49,49,49,49,49],"card_choices":[{"not_picked":["Turbo","Steam Power"],"picked":"Ball Lightning","floor":1},{"not_picked":["Leap","Chaos"],"picked":"Compile Driver","floor":2},{"not_picked":["Auto Shields","Blizzard"],"picked":"Barrage","floor":4},{"not_picked":["Coolheaded","Barrage"],"picked":"Scrape","floor":6},{"not_picked":["Ball Lightning","Stack"],"picked":"Reinforced Body","floor":8},{"not_picked":["Heatsinks","BootSequence"],"picked":"Double Energy","floor":10},{"not_picked":["Turbo","Double Energy"],"picked":"Stack","floor":12},{"not_picked":["Buffer","Creative AI"],"picked":"Fission","floor":16},{"not_picked":["Redo","Compile Driver"],"picked":"Coolheaded+1","floor":18},{"not_picked":["Streamline","Redo","Ball Lightning"],"picked":"SKIP","floor":20},{"not_picked":["Self Repair+1","Barrage+1"],"picked":"Defragment+1","floor":24},{"not_picked":["Aggregate","Compile Driver"],"picked":"Undo","floor":25},{"not_picked":["Scrape","Gash"],"picked":"Coolheaded","floor":27},{"not_picked":["Hologram","Beam Cell","Gash"],"picked":"SKIP","floor":28},{"not_picked":["Steam","Conserve Battery","Streamline"],"picked":"SKIP","floor":30},{"not_picked":["Streamline","Chill"],"picked":"Meteor Strike","floor":31},{"not_picked":["Buffer","Meteor Strike"],"picked":"Echo Form","floor":33},{"not_picked":["Leap","Compile Driver"],"picked":"Stack+1","floor":35},{"not_picked":["Conserve Battery","Leap"],"picked":"Go for the Eyes+1","floor":38},{"not_picked":["Aggregate","Hologram"],"picked":"Buffer","floor":39}],"player_experience":1862281,"relics_obtained":[{"floor":6,"key":"Ice Cream"},{"floor":9,"key":"Torii"},{"floor":10,"key":"Cables"},{"floor":12,"key":"Anchor"},{"floor":25,"key":"Art of War"},{"floor":26,"key":"Ornamental Fan"},{"floor":31,"key":"Shuriken"},{"floor":38,"key":"Ginger"}],"event_choices":[{"damage_healed":0,"gold_gain":0,"player_choice":"Ignored","damage_taken":0,"max_hp_gain":0,"max_hp_loss":0,"event_name":"Shining Light","floor":3,"gold_loss":0},{"damage_healed":0,"gold_gain":0,"player_choice":"Success","damage_taken":18,"relics_obtained":["Meat on the Bone"],"max_hp_gain":0,"max_hp_loss":0,"event_name":"Scrap Ooze","floor":5,"gold_loss":0},{"damage_healed":0,"gold_gain":0,"player_choice":"Ignored","damage_taken":0,"max_hp_gain":0,"max_hp_loss":0,"event_name":"Golden Wing","floor":13,"gold_loss":0},{"damage_healed":0,"gold_gain":0,"player_choice":"Grow","damage_taken":0,"max_hp_gain":0,"max_hp_loss":0,"event_name":"Living Wall","floor":14,"gold_loss":0,"cards_upgraded":["Barrage"]},{"damage_healed":0,"gold_gain":0,"player_choice":"Became a vampire","damage_taken":0,"max_hp_gain":0,"max_hp_loss":22,"event_name":"Vampires","floor":19,"gold_loss":0,"cards_obtained":["Bite","Bite","Bite","Bite","Bite"]},{"damage_healed":0,"gold_gain":0,"player_choice":"Cursed","damage_taken":0,"max_hp_gain":0,"max_hp_loss":0,"event_name":"Wheel of Change","floor":21,"gold_loss":0,"cards_obtained":["Decay"]},{"cards_removed":["Compile Driver"],"damage_healed":0,"gold_gain":0,"player_choice":"Removed Attack","damage_taken":0,"max_hp_gain":0,"max_hp_loss":0,"event_name":"Falling","floor":37,"gold_loss":0},{"damage_healed":0,"gold_gain":0,"player_choice":"Fight","damage_taken":0,"max_hp_gain":0,"max_hp_loss":0,"event_name":"Mysterious Sphere","floor":38,"gold_loss":0}],"is_beta":false,"boss_relics":[{"not_picked":["Astrolabe","Velvet Choker"],"picked":"Sozu"},{"not_picked":["Runic Pyramid","Lizard Tail"],"picked":"Inserter"}],"items_purged_floors":[22],"is_endless":false,"potions_floor_spawned":[4,10,16,27,30,31,38],"killed_by":"Reptomancer","ascension_level":20}