{"path_per_floor":["M","M","?","?","M","E","R","M","T","R","M","R","M","?","R","B",null,"M","M","M","M","$","R","?","R","T","E","R","M","$","M","R"],"character_chosen":"IRONCLAD","items_purchased":["Toolbox","Inflame","Whirlwind"],"gold_per_floor":[111,121,121,121,140,168,168,186,186,186,199,199,211,211,211,310,310,322,334,350,366,124,124,124,124,150,180,180,200,56,70,70,70],"floor_reached":33,"campfire_rested":4,"playtime":2174,"current_hp_per_floor":[73,73,57,57,57,54,54,48,48,72,72,72,64,64,64,23,80,78,67,49,43,43,67,52,52,52,46,71,70,70,41,66,0],"items_purged":[],"gold":70,"score":323,"play_id":"2a62f810-35f0-4614-a595-142927deaa7d","local_time":"20180327234002","is_prod":false,"is_daily":false,"is_ascension_mode":true,"campfire_upgraded":4,"timestamp":1522208402,"path_taken":["M","M","?","?","M","E","R","M","T","R","M","R","?","?","R","BOSS","M","M","?","M","$","R","?","R","T","E","R","?","$","M","R","BOSS"],"build_version":"2018-03-22v2","purchased_purges":0,"victory":false,"master_deck":["Disarm","Iron Wave+1","Iron Wave","Pommel Strike","Anger+1","Reckless Charge","Pommel Strike+1","Sword Boomerang","Uppercut","Clash","Iron Wave+1","Regret","Rage+1","True Grit","Flame Barrier","Intimidate","Corruption","Clash","Double Tap+1","Dual Wield+1","Havoc","Burning Pact","Entrench","Bloodletting","Inflame","Whirlwind"],"max_hp_per_floor":[80,80,80,80,80,80,80,80,80,80,80,80,80,80,80,80,80,80,80,80,80,80,80,85,85,85,85,85,85,85,85,85,85],"relics":["Pandora\u0027s Box","Bag of Marbles","Ginger","Art of War","Sozu","Toolbox","Blood Vial","Omamori"],"card_choices":[{"not_picked":["Uppercut","Rupture"],"picked":"Clash","floor":1},{"not_picked":["Armaments","Twin Strike"],"picked":"Iron Wave","floor":2},{"not_picked":["Sword Boomerang","Sentinel"],"picked":"Rage","floor":5},{"not_picked":["Twin Strike","Anger"],"picked":"True Grit","floor":6},{"not_picked":["Twin Strike","Reckless Charge"],"picked":"Flame Barrier","floor":8},{"not_picked":["Anger","Twin Strike"],"picked":"Intimidate","floor":11},{"not_picked":["Sword Boomerang","Heavy Blade"],"picked":"Corruption","floor":13},{"not_picked":["Brutality","Immolate"],"picked":"Double Tap","floor":16},{"not_picked":["Corruption","Havoc"],"picked":"Dual Wield","floor":18},{"not_picked":["Battle Trance","Metallicize"],"picked":"Havoc","floor":19},{"not_picked":["Pummel","Dual Wield"],"picked":"Burning Pact","floor":20},{"not_picked":["Pummel","Headbutt"],"picked":"Entrench","floor":27},{"not_picked":["Havoc","Power Through"],"picked":"Bloodletting","floor":29}],"player_experience":136493,"potions_floor_usage":[6,16,16,16],"damage_taken":[{"damage":7,"enemies":"Jaw Worm","floor":1,"turns":2},{"damage":0,"enemies":"2 Louse","floor":2,"turns":2},{"damage":0,"enemies":"Cultist","floor":5,"turns":2},{"damage":3,"enemies":"Gremlin Nob","floor":6,"turns":3},{"damage":6,"enemies":"Exordium Thugs","floor":8,"turns":3},{"damage":0,"enemies":"3 Louse","floor":11,"turns":3},{"damage":8,"enemies":"Gremlin Gang","floor":13,"turns":3},{"damage":56,"enemies":"The Guardian","floor":16,"turns":14},{"damage":2,"enemies":"3 Byrds","floor":18,"turns":4},{"damage":11,"enemies":"2 Thieves","floor":19,"turns":3},{"damage":18,"enemies":"Snake Plant","floor":20,"turns":3},{"damage":6,"enemies":"Centurion and Healer","floor":21,"turns":7},{"damage":8,"enemies":"Book of Stabbing","floor":27,"turns":4},{"damage":3,"enemies":"3 Cultists","floor":29,"turns":6},{"damage":31,"enemies":"Snake Plant","floor":31,"turns":4},{"damage":75,"enemies":"Champ","floor":33,"turns":9}],"event_choices":[{"event_name":"Shining Light","player_choice":"Entered Light","floor":3,"damage_taken":0},{"event_name":"Big Fish","player_choice":"Box","floor":4,"damage_taken":0},{"event_name":"Living Wall","player_choice":"Change","floor":14,"damage_taken":0},{"event_name":"Forgotten Altar","player_choice":"Shed Blood","floor":24,"damage_taken":0}],"boss_relics":[{"not_picked":["Runic Dome","Question Card"],"picked":"Sozu"}],"potions_floor_spawned":[1,5,11,13,18,21,27,31],"seed_played":"-3168416600031025778","killed_by":"Champ","ascension_level":2,"is_trial":false}