{"gold_per_floor":[112,127,140,140,140,63,77,77,155,182,194,276,309,344,356,489,501,527,555,581,334,352,352],"floor_reached":23,"playtime":1818,"items_purged":[],"score":195,"play_id":"2f82ef44-69ed-4627-b408-ec518a967f19","local_time":"20190719170348","is_ascension_mode":false,"campfire_choices":[{"data":"Shrug It Off","floor":8,"key":"SMITH"},{"floor":15,"key":"REST"}],"neow_cost":"NONE","seed_source_timestamp":767997342780866,"circlet_count":0,"master_deck":["Strike_R","Strike_R+1","Strike_R+1","Strike_R","Defend_R","Defend_R","Defend_R","Defend_R","Bash","Sever Soul","Clash","Clothesline","Flex","Inflame","Shrug It Off+1","Warcry","Spot Weakness","Twin Strike","Double Tap","Clash+1","Clash+1","Armaments"],"relics":["Burning Blood","Letter Opener","MawBank","Golden Idol","Question Card","Black Star","Medical Kit"],"potions_floor_usage":[10,13,20,22,22],"damage_taken":[{"damage":1,"enemies":"Jaw Worm","floor":1,"turns":3},{"damage":2,"enemies":"Small Slimes","floor":2,"turns":3},{"damage":0,"enemies":"2 Louse","floor":3,"turns":2},{"damage":8,"enemies":"Large Slime","floor":7,"turns":5},{"damage":11,"enemies":"Gremlin Nob","floor":10,"turns":4},{"damage":6,"enemies":"2 Fungi Beasts","floor":13,"turns":3},{"damage":10,"enemies":"Looter","floor":14,"turns":2},{"damage":41,"enemies":"The Guardian","floor":16,"turns":9},{"damage":21,"enemies":"Shell Parasite","floor":18,"turns":5},{"damage":5,"enemies":"Chosen","floor":19,"turns":4},{"damage":39,"enemies":"Snecko","floor":20,"turns":6},{"damage":8,"enemies":"3 Cultists","floor":22,"turns":5},{"damage":37,"enemies":"Slavers","floor":23,"turns":2}],"seed_played":"3427821349437166015","potions_obtained":[{"floor":2,"key":"Dexterity Potion"},{"floor":7,"key":"Strength Potion"},{"floor":13,"key":"Fire Potion"},{"floor":19,"key":"Dexterity Potion"}],"is_trial":false,"path_per_floor":["M","M","M","?","?","$","M","R","T","E","?","T","M","M","R","B",null,"M","M","M","$","M","E"],"character_chosen":"IRONCLAD","items_purchased":["Inflame","Medical Kit","Block Potion"],"campfire_rested":1,"item_purchase_floors":[6,21,21],"current_hp_per_floor":[80,80,80,64,69,69,67,67,67,62,41,41,41,37,62,27,85,70,71,38,38,36,0],"gold":352,"neow_bonus":"TRANSFORM_CARD","is_prod":false,"is_daily":false,"chose_seed":false,"campfire_upgraded":1,"win_rate":0,"timestamp":1563552228,"path_taken":["M","M","M","?","?","$","M","R","T","E","?","?","M","M","R","BOSS","M","M","M","$","M","E"],"build_version":"2019-07-17","purchased_purges":0,"victory":false,"max_hp_per_floor":[80,80,80,80,85,85,85,85,85,85,85,85,85,85,85,85,85,85,85,85,85,85,85],"card_choices":[{"not_picked":["Pummel","True Grit"],"picked":"Clash","floor":1},{"not_picked":["True Grit","Battle Trance"],"picked":"Clothesline","floor":2},{"not_picked":["Hemokinesis","Thunderclap"],"picked":"Flex","floor":3},{"not_picked":["Cleave","Sword Boomerang"],"picked":"Shrug It Off","floor":7},{"not_picked":["Perfected Strike","Anger"],"picked":"Warcry","floor":10},{"not_picked":["Thunderclap","Warcry","Cleave"],"picked":"Spot Weakness","floor":13},{"not_picked":["Thunderclap","Pummel","Whirlwind"],"picked":"Twin Strike","floor":14},{"not_picked":["Bludgeon","Juggernaut","Barricade"],"picked":"Double Tap","floor":16},{"not_picked":["Whirlwind+1","Warcry+1","Iron Wave"],"picked":"Clash+1","floor":18},{"not_picked":["Clothesline","Perfected Strike+1","Flex"],"picked":"Clash+1","floor":19},{"not_picked":["Heavy Blade+1","Combust","Whirlwind+1"],"picked":"Armaments","floor":20},{"not_picked":["Reckless Charge","Brutality","Pommel Strike","Heavy Blade"],"picked":"SKIP","floor":22}],"player_experience":50111,"relics_obtained":[{"floor":9,"key":"Letter Opener"},{"floor":10,"key":"MawBank"},{"floor":12,"key":"Question Card"}],"event_choices":[{"damage_healed":0,"gold_gain":0,"player_choice":"Entered Light","damage_taken":16,"max_hp_gain":0,"max_hp_loss":0,"event_name":"Shining Light","floor":4,"gold_loss":0,"cards_upgraded":["Strike_R","Strike_R"]},{"damage_healed":0,"gold_gain":0,"player_choice":"Donut","damage_taken":0,"max_hp_gain":5,"max_hp_loss":0,"event_name":"Big Fish","floor":5,"gold_loss":0},{"damage_healed":0,"gold_gain":0,"player_choice":"Take Damage","damage_taken":21,"relics_obtained":["Golden Idol"],"max_hp_gain":0,"max_hp_loss":0,"event_name":"Golden Idol","floor":11,"gold_loss":0}],"is_beta":false,"boss_relics":[{"not_picked":["Calling Bell","Tiny House"],"picked":"Black Star"}],"items_purged_floors":[],"is_endless":false,"potions_floor_spawned":[2,7,13,19],"killed_by":"Slavers","ascension_level":0}