{"gold_per_floor":[113,126,144,223,28,28,54,72,72,72,104,120,137,137,137,210,210,229,229,154,174,191,191,208,243,243,305,305,355,355,355,355,432,432,447,460,470,570,570,603,615,647,697,697,697,245,276,276,276,276,276,276,18,49,49],"floor_reached":55,"playtime":3742,"items_purged":["Strike_B+1"],"score":1418,"play_id":"7529ac57-5ebf-4ff2-85c3-c84e744807fa","local_time":"20190726162757","is_ascension_mode":true,"campfire_choices":[{"data":"Zap","floor":6.0,"key":"SMITH"},{"data":"Fusion","floor":10.0,"key":"SMITH"},{"data":"Loop","floor":15.0,"key":"SMITH"},{"data":"Defragment","floor":23.0,"key":"SMITH"},{"data":"Genetic Algorithm","floor":28.0,"key":"SMITH"},{"data":"Tempest","floor":30.0,"key":"SMITH"},{"floor":32.0,"key":"REST"},{"floor":44,"key":"REST"},{"floor":49,"key":"RECALL"},{"data":"Storm","floor":52,"key":"SMITH"}],"neow_cost":"NONE","seed_source_timestamp":0,"circlet_count":0,"master_deck":["AscendersBane","Strike_B+1","Strike_B+1","Defend_B+1","Defend_B+1","Defend_B+1","Defend_B+1","Zap+1","Dualcast","Loop+1","Sweeping Beam","Tempest+1","Fusion+1","Auto Shields","Meteor Strike+1","Defragment+1","Sunder+1","Genetic Algorithm+1","Rainbow","Storm+1","Meteor Strike+1","Machine Learning","Enlightenment","Lockon"],"special_seed":0,"relics":["Cracked Core","Juzu Bracelet","Singing Bowl","Happy Flower","Orichalcum","Pantograph","Bag of Preparation","Snecko Eye","Whetstone","Tiny Chest","Nuclear Battery","Bird Faced Urn","Pocketwatch","Letter Opener","Lantern","Chemical X","The Courier","Pen Nib","Ornamental Fan"],"potions_floor_usage":[38,42,42,47,54,55,55],"damage_taken":[{"damage":1.0,"enemies":"Cultist","floor":1.0,"turns":3.0},{"damage":3.0,"enemies":"2 Louse","floor":2.0,"turns":3.0},{"damage":0.0,"enemies":"Small Slimes","floor":3.0,"turns":2.0},{"damage":25.0,"enemies":"Lagavulin","floor":7.0,"turns":5.0},{"damage":8.0,"enemies":"Red Slaver","floor":8.0,"turns":3.0},{"damage":19.0,"enemies":"3 Sentries","floor":11.0,"turns":4.0},{"damage":0.0,"enemies":"3 Louse","floor":12.0,"turns":2.0},{"damage":7.0,"enemies":"Blue Slaver","floor":13.0,"turns":2.0},{"damage":10.0,"enemies":"Hexaghost","floor":16.0,"turns":8.0},{"damage":0.0,"enemies":"Shell Parasite","floor":18.0,"turns":1.0},{"damage":0.0,"enemies":"Chosen","floor":21.0,"turns":2.0},{"damage":0.0,"enemies":"3 Cultists","floor":22.0,"turns":4.0},{"damage":15.0,"enemies":"Shelled Parasite and Fungi","floor":24.0,"turns":3.0},{"damage":4.0,"enemies":"Slavers","floor":25.0,"turns":3.0},{"damage":15.0,"enemies":"Book of Stabbing","floor":27.0,"turns":3.0},{"damage":50.0,"enemies":"Automaton","floor":33.0,"turns":8.0},{"damage":1.0,"enemies":"3 Shapes","floor":35.0,"turns":3.0},{"damage":8,"enemies":"Orb Walker","floor":36,"turns":2},{"damage":22,"enemies":"Writhing Mass","floor":37,"turns":4},{"damage":0,"enemies":"Mind Bloom Boss Battle","floor":38,"turns":4},{"damage":45,"enemies":"Nemesis","floor":40,"turns":5},{"damage":13,"enemies":"Maw","floor":41,"turns":4},{"damage":9,"enemies":"Reptomancer","floor":42,"turns":3},{"damage":5,"enemies":"Giant Head","floor":47,"turns":6},{"damage":53,"enemies":"Donu and Deca","floor":50,"turns":7},{"damage":49,"enemies":"Shield and Spear","floor":54,"turns":6},{"damage":78,"enemies":"The Heart","floor":55,"turns":3}],"seed_played":"4553002561617809453","potions_obtained":[{"floor":8.0,"key":"FairyPotion"},{"floor":11.0,"key":"Ancient Potion"},{"floor":13.0,"key":"Strength Potion"},{"floor":16.0,"key":"GamblersBrew"},{"floor":21.0,"key":"LiquidBronze"},{"floor":24.0,"key":"AttackPotion"},{"floor":25.0,"key":"Fire Potion"},{"floor":27.0,"key":"Weak Potion"},{"floor":36,"key":"Fire Potion"},{"floor":40,"key":"Explosive Potion"},{"floor":41,"key":"Fire Potion"},{"floor":42,"key":"Strength Potion"},{"floor":54,"key":"AttackPotion"}],"is_trial":false,"path_per_floor":["M","M","M","T","$","R","E","M","T","R","E","M","M","?","R","B",null,"M","?","?","M","M","R","M","E","T","E","R","?","R","?","R","B",null,"M","M","M","?","?","E","M","E","T","R","?","$","E","?","R","B",null,"R","$","E","B"],"character_chosen":"DEFECT","items_purchased":["Happy Flower","Tempest","Chemical X","Machine Learning","SkillPotion","Pen Nib","FocusPotion"],"campfire_rested":2,"item_purchase_floors":[5,5,46,46,46,53,53],"current_hp_per_floor":[63,60,60,60,60,60,37,29,29,29,10,12,7,7,7,22,63,65,65,65,65,65,65,50,48,48,35,35,27,27,3,29,4,67,68,60,40,67,67,30,25,24,24,54,54,54,59,59,59,39,86,86,86,45,0],"gold":49,"neow_bonus":"RANDOM_COMMON_RELIC","is_prod":false,"is_daily":false,"chose_seed":false,"campfire_upgraded":7,"win_rate":0,"timestamp":1564172877,"path_taken":["M","M","M","?","?","R","E","M","T","R","E","M","M","?","R","BOSS","M","?","?","M","M","R","M","E","T","E","R","?","R","?","R","BOSS","M","M","M","?","?","E","M","E","T","R","?","$","E","?","R","BOSS","R","$","E","BOSS"],"build_version":"2019-07-17","purchased_purges":1,"victory":false,"max_hp_per_floor":[71,71,71,71,71,71,73,73,73,73,73,75,77,77,77,77,77,79,79,79,79,79,79,79,81,81,83,83,83,83,88,88,88,88,90,90,92,94,94,96,98,100,100,100,100,100,102,102,102,102,102,102,102,102,102],"card_choices":[{"not_picked":["Go for the Eyes","Compile Driver"],"picked":"Loop","floor":1.0},{"not_picked":["Rebound","Rip and Tear"],"picked":"Ball Lightning","floor":2.0},{"not_picked":["Hologram","Consume"],"picked":"Sweeping Beam","floor":3.0},{"not_picked":["Static Discharge","Ball Lightning","Sunder"],"picked":"Singing Bowl","floor":7.0},{"not_picked":["Redo","Storm"],"picked":"Fusion","floor":8.0},{"not_picked":["Sweeping Beam","Hologram"],"picked":"Auto Shields","floor":11.0},{"not_picked":["Storm","Reinforced Body","Streamline"],"picked":"Singing Bowl","floor":12.0},{"not_picked":["BootSequence","Capacitor","Reprogram"],"picked":"Singing Bowl","floor":13.0},{"not_picked":["Thunder Strike","Core Surge"],"picked":"Meteor Strike","floor":16.0},{"not_picked":["Streamline","Scrape","Leap+1"],"picked":"Singing Bowl","floor":18.0},{"not_picked":["Streamline","Rebound"],"picked":"Defragment","floor":21.0},{"not_picked":["Turbo+1","Rebound"],"picked":"Sunder","floor":22.0},{"not_picked":["Sweeping Beam","Turbo"],"picked":"Genetic Algorithm","floor":24.0},{"not_picked":["Undo","Loop","Aggregate+1"],"picked":"Singing Bowl","floor":25.0},{"not_picked":["Tempest","Streamline","Scrape"],"picked":"Singing Bowl","floor":27.0},{"not_picked":["Core Surge","Seek"],"picked":"Rainbow","floor":33.0},{"not_picked":["Sweeping Beam","Gash","Ball Lightning"],"picked":"Singing Bowl","floor":35.0},{"not_picked":["Leap+1","Beam Cell"],"picked":"Storm","floor":36},{"not_picked":["Scrape","Aggregate","Compile Driver"],"picked":"Singing Bowl","floor":37},{"not_picked":["FTL+1","Redo","Conserve Battery"],"picked":"Singing Bowl","floor":38},{"not_picked":["Barrage","Rebound","Go for the Eyes"],"picked":"Singing Bowl","floor":40},{"not_picked":["Hologram","Leap","Go for the Eyes"],"picked":"Singing Bowl","floor":41},{"not_picked":["Ball Lightning","Fusion","White Noise"],"picked":"Singing Bowl","floor":42},{"not_picked":["Biased Cognition","Chill","Sweeping Beam"],"picked":"Singing Bowl","floor":47},{"not_picked":["Good Instincts","Purity"],"picked":"Enlightenment","floor":48},{"not_picked":["Ball Lightning","Steam"],"picked":"Lockon","floor":54}],"player_experience":1626916,"relics_obtained":[{"floor":4.0,"key":"Singing Bowl"},{"floor":7.0,"key":"Orichalcum"},{"floor":9.0,"key":"Pantograph"},{"floor":11.0,"key":"Bag of Preparation"},{"floor":25.0,"key":"Whetstone"},{"floor":27.0,"key":"Tiny Chest"},{"floor":38,"key":"Bird Faced Urn"},{"floor":40,"key":"Pocketwatch"},{"floor":42,"key":"Letter Opener"},{"floor":43,"key":"Lantern"},{"floor":47,"key":"The Courier"},{"floor":54,"key":"Ornamental Fan"}],"event_choices":[{"damage_healed":0.0,"max_hp_gain":0.0,"max_hp_loss":0.0,"gold_gain":0.0,"event_name":"Liars Game","player_choice":"Ignored","floor":14.0,"gold_loss":0.0,"damage_taken":0.0},{"damage_healed":0.0,"max_hp_gain":0.0,"max_hp_loss":0.0,"gold_gain":0.0,"event_name":"Back to Basics","player_choice":"Simplicity","floor":19.0,"gold_loss":0.0,"damage_taken":0.0,"cards_upgraded":["Strike_B","Strike_B","Strike_B","Strike_B","Defend_B","Defend_B","Defend_B","Defend_B"]},{"cards_removed":["Strike_B"],"damage_healed":0.0,"max_hp_gain":0.0,"max_hp_loss":0.0,"gold_gain":0.0,"event_name":"Beggar","player_choice":"Gave Gold","floor":20.0,"gold_loss":75.0,"damage_taken":0.0},{"damage_healed":0.0,"max_hp_gain":0.0,"max_hp_loss":0.0,"gold_gain":50.0,"event_name":"FaceTrader","player_choice":"Touch","floor":29.0,"gold_loss":0.0,"damage_taken":8.0},{"damage_healed":0.0,"max_hp_gain":5.0,"max_hp_loss":0.0,"gold_gain":0.0,"event_name":"Forgotten Altar","player_choice":"Shed Blood","floor":31.0,"gold_loss":0.0,"damage_taken":29.0},{"damage_healed":0,"gold_gain":0,"player_choice":"Fight","damage_taken":0,"max_hp_gain":0,"max_hp_loss":0,"event_name":"MindBloom","floor":38,"gold_loss":0},{"damage_healed":0,"gold_gain":0,"player_choice":"Copied","damage_taken":0,"max_hp_gain":0,"max_hp_loss":0,"event_name":"Duplicator","floor":39,"gold_loss":0,"cards_obtained":["Meteor Strike"]},{"cards_removed":["Ball Lightning"],"damage_healed":0,"gold_gain":0,"player_choice":"Removed Attack","damage_taken":0,"max_hp_gain":0,"max_hp_loss":0,"event_name":"Falling","floor":45,"gold_loss":0},{"damage_healed":0,"gold_gain":0,"player_choice":"Memory 1","damage_taken":0,"max_hp_gain":0,"max_hp_loss":0,"event_name":"SensoryStone","floor":48,"gold_loss":0}],"is_beta":false,"boss_relics":[{"not_picked":["Cursed Key","Sozu"],"picked":"Snecko Eye"},{"not_picked":["Busted Crown","Astrolabe"],"picked":"Nuclear Battery"}],"items_purged_floors":[53],"is_endless":false,"potions_floor_spawned":[8,11,13,16,21,24,25,27,36,40,41,42,54],"killed_by":"The Heart","ascension_level":17}