{"gold_per_floor":[114,114,133,145,163,163,191,209,209,221,221,221,221,239,239,239],"floor_reached":16,"playtime":656,"items_purged":[],"score":156,"play_id":"ac8e2f33-1d56-4227-936b-5e7512741344","local_time":"20190607211657","is_ascension_mode":true,"campfire_choices":[{"data":"Dagger Spray","floor":6,"key":"SMITH"},{"floor":13,"key":"REST"},{"data":"Deadly Poison","floor":15,"key":"SMITH"}],"neow_cost":"NONE","seed_source_timestamp":1495977959194,"circlet_count":0,"master_deck":["AscendersBane","Defend_G","Defend_G","Defend_G","Defend_G","Defend_G","Strike_G","Strike_G","Strike_G","Strike_G","Strike_G","Survivor","Neutralize","Dagger Spray+1","Deadly Poison+1","Deflect","PiercingWail","Predator","Backstab","Injury","Leg Sweep"],"relics":["Ring of the Snake","Boot","Art of War","Darkstone Periapt","Golden Idol","Letter Opener"],"potions_floor_usage":[7,16],"damage_taken":[{"damage":5,"enemies":"Cultist","floor":1,"turns":5},{"damage":1,"enemies":"Jaw Worm","floor":3,"turns":4},{"damage":0,"enemies":"Small Slimes","floor":4,"turns":2},{"damage":2,"enemies":"2 Fungi Beasts","floor":5,"turns":3},{"damage":23,"enemies":"3 Sentries","floor":7,"turns":8},{"damage":4,"enemies":"3 Louse","floor":8,"turns":2},{"damage":0,"enemies":"Large Slime","floor":10,"turns":5},{"damage":0,"enemies":"Gremlin Gang","floor":14,"turns":3},{"damage":59,"enemies":"Hexaghost","floor":16,"turns":16}],"seed_played":"-316751197468230348","potions_obtained":[{"floor":1,"key":"GamblersBrew"},{"floor":10,"key":"Dexterity Potion"}],"is_trial":false,"path_per_floor":["M","?","M","M","M","R","E","M","T","M","?","T","R","M","R","B"],"character_chosen":"THE_SILENT","items_purchased":[],"campfire_rested":1,"item_purchase_floors":[],"current_hp_per_floor":[58,58,57,57,55,55,32,28,28,28,34,34,56,56,56,0],"gold":239,"neow_bonus":"RANDOM_COMMON_RELIC","is_prod":false,"is_daily":false,"chose_seed":false,"campfire_upgraded":2,"win_rate":0,"timestamp":1559906217,"path_taken":["M","?","M","M","M","R","E","M","T","?","?","?","R","?","R","BOSS"],"build_version":"2019-01-23","purchased_purges":0,"victory":false,"max_hp_per_floor":[70,70,70,70,70,70,70,70,70,70,76,76,76,76,76,76],"card_choices":[{"not_picked":["All Out Attack","Slice"],"picked":"Dagger Spray","floor":1},{"not_picked":["Bane","Skewer","Slice"],"picked":"SKIP","floor":3},{"not_picked":["Backstab","Slice"],"picked":"Deadly Poison","floor":4},{"not_picked":["Skewer","Concentrate"],"picked":"Deflect","floor":5},{"not_picked":["Underhanded Strike","Slice"],"picked":"PiercingWail","floor":7},{"not_picked":["Tactician","Dodge and Roll"],"picked":"Predator","floor":8},{"not_picked":["Reflex","Catalyst"],"picked":"Backstab","floor":10},{"not_picked":["Masterful Stab","Storm of Steel"],"picked":"Leg Sweep","floor":14}],"player_experience":829165,"relics_obtained":[{"floor":7,"key":"Art of War"},{"floor":9,"key":"Darkstone Periapt"},{"floor":12,"key":"Letter Opener"}],"event_choices":[{"damage_healed":0,"gold_gain":0,"player_choice":"Bought 0 Potions","damage_taken":0,"max_hp_gain":0,"max_hp_loss":0,"event_name":"The Woman in Blue","floor":2,"gold_loss":0},{"damage_healed":0,"gold_gain":0,"player_choice":"Take Wound","damage_taken":0,"relics_obtained":["Golden Idol"],"max_hp_gain":0,"max_hp_loss":0,"event_name":"Golden Idol","floor":11,"gold_loss":0,"cards_obtained":["Injury"]}],"is_beta":false,"boss_relics":[],"items_purged_floors":[],"is_endless":false,"potions_floor_spawned":[1,10],"killed_by":"Hexaghost","ascension_level":10}