{"gold_per_floor":[114,264,264,324,340,372,372,372],"floor_reached":8,"playtime":203,"items_purged":[],"score":112,"play_id":"9914ec0c-8232-41fe-bcb7-d7165d4c84d0","local_time":"20190828180750","is_ascension_mode":true,"campfire_choices":[{"floor":7,"key":"DIG"}],"neow_cost":"NONE","seed_source_timestamp":2774921882114081,"circlet_count":0,"master_deck":["AscendersBane","Strike_B","Strike_B","Strike_B","Strike_B","Defend_B","Defend_B","Defend_B","Defend_B","Zap","Dualcast","Compile Driver","Doubt","Go for the Eyes","Cold Snap","Scrape"],"relics":["Cracked Core","NeowsBlessing","SsserpentHead","Shovel","Dream Catcher"],"potions_floor_usage":[6],"damage_taken":[{"damage":0,"enemies":"2 Louse","floor":1,"turns":1},{"damage":0,"enemies":"Jaw Worm","floor":4,"turns":1},{"damage":0,"enemies":"Cultist","floor":5,"turns":1},{"damage":34,"enemies":"Lagavulin","floor":6,"turns":9},{"damage":31,"enemies":"3 Sentries","floor":8,"turns":6}],"seed_played":"7296523175747871025","potions_obtained":[{"floor":4,"key":"Energy Potion"},{"floor":6,"key":"Strength Potion"}],"is_trial":false,"path_per_floor":["M","?","?","M","M","E","R","E"],"character_chosen":"DEFECT","items_purchased":[],"campfire_rested":0,"item_purchase_floors":[],"current_hp_per_floor":[64,64,64,64,64,30,30,0],"gold":372,"neow_bonus":"THREE_ENEMY_KILL","is_prod":false,"is_daily":false,"chose_seed":false,"campfire_upgraded":0,"win_rate":0,"timestamp":1567030070,"path_taken":["M","?","?","?","M","E","R","E"],"build_version":"2019-07-17","purchased_purges":0,"victory":false,"max_hp_per_floor":[71,71,71,71,71,71,71,71],"card_choices":[{"not_picked":["Rebound","Steam"],"picked":"Compile Driver","floor":1},{"not_picked":["Steam Power","Gash"],"picked":"Go for the Eyes","floor":4},{"not_picked":["Compile Driver","Streamline"],"picked":"Cold Snap","floor":5},{"not_picked":["Steam Power","Double Energy"],"picked":"Scrape","floor":6}],"player_experience":1875551,"relics_obtained":[{"floor":6,"key":"Shovel"},{"floor":7,"key":"Dream Catcher"}],"event_choices":[{"damage_healed":0,"gold_gain":150,"player_choice":"AGREE","damage_taken":0,"max_hp_gain":0,"max_hp_loss":0,"event_name":"Liars Game","floor":2,"gold_loss":0,"cards_obtained":["Doubt"]},{"damage_healed":0,"gold_gain":0,"player_choice":"Trade","damage_taken":0,"relics_obtained":["SsserpentHead"],"max_hp_gain":0,"max_hp_loss":0,"event_name":"FaceTrader","floor":3,"gold_loss":0}],"is_beta":false,"boss_relics":[],"items_purged_floors":[],"is_endless":false,"potions_floor_spawned":[4,6],"killed_by":"3 Sentries","ascension_level":20}