{"gold_per_floor":[111,125,125,150,115,115,136,152,152,152,137],"floor_reached":11,"playtime":282,"items_purged":[],"score":85,"play_id":"5e5d58f0-efec-4f34-9919-754c6cb57aac","local_time":"20190523140443","is_ascension_mode":true,"campfire_choices":[{"data":"Defragment","floor":6,"key":"SMITH"}],"neow_cost":"CURSE","seed_source_timestamp":4496971428461,"circlet_count":0,"master_deck":["Strike_B","Strike_B","Strike_B","Strike_B","Defend_B","Defend_B","Defend_B","Defend_B","Zap","Dualcast","Shame","Thunder Strike","Streamline","Defragment+1","Undo","Redo","Coolheaded"],"relics":["Cracked Core","Golden Idol","Toxic Egg 2","Sundial"],"potions_floor_usage":[11],"damage_taken":[{"damage":13,"enemies":"Small Slimes","floor":1,"turns":3},{"damage":7,"enemies":"Jaw Worm","floor":2,"turns":3},{"damage":1,"enemies":"Cultist","floor":4,"turns":3},{"damage":26,"enemies":"Large Slime","floor":7,"turns":5},{"damage":25,"enemies":"Exordium Wildlife","floor":8,"turns":5},{"damage":15,"enemies":"Exordium Thugs","floor":11,"turns":1}],"seed_played":"5443261495162740524","potions_obtained":[{"floor":1,"key":"FearPotion"},{"floor":7,"key":"EssenceOfSteel"}],"is_trial":false,"path_per_floor":["M","M","?","M","?","R","M","M","T","T","M"],"character_chosen":"DEFECT","items_purchased":[],"campfire_rested":0,"item_purchase_floors":[],"current_hp_per_floor":[55,48,48,47,64,64,38,13,13,13,0],"gold":137,"neow_bonus":"THREE_RARE_CARDS","is_prod":false,"is_daily":false,"chose_seed":false,"campfire_upgraded":1,"win_rate":0,"timestamp":1558584283,"path_taken":["M","M","?","M","?","R","M","M","T","?","?"],"build_version":"2019-01-23","purchased_purges":0,"victory":false,"max_hp_per_floor":[75,75,69,69,69,69,69,69,69,69,69],"card_choices":[{"not_picked":["Machine Learning","All For One"],"picked":"Thunder Strike","floor":0},{"not_picked":["Gash","BootSequence"],"picked":"Streamline","floor":1},{"not_picked":["Rebound","Sweeping Beam"],"picked":"Defragment","floor":2},{"not_picked":["Barrage","Beam Cell"],"picked":"Undo","floor":4},{"not_picked":["Tempest","Compile Driver"],"picked":"Redo","floor":7},{"not_picked":["Steam","Turbo"],"picked":"Coolheaded","floor":8}],"player_experience":708031,"relics_obtained":[{"floor":9,"key":"Toxic Egg 2"},{"floor":10,"key":"Sundial"}],"event_choices":[{"damage_healed":0,"gold_gain":0,"player_choice":"Lose Max HP","damage_taken":0,"relics_obtained":["Golden Idol"],"max_hp_gain":0,"max_hp_loss":6,"event_name":"Golden Idol","floor":3,"gold_loss":0},{"damage_healed":17,"gold_gain":0,"player_choice":"Healed","damage_taken":0,"max_hp_gain":0,"max_hp_loss":0,"event_name":"The Cleric","floor":5,"gold_loss":35}],"is_beta":false,"boss_relics":[],"items_purged_floors":[],"is_endless":false,"potions_floor_spawned":[1,7],"killed_by":"Exordium Thugs","ascension_level":6}