{"gold_per_floor":[118,128,145,320,320,359,359,359],"floor_reached":8,"playtime":218,"items_purged":[],"score":90,"play_id":"cc929ae8-a60b-4f36-81a7-b2f69ca8153b","local_time":"20190702175449","is_ascension_mode":true,"campfire_choices":[{"data":"Neutralize","floor":7,"key":"SMITH"}],"neow_cost":"NONE","seed_source_timestamp":11122803413880,"circlet_count":0,"master_deck":["AscendersBane","Strike_G","Strike_G","Strike_G","Strike_G","Strike_G","Defend_G","Defend_G","Defend_G","Defend_G","Defend_G","Survivor","Neutralize+1","Dagger Spray","Quick Slash","Deadly Poison","Doubt","Unload"],"relics":["Ring of the Snake","NeowsBlessing","Golden Idol","Mango"],"potions_floor_usage":[6],"damage_taken":[{"damage":0,"enemies":"2 Louse","floor":1,"turns":1},{"damage":0,"enemies":"Jaw Worm","floor":2,"turns":1},{"damage":0,"enemies":"Small Slimes","floor":3,"turns":1},{"damage":32,"enemies":"3 Sentries","floor":6,"turns":9},{"damage":56,"enemies":"Gremlin Nob","floor":8,"turns":4}],"seed_played":"-3908417879078523303","potions_obtained":[{"floor":3,"key":"SkillPotion"}],"is_trial":false,"path_per_floor":["M","M","M","?","?","E","R","E"],"character_chosen":"THE_SILENT","items_purchased":[],"campfire_rested":0,"item_purchase_floors":[],"current_hp_per_floor":[63,63,63,63,63,45,45,0],"gold":359,"neow_bonus":"THREE_ENEMY_KILL","is_prod":false,"is_daily":false,"chose_seed":false,"campfire_upgraded":1,"win_rate":0,"timestamp":1562054089,"path_taken":["M","M","M","?","?","E","R","E"],"build_version":"2019-07-01","purchased_purges":0,"victory":false,"max_hp_per_floor":[70,70,70,70,65,79,79,79],"card_choices":[{"not_picked":["Heel Hook","Infinite Blades"],"picked":"Dagger Spray","floor":1},{"not_picked":["Sucker Punch","Bane"],"picked":"Quick Slash","floor":2},{"not_picked":["Infinite Blades","Deflect"],"picked":"Deadly Poison","floor":3},{"not_picked":["Expertise","Concentrate"],"picked":"Unload","floor":6}],"player_experience":895362,"relics_obtained":[{"floor":6,"key":"Mango"}],"event_choices":[{"damage_healed":0,"gold_gain":175,"player_choice":"AGREE","damage_taken":0,"max_hp_gain":0,"max_hp_loss":0,"event_name":"Liars Game","floor":4,"gold_loss":0,"cards_obtained":["Doubt"]},{"damage_healed":0,"gold_gain":0,"player_choice":"Lose Max HP","damage_taken":0,"relics_obtained":["Golden Idol"],"max_hp_gain":0,"max_hp_loss":5,"event_name":"Golden Idol","floor":5,"gold_loss":0}],"is_beta":false,"boss_relics":[],"items_purged_floors":[],"is_endless":false,"potions_floor_spawned":[3],"killed_by":"Gremlin Nob","ascension_level":12}