{"gold_per_floor":[117,128,143,155,171,206,206,239,239,239,37,66,84,84,84,157,157,176,226,241,254,254,254,270,270,270,282,312,312,28,53,53,127,127,145,156,156,106,106],"floor_reached":39,"playtime":2231,"items_purged":["Strike_G","Strike_G"],"score":794,"play_id":"9e41fb1f-5686-4f11-a1a3-69653fc8ea78","local_time":"20181225223735","is_ascension_mode":true,"campfire_choices":[{"data":"Cloak And Dagger","floor":7.0,"key":"SMITH"},{"floor":10.0,"key":"REST"},{"data":"Grand Finale","floor":15.0,"key":"SMITH"},{"floor":23.0,"key":"REST"},{"floor":25.0,"key":"REST"},{"floor":29.0,"key":"REST"},{"floor":32,"key":"REST"}],"neow_cost":"NONE","seed_source_timestamp":12945045262683356,"circlet_count":0,"master_deck":["AscendersBane","Defend_G","Defend_G","Defend_G+1","Defend_G","Defend_G+1","Survivor","Neutralize","Quick Slash","Terror","Dash","Cloak And Dagger+1","Finisher","Flying Knee","Well Laid Plans","Grand Finale+1","Crippling Poison"],"special_seed":0,"relics":["Philosopher\u0027s Stone","Strawberry","Smiling Mask","Art of War","War Paint","Busted Crown","Ninja Scroll","Darkstone Periapt","Sling","Regal Pillow","Empty Cage"],"potions_floor_usage":[31,35,39],"damage_taken":[{"damage":0.0,"enemies":"Cultist","floor":1.0,"turns":5.0},{"damage":2.0,"enemies":"2 Louse","floor":2.0,"turns":3.0},{"damage":0.0,"enemies":"Jaw Worm","floor":3.0,"turns":4.0},{"damage":21.0,"enemies":"Large Slime","floor":4.0,"turns":8.0},{"damage":16.0,"enemies":"3 Louse","floor":5.0,"turns":2.0},{"damage":11.0,"enemies":"Lagavulin","floor":6.0,"turns":6.0},{"damage":9.0,"enemies":"3 Sentries","floor":8.0,"turns":8.0},{"damage":10.0,"enemies":"Gremlin Nob","floor":12.0,"turns":3.0},{"damage":3.0,"enemies":"Exordium Thugs","floor":13.0,"turns":4.0},{"damage":23.0,"enemies":"Slime Boss","floor":16.0,"turns":4.0},{"damage":12.0,"enemies":"Shell Parasite","floor":18.0,"turns":5.0},{"damage":14.0,"enemies":"3 Byrds","floor":20.0,"turns":4.0},{"damage":23.0,"enemies":"Centurion and Healer","floor":21.0,"turns":6.0},{"damage":9.0,"enemies":"Chosen and Byrds","floor":24.0,"turns":7.0},{"damage":21.0,"enemies":"Snake Plant","floor":27.0,"turns":4.0},{"damage":9.0,"enemies":"Book of Stabbing","floor":28.0,"turns":4.0},{"damage":9,"enemies":"Gremlin Leader","floor":31,"turns":7},{"damage":47,"enemies":"Champ","floor":33,"turns":10},{"damage":0,"enemies":"3 Shapes","floor":35,"turns":8},{"damage":6,"enemies":"Orb Walker","floor":36,"turns":4},{"damage":53,"enemies":"Writhing Mass","floor":39,"turns":8}],"seed_played":"2902139432451466530","potions_obtained":[{"floor":2.0,"key":"Regen Potion"},{"floor":4.0,"key":"PowerPotion"},{"floor":12.0,"key":"Dexterity Potion"},{"floor":20.0,"key":"Ancient Potion"},{"floor":21.0,"key":"Weak Potion"},{"floor":27.0,"key":"GamblersBrew"},{"floor":33,"key":"Strength Potion"},{"floor":35,"key":"GamblersBrew"}],"is_trial":false,"path_per_floor":["M","M","M","M","M","E","R","E","T","R","$","E","M","?","R","B",null,"M","?","M","M","?","R","M","R","T","M","E","R","$","E","R","B",null,"M","M","?","$","M"],"character_chosen":"THE_SILENT","items_purchased":["Well Laid Plans","Dexterity Potion","PowerPotion","Sling","Dexterity Potion"],"campfire_rested":5,"item_purchase_floors":[11,11,11,30,30],"current_hp_per_floor":[59,57,57,36,20,31,31,22,22,43,43,33,30,30,30,7,57,45,45,31,8,8,29,20,41,41,20,11,32,32,23,59,12,58,58,52,52,52,0],"gold":106,"neow_bonus":"BOSS_RELIC","is_prod":false,"is_daily":false,"chose_seed":false,"campfire_upgraded":2,"win_rate":0,"timestamp":1545795455,"path_taken":["M","M","M","M","M","E","R","E","T","R","?","E","?","?","R","BOSS","M","?","M","M","?","R","M","R","T","M","E","R","$","E","R","BOSS","M","M","?","$","?"],"build_version":"2018-12-20","purchased_purges":2,"victory":false,"max_hp_per_floor":[66,66,66,66,66,73,73,73,73,73,73,73,73,73,73,73,73,73,73,73,73,73,73,73,73,73,73,73,73,73,73,73,73,73,73,73,73,73,73],"card_choices":[{"not_picked":["Dagger Spray","PiercingWail"],"picked":"Quick Slash","floor":1.0},{"not_picked":["Outmaneuver","Dagger Throw","Prepared"],"picked":"SKIP","floor":2.0},{"not_picked":["Backstab","Acrobatics"],"picked":"Terror","floor":3.0},{"not_picked":["Quick Slash","Dagger Spray"],"picked":"Dash","floor":4.0},{"not_picked":["Flying Knee","Blade Dance"],"picked":"Cloak And Dagger","floor":5.0},{"not_picked":["Bouncing Flask","Endless Agony"],"picked":"Finisher","floor":6.0},{"not_picked":["Backflip","Outmaneuver"],"picked":"Flying Knee","floor":8.0},{"not_picked":["Prepared","Dagger Spray"],"picked":"Grand Finale","floor":12.0},{"not_picked":["Noxious Fumes","Cloak And Dagger"],"picked":"Crippling Poison","floor":13.0},{"not_picked":["Flying Knee"],"picked":"SKIP","floor":18.0},{"not_picked":["Dodge and Roll+1"],"picked":"SKIP","floor":20.0},{"not_picked":["Prepared"],"picked":"SKIP","floor":21.0},{"not_picked":["Dodge and Roll"],"picked":"SKIP","floor":24.0},{"not_picked":["Dash"],"picked":"SKIP","floor":27.0},{"not_picked":["Prepared"],"picked":"SKIP","floor":28.0},{"not_picked":["Skewer"],"picked":"SKIP","floor":31},{"not_picked":["Outmaneuver+1"],"picked":"SKIP","floor":35},{"not_picked":["Outmaneuver+1"],"picked":"SKIP","floor":35},{"not_picked":["Dagger Spray"],"picked":"SKIP","floor":36}],"player_experience":990561,"relics_obtained":[{"floor":6.0,"key":"Strawberry"},{"floor":8.0,"key":"Smiling Mask"},{"floor":9.0,"key":"Art of War"},{"floor":12.0,"key":"War Paint"},{"floor":26.0,"key":"Ninja Scroll"},{"floor":28.0,"key":"Darkstone Periapt"},{"floor":31,"key":"Regal Pillow"}],"event_choices":[{"damage_healed":0.0,"max_hp_gain":0.0,"max_hp_loss":0.0,"gold_gain":0.0,"event_name":"Liars Game","player_choice":"Ignored","floor":14.0,"gold_loss":0.0,"damage_taken":0.0},{"damage_healed":0.0,"max_hp_gain":0.0,"max_hp_loss":0.0,"gold_gain":50.0,"event_name":"Nest","player_choice":"Stole From Cult","floor":19.0,"gold_loss":0.0,"damage_taken":0.0},{"damage_healed":0.0,"max_hp_gain":0.0,"max_hp_loss":0.0,"gold_gain":0.0,"event_name":"Cursed Tome","player_choice":"Ignored","floor":22.0,"gold_loss":0.0,"damage_taken":0.0},{"cards_removed":["Strike_G"],"damage_healed":0,"gold_gain":0,"player_choice":"Purged","damage_taken":0,"max_hp_gain":0,"max_hp_loss":0,"event_name":"Purifier","floor":37,"gold_loss":0}],"is_beta":false,"boss_relics":[{"not_picked":["Lizard Tail","Calling Bell"],"picked":"Busted Crown"},{"not_picked":["HoveringKite","Runic Dome"],"picked":"Empty Cage"}],"items_purged_floors":[11,38],"is_endless":false,"potions_floor_spawned":[2,4,12,20,21,27,33,35],"killed_by":"Writhing Mass","ascension_level":16}