{"gold_per_floor":[109,119,129,146,116,149,149,149],"floor_reached":8,"playtime":624,"items_purged":[],"score":102,"play_id":"348d2b64-5d10-48b1-86bc-1d6c0b1bdebe","local_time":"20181221021008","is_ascension_mode":true,"campfire_choices":[],"neow_cost":"TEN_PERCENT_HP_LOSS","seed_source_timestamp":3080274531619,"circlet_count":0,"master_deck":["AscendersBane","Defend_G","Defend_G","Defend_G","Defend_G","Defend_G","Strike_G","Strike_G","Strike_G","Strike_G","Survivor","Neutralize","Mayhem","Secret Technique","Dagger Spray","Quick Slash","Predator","Phantasmal Killer"],"relics":["Ring of the Snake","Shovel"],"potions_floor_usage":[2,6,8],"damage_taken":[{"damage":3,"enemies":"Cultist","floor":1,"turns":5},{"damage":2,"enemies":"Jaw Worm","floor":2,"turns":4},{"damage":0,"enemies":"2 Louse","floor":3,"turns":2},{"damage":20,"enemies":"Exordium Wildlife","floor":4,"turns":7},{"damage":8,"enemies":"Exordium Thugs","floor":5,"turns":5},{"damage":25,"enemies":"3 Sentries","floor":6,"turns":9},{"damage":3,"enemies":"Gremlin Nob","floor":8,"turns":2}],"seed_played":"-6161601526297726775","potions_obtained":[{"floor":1,"key":"Energy Potion"},{"floor":5,"key":"Block Potion"},{"floor":6,"key":"Weak Potion"}],"is_trial":false,"path_per_floor":["M","M","M","M","M","E","?","E"],"character_chosen":"THE_SILENT","items_purchased":[],"campfire_rested":0,"item_purchase_floors":[],"current_hp_per_floor":[56,54,54,34,26,1,1,0],"gold":149,"neow_bonus":"RANDOM_COLORLESS_2","is_prod":false,"is_daily":false,"chose_seed":false,"campfire_upgraded":0,"win_rate":0,"timestamp":1545376208,"path_taken":["M","?","M","M","M","E","?","E"],"build_version":"2018-12-20","purchased_purges":0,"victory":false,"max_hp_per_floor":[60,60,60,60,60,60,60,60],"card_choices":[{"not_picked":["Quick Slash","Masterful Stab"],"picked":"Dagger Spray","floor":1},{"not_picked":["Cloak And Dagger","Skewer"],"picked":"Quick Slash","floor":2},{"not_picked":["Infinite Blades","Masterful Stab","Blur"],"picked":"SKIP","floor":3},{"not_picked":["Leg Sweep","Flying Knee"],"picked":"Predator","floor":4},{"not_picked":["Well Laid Plans","Deadly Poison"],"picked":"Phantasmal Killer","floor":5},{"not_picked":["Bouncing Flask","Eviscerate","Dagger Throw"],"picked":"SKIP","floor":6}],"player_experience":933947,"relics_obtained":[{"floor":6,"key":"Shovel"}],"event_choices":[{"cards_removed":["Strike_G"],"damage_healed":0,"gold_gain":0,"player_choice":"Purged","damage_taken":0,"max_hp_gain":0,"max_hp_loss":0,"event_name":"Purifier","floor":7,"gold_loss":0}],"is_beta":false,"boss_relics":[],"items_purged_floors":[],"is_endless":false,"potions_floor_spawned":[1,5,6],"killed_by":"Gremlin Nob","ascension_level":14}