{"gold_per_floor":[15,15,34,46,46,46,79,79,79,112,37,47,58,76,76,181,181,196,213,213,138,14,14,345,345,345,345,356,376,395,427,427,527,527,538,557,568,247,247,247,273,273,297,49,49,64,83,100,100,100],"floor_reached":51,"playtime":2558,"items_purged":["Regret","Parasite"],"score":920,"play_id":"a99a4d11-77c5-4d32-b771-946535b3b8e7","local_time":"20190502155143","is_ascension_mode":true,"campfire_choices":[{"data":"Rainbow","floor":6,"key":"SMITH"},{"data":"Zap","floor":8,"key":"SMITH"},{"floor":15,"key":"REST"},{"data":"RitualDagger","floor":23,"key":"SMITH"},{"data":"Redo","floor":25,"key":"SMITH"},{"data":"Go for the Eyes","floor":27,"key":"SMITH"},{"floor":32,"key":"REST"},{"data":"Undo","floor":40,"key":"SMITH"},{"data":"Skim","floor":42,"key":"SMITH"},{"data":"FTL","floor":45,"key":"SMITH"},{"floor":49,"key":"REST"}],"neow_cost":"NO_GOLD","seed_source_timestamp":14519449949504,"circlet_count":0,"master_deck":["Strike_B","Strike_B","Strike_B","Defend_B","Defend_B","Defend_B","Defend_B","Zap+1","Dualcast","Rainbow+1","Redo+1","Conserve Battery","FTL+1","Undo+1","Hologram","Doom and Gloom","Skim+1","BootSequence","Biased Cognition+1","Self Repair+1","Recycle+1","RitualDagger+1","Hello World+1","Go for the Eyes+1","Loop+1","Compile Driver","Hologram","Glacier","Static Discharge+1","Core Surge","Cold Snap+1","Core Surge","Storm+1","Rebound+1","Leap","Sunder+1","Pain","Leap+1","Force Field","White Noise","Blizzard+1"],"relics":["Cracked Core","Frozen Egg 2","Vajra","Sundial","Bag of Preparation","Nuclear Battery","Old Coin","Cables","Meat on the Bone","Orrery","Anchor","WarpedTongs","Oddly Smooth Stone","Smiling Mask","Symbiotic Virus"],"potions_floor_usage":[7,13,16,16,19,31,33,35,37,47,48],"damage_taken":[{"damage":0,"enemies":"Small Slimes","floor":1,"turns":3},{"damage":3,"enemies":"2 Louse","floor":3,"turns":2},{"damage":10,"enemies":"Jaw Worm","floor":4,"turns":4},{"damage":24,"enemies":"3 Sentries","floor":7,"turns":8},{"damage":24,"enemies":"Lagavulin","floor":10,"turns":6},{"damage":0,"enemies":"Large Slime","floor":12,"turns":5},{"damage":0,"enemies":"3 Louse","floor":13,"turns":1},{"damage":0,"enemies":"Looter","floor":14,"turns":3},{"damage":17,"enemies":"Slime Boss","floor":16,"turns":5},{"damage":5,"enemies":"Shell Parasite","floor":18,"turns":3},{"damage":0,"enemies":"3 Byrds","floor":19,"turns":4},{"damage":28,"enemies":"Gremlin Leader","floor":24,"turns":8},{"damage":8,"enemies":"3 Cultists","floor":28,"turns":3},{"damage":8,"enemies":"Shelled Parasite and Fungi","floor":29,"turns":4},{"damage":9,"enemies":"Cultist and Chosen","floor":30,"turns":5},{"damage":21,"enemies":"Slavers","floor":31,"turns":4},{"damage":62,"enemies":"Champ","floor":33,"turns":8},{"damage":12,"enemies":"3 Darklings","floor":35,"turns":4},{"damage":6,"enemies":"Orb Walker","floor":36,"turns":3},{"damage":4,"enemies":"Writhing Mass","floor":37,"turns":6},{"damage":27,"enemies":"Reptomancer","floor":41,"turns":5},{"damage":24,"enemies":"Sphere and 2 Shapes","floor":46,"turns":6},{"damage":26,"enemies":"Transient","floor":47,"turns":5},{"damage":10,"enemies":"Jaw Worm Horde","floor":48,"turns":3},{"damage":27,"enemies":"Time Eater","floor":50,"turns":13}],"seed_played":"761818760781945955","potions_obtained":[{"floor":1,"key":"SpeedPotion"},{"floor":3,"key":"LiquidBronze"},{"floor":4,"key":"SteroidPotion"},{"floor":13,"key":"PowerPotion"},{"floor":16,"key":"Poison Potion"},{"floor":24,"key":"Block Potion"},{"floor":28,"key":"Energy Potion"},{"floor":30,"key":"FairyPotion"},{"floor":33,"key":"Swift Potion"},{"floor":36,"key":"FocusPotion"},{"floor":37,"key":"Swift Potion"}],"is_trial":false,"path_per_floor":["M","?","M","M","?","R","E","R","T","E","$","M","M","M","R","B",null,"M","M","?","?","$","R","E","R","T","R","M","M","M","E","R","B",null,"M","M","M","$","?","R","E","R","T","$","R","M","M","M","R","B",null],"character_chosen":"DEFECT","items_purchased":["Hello World+1","Go for the Eyes","Anchor","GamblersBrew","Symbiotic Virus"],"campfire_rested":3,"item_purchase_floors":[22,22,38,38,44],"current_hp_per_floor":[75,75,72,62,62,62,38,38,38,14,14,14,14,14,36,19,75,70,75,69,69,69,69,51,51,51,51,43,45,46,35,57,29,75,73,67,63,63,63,63,58,58,58,58,58,56,42,44,65,48],"gold":100,"neow_bonus":"THREE_RARE_CARDS","is_prod":false,"is_daily":false,"chose_seed":false,"campfire_upgraded":8,"win_rate":0,"timestamp":1556776303,"path_taken":["M","?","M","M","?","R","E","R","T","E","?","M","M","M","R","BOSS","M","M","?","?","$","R","E","R","T","R","M","M","M","E","R","BOSS","M","M","M","$","?","R","E","R","T","$","R","M","?","M","R","BOSS"],"build_version":"2019-01-23","purchased_purges":2,"victory":true,"max_hp_per_floor":[75,75,75,75,75,75,75,75,75,75,75,75,75,75,75,75,75,75,75,75,75,75,75,75,75,75,75,75,75,75,75,75,75,75,75,75,75,72,72,72,72,72,72,72,72,72,72,72,72,72],"card_choices":[{"not_picked":["Hyperbeam","Creative AI"],"picked":"Rainbow","floor":0},{"not_picked":["Storm","Force Field"],"picked":"Redo","floor":1},{"not_picked":["Streamline","Ball Lightning"],"picked":"Conserve Battery","floor":3},{"not_picked":["Steam Power","Leap"],"picked":"FTL","floor":4},{"not_picked":["Scrape","Chaos"],"picked":"Undo","floor":7},{"not_picked":["Gash","Reinforced Body"],"picked":"Hologram","floor":10},{"not_picked":["Beam Cell","Darkness"],"picked":"Doom and Gloom","floor":12},{"not_picked":["Conserve Battery","Gash"],"picked":"Skim","floor":13},{"not_picked":["Auto Shields","Rebound"],"picked":"BootSequence","floor":14},{"not_picked":["Electrodynamics+1","All For One"],"picked":"Biased Cognition+1","floor":16},{"not_picked":["Streamline","Conserve Battery"],"picked":"Self Repair+1","floor":18},{"not_picked":["Compile Driver","Turbo"],"picked":"Recycle+1","floor":19},{"not_picked":["Conserve Battery+1","Hologram"],"picked":"Loop+1","floor":24},{"not_picked":["Double Energy","Rainbow"],"picked":"Compile Driver","floor":28},{"not_picked":["Reinforced Body","Gash"],"picked":"Hologram","floor":29},{"not_picked":["Turbo","Beam Cell"],"picked":"Glacier","floor":30},{"not_picked":["Storm+1","Leap+1"],"picked":"Static Discharge+1","floor":31},{"not_picked":["Seek","Buffer+1"],"picked":"Core Surge","floor":33},{"not_picked":["Stack","Sweeping Beam"],"picked":"Cold Snap+1","floor":34},{"not_picked":["Double Energy","Rip and Tear+1"],"picked":"Core Surge","floor":34},{"not_picked":["Rebound","Sweeping Beam"],"picked":"Storm+1","floor":34},{"not_picked":["Darkness","Rip and Tear+1"],"picked":"Rebound+1","floor":34},{"not_picked":["Go for the Eyes","Blizzard"],"picked":"Leap","floor":34},{"not_picked":["Conserve Battery","Hologram+1","Blizzard"],"picked":"SKIP","floor":35},{"not_picked":["Melter","Gash+1","Genetic Algorithm+1"],"picked":"SKIP","floor":36},{"not_picked":["Go for the Eyes","Sweeping Beam+1"],"picked":"Sunder+1","floor":37},{"not_picked":["Streamline","Hyperbeam"],"picked":"Leap+1","floor":41},{"not_picked":["Undo","Lockon"],"picked":"Force Field","floor":46},{"not_picked":["Cold Snap","Beam Cell"],"picked":"White Noise","floor":47},{"not_picked":["Rebound+1","Blizzard+1","Gash+1"],"picked":"SKIP","floor":48},{"not_picked":["Rebound+1","Gash+1"],"picked":"Blizzard+1","floor":48}],"player_experience":581603,"relics_obtained":[{"floor":7,"key":"Vajra"},{"floor":9,"key":"Sundial"},{"floor":10,"key":"Bag of Preparation"},{"floor":24,"key":"Old Coin"},{"floor":26,"key":"Cables"},{"floor":31,"key":"Meat on the Bone"},{"floor":41,"key":"Oddly Smooth Stone"},{"floor":43,"key":"Smiling Mask"}],"event_choices":[{"damage_healed":0,"gold_gain":0,"player_choice":"Ignored","damage_taken":0,"max_hp_gain":0,"max_hp_loss":0,"event_name":"Golden Wing","floor":2,"gold_loss":0},{"damage_healed":0,"gold_gain":0,"player_choice":"Box","damage_taken":0,"relics_obtained":["Frozen Egg 2"],"max_hp_gain":0,"max_hp_loss":0,"event_name":"Big Fish","floor":5,"gold_loss":0,"cards_obtained":["Regret"]},{"damage_healed":0,"gold_gain":0,"player_choice":"Joined the Cult","damage_taken":6,"max_hp_gain":0,"max_hp_loss":0,"event_name":"Nest","floor":20,"gold_loss":0,"cards_obtained":["RitualDagger"]},{"cards_removed":["Strike_B"],"damage_healed":0,"gold_gain":0,"player_choice":"Gave Gold","damage_taken":0,"max_hp_gain":0,"max_hp_loss":0,"event_name":"Beggar","floor":21,"gold_loss":75},{"damage_healed":0,"gold_gain":0,"player_choice":"Rummage","damage_taken":0,"relics_obtained":["WarpedTongs"],"max_hp_gain":0,"max_hp_loss":0,"event_name":"Accursed Blacksmith","floor":39,"gold_loss":0,"cards_obtained":["Pain"]}],"is_beta":false,"boss_relics":[{"not_picked":["Pandora\u0027s Box","Lizard Tail"],"picked":"Nuclear Battery"},{"not_picked":["Philosopher\u0027s Stone","White Beast Statue"],"picked":"Orrery"}],"items_purged_floors":[11,38],"is_endless":false,"potions_floor_spawned":[1,3,4,13,16,24,28,30,33,36,37],"ascension_level":4}