{"gold_per_floor":[119,119,129,7,7,7,21,21,21,34,209,225,236,236,236,338,338,354,429,55,55,67,67,67,67,67,67,82,107,107],"floor_reached":30,"playtime":1125,"items_purged":[],"score":345,"play_id":"7c2f56c3-9062-4f7c-8aec-5867e904e5fc","local_time":"20190603102041","is_ascension_mode":true,"campfire_choices":[{"data":"Neutralize","floor":6,"key":"SMITH"},{"data":"Dodge and Roll","floor":8,"key":"SMITH"},{"floor":15,"key":"REST"},{"floor":23,"key":"REST"},{"data":"Cloak And Dagger","floor":25,"key":"SMITH"},{"data":"Noxious Fumes","floor":27,"key":"SMITH"}],"neow_cost":"NONE","seed_source_timestamp":61247732835521,"circlet_count":0,"master_deck":["Defend_G","Defend_G","Defend_G","Defend_G","Defend_G","Strike_G","Strike_G","Strike_G","Strike_G","Strike_G","Survivor","Neutralize+1","Poisoned Stab","Dodge and Roll+1","Dagger Spray","Deadly Poison","Dagger Throw","Doubt","Catalyst+1","Noxious Fumes+1","Unload","Backflip","Sadistic Nature","Cloak And Dagger+1","Infinite Blades+1","Poisoned Stab+1","Dash+1"],"relics":["Eternal Feather","Letter Opener","Calipers","Lizard Tail","Bronze Scales","Bottled Lightning","FossilizedHelix"],"potions_floor_usage":[12,16,16,22,22,22,22,28,29],"damage_taken":[{"damage":0,"enemies":"2 Louse","floor":1,"turns":5},{"damage":2,"enemies":"Cultist","floor":3,"turns":4},{"damage":14,"enemies":"Small Slimes","floor":7,"turns":3},{"damage":10,"enemies":"Exordium Wildlife","floor":10,"turns":4},{"damage":15,"enemies":"Exordium Thugs","floor":12,"turns":4},{"damage":3,"enemies":"Blue Slaver","floor":13,"turns":4},{"damage":57,"enemies":"Slime Boss","floor":16,"turns":11},{"damage":8,"enemies":"3 Byrds","floor":18,"turns":6},{"damage":10,"enemies":"Shell Parasite","floor":22,"turns":5},{"damage":27,"enemies":"Centurion and Healer","floor":28,"turns":5},{"damage":69,"enemies":"Slavers","floor":29,"turns":6},{"damage":26,"enemies":"3 Cultists","floor":30,"turns":4}],"seed_played":"3338518813861714272","potions_obtained":[{"floor":3,"key":"Weak Potion"},{"floor":12,"key":"SpeedPotion"},{"floor":13,"key":"SteroidPotion"},{"floor":18,"key":"PowerPotion"},{"floor":28,"key":"GamblersBrew"}],"is_trial":false,"path_per_floor":["M","?","M","$","$","R","M","R","T","M","?","M","M","T","R","B",null,"M","?","$","?","M","R","?","R","T","R","M","E","M"],"character_chosen":"THE_SILENT","items_purchased":["EntropicBrew","Dagger Spray","Bronze Scales","Sadistic Nature","Cloak And Dagger"],"campfire_rested":2,"item_purchase_floors":[4,4,20,20,20],"current_hp_per_floor":[63,63,61,61,61,70,56,65,65,55,55,40,37,37,70,13,56,48,41,41,28,18,55,55,70,70,75,48,23,0],"gold":107,"neow_bonus":"BOSS_RELIC","is_prod":false,"is_daily":false,"chose_seed":false,"campfire_upgraded":4,"win_rate":0,"timestamp":1559521241,"path_taken":["M","?","M","?","$","R","M","R","T","M","?","?","M","?","R","BOSS","M","?","?","?","M","R","?","R","T","R","M","E","M"],"build_version":"2019-01-23","purchased_purges":0,"victory":false,"max_hp_per_floor":[70,70,70,70,70,70,70,70,70,70,70,70,70,70,70,70,70,70,70,70,75,75,75,75,75,75,75,75,75,75],"card_choices":[{"not_picked":["Underhanded Strike","Catalyst"],"picked":"Poisoned Stab","floor":1},{"not_picked":["Reflex","Deflect"],"picked":"Dodge and Roll","floor":3},{"not_picked":["Concentrate","Setup"],"picked":"Deadly Poison","floor":7},{"not_picked":["Caltrops","Quick Slash"],"picked":"Dagger Throw","floor":10},{"not_picked":["Dodge and Roll","Calculated Gamble"],"picked":"Catalyst","floor":12},{"not_picked":["Outmaneuver","Leg Sweep"],"picked":"Noxious Fumes","floor":13},{"not_picked":["Glass Knife","Phantasmal Killer"],"picked":"Unload","floor":16},{"not_picked":["Dagger Spray+1","Slice"],"picked":"Backflip","floor":18},{"not_picked":["Skewer+1","Deflect"],"picked":"Infinite Blades+1","floor":22},{"not_picked":["Dagger Throw","Glass Knife"],"picked":"Poisoned Stab+1","floor":28},{"not_picked":["Dagger Spray+1","Riddle With Holes"],"picked":"Dash+1","floor":29}],"player_experience":807706,"relics_obtained":[{"floor":9,"key":"Letter Opener"},{"floor":14,"key":"Calipers"},{"floor":26,"key":"Bottled Lightning"},{"floor":29,"key":"FossilizedHelix"}],"event_choices":[{"damage_healed":0,"gold_gain":0,"player_choice":"Bought 0 Potions","damage_taken":0,"max_hp_gain":0,"max_hp_loss":0,"event_name":"The Woman in Blue","floor":2,"gold_loss":0},{"damage_healed":0,"gold_gain":175,"player_choice":"AGREE","damage_taken":0,"max_hp_gain":0,"max_hp_loss":0,"event_name":"Liars Game","floor":11,"gold_loss":0,"cards_obtained":["Doubt"]},{"damage_healed":0,"gold_gain":75,"player_choice":"Touch","damage_taken":7,"max_hp_gain":0,"max_hp_loss":0,"event_name":"FaceTrader","floor":19,"gold_loss":0},{"damage_healed":0,"gold_gain":0,"player_choice":"Shed Blood","damage_taken":18,"max_hp_gain":5,"max_hp_loss":0,"event_name":"Forgotten Altar","floor":21,"gold_loss":0},{"damage_healed":0,"gold_gain":0,"player_choice":"Upgraded","damage_taken":0,"max_hp_gain":0,"max_hp_loss":0,"event_name":"Upgrade Shrine","floor":24,"gold_loss":0,"cards_upgraded":["Catalyst"]}],"is_beta":false,"boss_relics":[{"not_picked":["Sozu","Runic Dome"],"picked":"Lizard Tail"}],"items_purged_floors":[],"is_endless":false,"potions_floor_spawned":[3,12,13,18,28],"killed_by":"3 Cultists","ascension_level":9}