{"gold_per_floor":[109,127,8,8,18,18,87,87,87,117,117,148,163,180,180,180],"floor_reached":16,"playtime":437,"items_purged":[],"score":132,"play_id":"f3ff3116-c855-4da9-90fa-c5d25d3a16d4","local_time":"20190426175136","is_ascension_mode":true,"campfire_choices":[{"floor":6.0,"key":"DIG"},{"floor":8.0,"key":"DIG"},{"floor":11.0,"key":"DIG"},{"floor":15,"key":"REST"}],"neow_cost":"PERCENT_DAMAGE","seed_source_timestamp":0,"circlet_count":0,"master_deck":["Strike_R","Strike_R","Strike_R","Strike_R","Defend_R","Defend_R","Defend_R","Defend_R","Bash","Armaments","Wild Strike","Burning Pact","Battle Trance","Perfected Strike","True Grit","Feel No Pain","Body Slam","Barricade","Rage"],"special_seed":0,"relics":["Burning Blood","Shovel","Bronze Scales","Paper Frog","The Courier","Gremlin Horn","Ancient Tea Set","Bag of Preparation"],"potions_floor_usage":[12,14,16],"damage_taken":[{"damage":5.0,"enemies":"Small Slimes","floor":1.0,"turns":4.0},{"damage":6.0,"enemies":"2 Louse","floor":2.0,"turns":2.0},{"damage":7.0,"enemies":"Jaw Worm","floor":5.0,"turns":2.0},{"damage":28.0,"enemies":"Gremlin Nob","floor":10.0,"turns":4.0},{"damage":30,"enemies":"Lagavulin","floor":12,"turns":5},{"damage":5,"enemies":"Looter","floor":13,"turns":3},{"damage":7,"enemies":"Exordium Thugs","floor":14,"turns":6},{"damage":57,"enemies":"Slime Boss","floor":16,"turns":3}],"seed_played":"2222180579199239586","potions_obtained":[{"floor":5.0,"key":"Poison Potion"},{"floor":13,"key":"SpeedPotion"},{"floor":14,"key":"PowerPotion"}],"is_trial":false,"path_per_floor":["M","M","$","?","M","R","?","R","T","E","R","E","M","M","R","B"],"character_chosen":"IRONCLAD","items_purchased":["Burning Pact","Battle Trance"],"campfire_rested":1,"item_purchase_floors":[3,3],"current_hp_per_floor":[57,57,57,57,56,56,56,56,56,34,34,10,11,10,34,0],"gold":180,"neow_bonus":"ONE_RARE_RELIC","is_prod":false,"is_daily":false,"chose_seed":false,"campfire_upgraded":0,"win_rate":0,"timestamp":1556265096,"path_taken":["M","M","$","?","M","R","?","R","T","E","R","E","M","M","R","BOSS"],"build_version":"2019-01-23","purchased_purges":0,"victory":false,"max_hp_per_floor":[80,80,80,80,80,80,80,80,80,80,80,80,80,80,80,80],"card_choices":[{"not_picked":["Iron Wave","Havoc"],"picked":"Armaments","floor":1.0},{"not_picked":["Dropkick","Clash"],"picked":"Wild Strike","floor":2.0},{"not_picked":["Sever Soul","Sword Boomerang"],"picked":"True Grit","floor":5.0},{"not_picked":["Searing Blow","Bloodletting"],"picked":"Feel No Pain","floor":10.0},{"not_picked":["Pommel Strike","Perfected Strike"],"picked":"Body Slam","floor":12},{"not_picked":["Headbutt","Sword Boomerang"],"picked":"Barricade","floor":13},{"not_picked":["Evolve","Dropkick"],"picked":"Rage","floor":14}],"player_experience":486468,"relics_obtained":[{"floor":6.0,"key":"Bronze Scales"},{"floor":8.0,"key":"Paper Frog"},{"floor":9.0,"key":"The Courier"},{"floor":10.0,"key":"Gremlin Horn"},{"floor":11.0,"key":"Ancient Tea Set"},{"floor":12,"key":"Bag of Preparation"}],"event_choices":[{"damage_healed":0.0,"max_hp_gain":0.0,"max_hp_loss":0.0,"gold_gain":0.0,"cards_transformed":["Strike_R"],"event_name":"Living Wall","player_choice":"Change","floor":4.0,"gold_loss":0.0,"damage_taken":0.0,"cards_obtained":["Perfected Strike"]},{"damage_healed":0.0,"max_hp_gain":0.0,"max_hp_loss":0.0,"gold_gain":69.0,"event_name":"Golden Wing","player_choice":"Gained Gold","floor":7.0,"gold_loss":0.0,"damage_taken":0.0}],"is_beta":false,"boss_relics":[],"items_purged_floors":[],"is_endless":false,"potions_floor_spawned":[5,13,14],"killed_by":"Slime Boss","ascension_level":4}