{"gold_per_floor":[116,41,61,61,72,104,104,124,151,183,198,198,232,232,232,307,307,321,246,246,263,42,73,73,102,159,187,219,259,271,283,295,381,393,425,449,480,507,531,574,599,611,648,660,286,286,321,96,96,96,96],"floor_reached":51,"playtime":4898,"items_purged":[],"score":1620,"play_id":"c50f0a57-d5b6-4fd2-9413-d6d3732492f7","local_time":"20190802194534","is_ascension_mode":true,"campfire_choices":[{"data":"Rip and Tear","floor":7.0,"key":"SMITH"},{"floor":15.0,"key":"REST"},{"floor":24.0,"key":"REST"},{"data":"Defragment","floor":30.0,"key":"SMITH"},{"floor":32.0,"key":"REST"},{"floor":46,"key":"REST"},{"floor":49,"key":"RECALL"}],"neow_cost":"NONE","seed_source_timestamp":527377395375967,"circlet_count":0,"master_deck":["AscendersBane","Strike_B+1","Defend_B+1","Defend_B+1","Zap","Dualcast","Chill","Tempest","Glacier","Chill","Compile Driver+1","Defragment+1","Go for the Eyes+1","Streamline","Echo Form","Barrage+1","Force Field","Storm","Coolheaded+1","Defragment","Scrape+1","Glacier","Amplify","Redo","Echo Form","Loop","Force Field","All For One+1","Storm","Core Surge+1","Fusion+1"],"special_seed":0,"relics":["Cracked Core","Potion Belt","Bag of Marbles","Letter Opener","Snecko Eye","TheAbacus","Molten Egg 2","MawBank","Whetstone","Symbiotic Virus","Eternal Feather","Dream Catcher","Strawberry","Smiling Mask","Oddly Smooth Stone"],"potions_floor_usage":[33,38,40,40,47,50,50,50],"damage_taken":[{"damage":0.0,"enemies":"Small Slimes","floor":1.0,"turns":4.0},{"damage":0.0,"enemies":"2 Louse","floor":3.0,"turns":2.0},{"damage":7.0,"enemies":"Jaw Worm","floor":5.0,"turns":2.0},{"damage":24.0,"enemies":"Lagavulin","floor":6.0,"turns":7.0},{"damage":0.0,"enemies":"3 Louse","floor":8.0,"turns":3.0},{"damage":4.0,"enemies":"Gremlin Nob","floor":10.0,"turns":3.0},{"damage":0.0,"enemies":"Lots of Slimes","floor":11.0,"turns":4.0},{"damage":8.0,"enemies":"3 Sentries","floor":13.0,"turns":8.0},{"damage":39.0,"enemies":"Slime Boss","floor":16.0,"turns":12.0},{"damage":7.0,"enemies":"Spheric Guardian","floor":18.0,"turns":4.0},{"damage":8.0,"enemies":"Shell Parasite","floor":21.0,"turns":4.0},{"damage":0.0,"enemies":"Gremlin Leader","floor":23.0,"turns":5.0},{"damage":20.0,"enemies":"Book of Stabbing","floor":25.0,"turns":5.0},{"damage":0.0,"enemies":"Centurion and Healer","floor":27.0,"turns":5.0},{"damage":13.0,"enemies":"Snake Plant","floor":28.0,"turns":4.0},{"damage":11.0,"enemies":"Gremlin Leader","floor":29.0,"turns":5.0},{"damage":0,"enemies":"Automaton","floor":33,"turns":9},{"damage":4,"enemies":"3 Darklings","floor":35,"turns":8},{"damage":0,"enemies":"Orb Walker","floor":36,"turns":3},{"damage":10,"enemies":"3 Darklings","floor":37,"turns":9},{"damage":4,"enemies":"Maw","floor":38,"turns":7},{"damage":2,"enemies":"Sphere and 2 Shapes","floor":39,"turns":3},{"damage":23,"enemies":"Nemesis","floor":40,"turns":7},{"damage":18,"enemies":"Jaw Worm Horde","floor":41,"turns":7},{"damage":7,"enemies":"Reptomancer","floor":47,"turns":7},{"damage":62,"enemies":"Donu and Deca","floor":50,"turns":12},{"damage":7,"enemies":"Awakened One","floor":51,"turns":3}],"seed_played":"1419798983999510167","potions_obtained":[{"floor":3.0,"key":"Swift Potion"},{"floor":5.0,"key":"FocusPotion"},{"floor":6.0,"key":"Weak Potion"},{"floor":10.0,"key":"Explosive Potion"},{"floor":16.0,"key":"SkillPotion"},{"floor":18.0,"key":"Swift Potion"},{"floor":21.0,"key":"AttackPotion"},{"floor":23.0,"key":"Strength Potion"},{"floor":28.0,"key":"Block Potion"},{"floor":35,"key":"Weak Potion"},{"floor":38,"key":"GamblersBrew"},{"floor":47,"key":"GamblersBrew"}],"is_trial":false,"path_per_floor":["M","?","M","?","M","E","R","M","T","E","M","?","E","?","R","B",null,"M","?","?","M","$","E","R","E","T","M","M","E","R","?","R","B",null,"M","M","M","M","M","E","M","?","T","?","$","R","E","$","R","B","B"],"character_chosen":"DEFECT","items_purchased":["TheAbacus","Strength Potion","Energy Potion","PowerPotion","Storm","Core Surge+1","Oddly Smooth Stone","SteroidPotion"],"campfire_rested":4,"item_purchase_floors":[22,45,45,45,45,45,48,48],"current_hp_per_floor":[64,64,64,57,50,26,26,26,26,22,22,27,19,19,41,2,58,51,51,51,43,43,43,65,45,45,45,32,21,21,21,43,43,68,64,64,54,50,48,25,7,7,14,14,14,56,49,49,67,5,0],"gold":96,"neow_bonus":"TRANSFORM_CARD","is_prod":false,"is_daily":false,"chose_seed":false,"campfire_upgraded":2,"win_rate":0,"timestamp":1564789534,"path_taken":["M","?","M","?","M","E","R","M","T","E","M","?","E","?","R","BOSS","M","?","?","M","?","E","R","E","T","M","M","E","R","?","R","BOSS","M","M","M","M","?","E","M","?","T","?","$","R","E","?","R","BOSS","BOSS"],"build_version":"2019-07-17","purchased_purges":0,"victory":false,"max_hp_per_floor":[71,71,71,71,71,71,71,71,71,71,71,76,76,76,76,76,76,76,76,76,76,76,76,76,76,76,76,76,76,76,76,76,76,76,76,76,76,76,76,76,76,76,83,83,83,83,83,83,83,83,83],"card_choices":[{"not_picked":["Beam Cell","Darkness"],"picked":"Rip and Tear","floor":1.0},{"not_picked":["Consume","Scrape"],"picked":"Tempest","floor":3.0},{"not_picked":["Reinforced Body","Leap"],"picked":"Glacier","floor":5.0},{"not_picked":["Machine Learning","Darkness"],"picked":"Chill","floor":6.0},{"not_picked":["Turbo","Reinforced Body"],"picked":"Compile Driver","floor":8.0},{"not_picked":["Self Repair","Reprogram"],"picked":"Defragment","floor":10.0},{"not_picked":["Fusion","Streamline"],"picked":"Go for the Eyes","floor":11.0},{"not_picked":["Gash","Go for the Eyes"],"picked":"Streamline","floor":13.0},{"not_picked":["Seek","Electrodynamics"],"picked":"Echo Form","floor":16.0},{"not_picked":["Steam","Cold Snap+1","Coolheaded"],"picked":"SKIP","floor":18.0},{"not_picked":["Rebound+1","BootSequence"],"picked":"Barrage+1","floor":21.0},{"not_picked":["Machine Learning","Genetic Algorithm"],"picked":"Force Field","floor":23.0},{"not_picked":["Barrage+1","Self Repair"],"picked":"Storm","floor":25.0},{"not_picked":["Beam Cell+1","Leap"],"picked":"Coolheaded+1","floor":27.0},{"not_picked":["Blizzard+1","Gash+1"],"picked":"Defragment","floor":28.0},{"not_picked":["Beam Cell+1","White Noise+1"],"picked":"Scrape+1","floor":29.0},{"not_picked":["Biased Cognition","Rainbow"],"picked":"Amplify","floor":33},{"not_picked":["Stack","Rebound+1"],"picked":"Redo","floor":35},{"not_picked":["Beam Cell+1","Streamline+1","Stack"],"picked":"SKIP","floor":36},{"not_picked":["Barrage+1","Cold Snap+1"],"picked":"Echo Form","floor":37},{"not_picked":["Streamline+1","Hologram"],"picked":"Loop","floor":38},{"not_picked":["Turbo","Steam"],"picked":"Force Field","floor":39},{"not_picked":["Barrage+1","Double Energy"],"picked":"All For One+1","floor":40},{"not_picked":["Streamline+1","Cold Snap+1","Skim"],"picked":"SKIP","floor":41},{"not_picked":["Sunder+1","Streamline+1"],"picked":"Fusion+1","floor":47}],"player_experience":1680529,"relics_obtained":[{"floor":6.0,"key":"Potion Belt"},{"floor":10.0,"key":"Bag of Marbles"},{"floor":13.0,"key":"Letter Opener"},{"floor":23.0,"key":"Molten Egg 2"},{"floor":25.0,"key":"MawBank"},{"floor":26.0,"key":"Whetstone"},{"floor":29.0,"key":"Symbiotic Virus"},{"floor":40,"key":"Dream Catcher"},{"floor":43,"key":"Strawberry"},{"floor":47,"key":"Smiling Mask"}],"event_choices":[{"cards_removed":["Defend_B"],"damage_healed":0.0,"max_hp_gain":0.0,"max_hp_loss":0.0,"gold_gain":0.0,"event_name":"The Cleric","player_choice":"Card Removal","floor":2.0,"gold_loss":75.0,"damage_taken":0.0},{"cards_removed":["Defend_B"],"damage_healed":0.0,"max_hp_gain":0.0,"max_hp_loss":0.0,"gold_gain":0.0,"event_name":"Golden Wing","player_choice":"Card Removal","floor":4.0,"gold_loss":0.0,"damage_taken":7.0},{"damage_healed":0.0,"max_hp_gain":5.0,"max_hp_loss":0.0,"gold_gain":0.0,"event_name":"Big Fish","player_choice":"Donut","floor":12.0,"gold_loss":0.0,"damage_taken":0.0},{"damage_healed":0.0,"max_hp_gain":0.0,"max_hp_loss":0.0,"gold_gain":0.0,"event_name":"Liars Game","player_choice":"Ignored","floor":14.0,"gold_loss":0.0,"damage_taken":0.0},{"cards_removed":["Strike_B"],"damage_healed":0.0,"max_hp_gain":0.0,"max_hp_loss":0.0,"gold_gain":0.0,"event_name":"Beggar","player_choice":"Gave Gold","floor":19.0,"gold_loss":75.0,"damage_taken":0.0},{"damage_healed":0.0,"max_hp_gain":0.0,"max_hp_loss":0.0,"gold_gain":0.0,"event_name":"Back to Basics","player_choice":"Simplicity","floor":20.0,"gold_loss":0.0,"damage_taken":0.0,"cards_upgraded":["Strike_B","Strike_B","Defend_B","Defend_B"]},{"damage_healed":0.0,"max_hp_gain":0.0,"max_hp_loss":0.0,"gold_gain":0.0,"cards_transformed":["Strike_B"],"event_name":"Transmorgrifier","player_choice":"Transformed","floor":31.0,"gold_loss":0.0,"damage_taken":0.0,"cards_obtained":["Glacier"]},{"damage_healed":0,"gold_gain":0,"player_choice":"Ignored","damage_taken":0,"max_hp_gain":0,"max_hp_loss":0,"event_name":"The Moai Head","floor":42,"gold_loss":0},{"cards_removed":["Rip and Tear"],"damage_healed":0,"gold_gain":0,"player_choice":"Removed Attack","damage_taken":0,"max_hp_gain":0,"max_hp_loss":0,"event_name":"Falling","floor":44,"gold_loss":0}],"is_beta":false,"boss_relics":[{"not_picked":["Busted Crown","Runic Pyramid"],"picked":"Snecko Eye"},{"not_picked":["Pandora\u0027s Box","Empty Cage"],"picked":"Eternal Feather"}],"items_purged_floors":[],"is_endless":false,"potions_floor_spawned":[3,5,6,10,16,18,21,23,28,35,38,47],"killed_by":"Awakened One","ascension_level":20}