{"gold_per_floor":[113,133,183,8,19,19,38,68,94,109,109,142,142,142,142,219,219,237,0,0,11,30,30,44,70,95,95,95],"floor_reached":28,"playtime":1204,"items_purged":["Regret"],"score":459,"play_id":"3ebac951-31e7-40b2-b209-866f5d58e901","local_time":"20190811100720","is_ascension_mode":true,"campfire_choices":[{"data":"Bash","floor":6.0,"key":"SMITH"},{"data":"Barricade","floor":11.0,"key":"SMITH"},{"floor":13.0,"key":"REST"},{"data":"Rage","floor":15.0,"key":"SMITH"},{"floor":23.0,"key":"REST"},{"data":"True Grit","floor":27,"key":"SMITH"}],"neow_cost":"NONE","seed_source_timestamp":9203208671036,"circlet_count":0,"master_deck":["AscendersBane","Strike_R","Strike_R","Strike_R+1","Strike_R","Strike_R","Defend_R","Defend_R","Defend_R","Defend_R","Bash+1","Power Through","Twin Strike","Immolate","Headbutt","Rampage+1","Uppercut","Barricade+1","Rage+1","Dark Embrace","Body Slam+1","Body Slam+1","Havoc","Warcry","Havoc","True Grit+1"],"special_seed":0,"relics":["Burning Blood","NeowsBlessing","Centennial Puzzle","Red Skull","Regal Pillow","Omamori","Runic Pyramid","Bag of Marbles","Blood Vial","Whetstone"],"potions_floor_usage":[25],"damage_taken":[{"damage":0.0,"enemies":"Small Slimes","floor":1.0,"turns":1.0},{"damage":0.0,"enemies":"Cultist","floor":2.0,"turns":1.0},{"damage":0.0,"enemies":"Jaw Worm","floor":5.0,"turns":1.0},{"damage":0.0,"enemies":"Lots of Slimes","floor":7.0,"turns":1.0},{"damage":5.0,"enemies":"3 Sentries","floor":8.0,"turns":6.0},{"damage":14.0,"enemies":"Looter","floor":10.0,"turns":3.0},{"damage":25.0,"enemies":"Gremlin Nob","floor":12.0,"turns":5.0},{"damage":58.0,"enemies":"The Guardian","floor":16.0,"turns":11.0},{"damage":32.0,"enemies":"3 Byrds","floor":18.0,"turns":6.0},{"damage":0.0,"enemies":"Chosen","floor":21.0,"turns":3.0},{"damage":12.0,"enemies":"3 Cultists","floor":22.0,"turns":5.0},{"damage":33.0,"enemies":"Snecko","floor":24.0,"turns":6.0},{"damage":11,"enemies":"Gremlin Leader","floor":25,"turns":8},{"damage":43,"enemies":"Sentry and Sphere","floor":28,"turns":6}],"seed_played":"1199858030125200369","potions_obtained":[{"floor":1.0,"key":"Explosive Potion"},{"floor":7.0,"key":"SpeedPotion"},{"floor":8.0,"key":"SteroidPotion"},{"floor":12.0,"key":"Block Potion"},{"floor":18.0,"key":"PowerPotion"},{"floor":21.0,"key":"AttackPotion"}],"is_trial":false,"path_per_floor":["M","M","?","$","M","R","M","E","T","M","R","E","R","?","R","B",null,"M","$","?","M","M","R","M","E","T","R","M"],"character_chosen":"IRONCLAD","items_purchased":["Immolate","Bag of Marbles"],"campfire_rested":2,"item_purchase_floors":[4,19],"current_hp_per_floor":[74,75,68,68,74,74,75,75,75,67,67,48,75,75,75,23,62,36,36,36,42,36,73,46,41,41,41,0],"gold":95,"neow_bonus":"THREE_ENEMY_KILL","is_prod":false,"is_daily":false,"chose_seed":false,"campfire_upgraded":4,"win_rate":0,"timestamp":1565482040,"path_taken":["M","M","?","?","?","R","M","E","T","M","R","E","R","?","R","BOSS","M","$","?","M","?","R","M","E","T","R","M"],"build_version":"2019-07-17","purchased_purges":1,"victory":false,"max_hp_per_floor":[75,75,75,75,75,75,75,75,75,75,75,75,75,75,75,75,75,75,75,75,75,75,75,75,75,75,75,75],"card_choices":[{"not_picked":["Perfected Strike","Feel No Pain"],"picked":"Power Through","floor":1.0},{"not_picked":["Hemokinesis","Warcry"],"picked":"Twin Strike","floor":2.0},{"not_picked":["Armaments","Perfected Strike"],"picked":"Headbutt","floor":5.0},{"not_picked":["Body Slam","Clash"],"picked":"Rampage","floor":7.0},{"not_picked":["Clash","True Grit"],"picked":"Uppercut","floor":8.0},{"not_picked":["Inflame","Cleave"],"picked":"Barricade","floor":10.0},{"not_picked":["Clothesline","Wild Strike"],"picked":"Rage","floor":12.0},{"not_picked":["Barricade","Berserk"],"picked":"Dark Embrace","floor":16.0},{"not_picked":["Armaments","Flex"],"picked":"Body Slam+1","floor":18.0},{"not_picked":["Clothesline","Searing Blow"],"picked":"Havoc","floor":21.0},{"not_picked":["Heavy Blade","Armaments"],"picked":"Warcry","floor":22.0},{"not_picked":["Hemokinesis+1","Anger"],"picked":"Havoc","floor":24.0},{"not_picked":["Carnage","Havoc+1"],"picked":"True Grit","floor":25}],"player_experience":1185775,"relics_obtained":[{"floor":8.0,"key":"Centennial Puzzle"},{"floor":9.0,"key":"Red Skull"},{"floor":12.0,"key":"Regal Pillow"},{"floor":25,"key":"Blood Vial"},{"floor":26,"key":"Whetstone"}],"event_choices":[{"damage_healed":0.0,"max_hp_gain":0.0,"max_hp_loss":0.0,"gold_gain":50.0,"event_name":"FaceTrader","player_choice":"Touch","floor":3.0,"gold_loss":0.0,"damage_taken":7.0},{"damage_healed":0.0,"max_hp_gain":0.0,"max_hp_loss":0.0,"gold_gain":0.0,"event_name":"Big Fish","player_choice":"Box","floor":14.0,"gold_loss":0.0,"damage_taken":0.0,"relics_obtained":["Omamori"],"cards_obtained":["Regret"]},{"damage_healed":0.0,"max_hp_gain":0.0,"max_hp_loss":0.0,"gold_gain":0.0,"event_name":"Duplicator","player_choice":"Copied","floor":20.0,"gold_loss":0.0,"damage_taken":0.0,"cards_obtained":["Body Slam"]}],"is_beta":false,"boss_relics":[{"not_picked":["White Beast Statue","Coffee Dripper"],"picked":"Runic Pyramid"}],"items_purged_floors":[19],"is_endless":false,"potions_floor_spawned":[1,7,8,12,18,21],"killed_by":"Sentry and Sphere","ascension_level":17}