{"gold_per_floor":[19,31,31,43,59,87,87,107,107,20,39,39,39,55,55,156,156,170,170,95,370,387,387,402,402,402,87,102,102],"floor_reached":29,"playtime":1352,"items_purged":["Regret"],"score":227,"play_id":"32ad8c20-f640-4c3f-809d-a4fc244d8927","local_time":"20190329031903","is_ascension_mode":false,"campfire_choices":[{"floor":7,"key":"REST"},{"floor":12,"key":"RECALL"},{"floor":15,"key":"REST"},{"data":"Barricade","floor":23,"key":"SMITH"},{"floor":25,"key":"REST"}],"neow_cost":"NO_GOLD","seed_source_timestamp":47253935797301,"circlet_count":0,"master_deck":["Bash","Barricade+1","Cleave","Dropkick","Power Through","Power Through","Perfected Strike","True Grit","Shockwave","Burning Pact","Pommel Strike","Juggernaut","Dual Wield","Demon Form","Uppercut","Dark Embrace","Rage","Reckless Charge","Disarm","Blood for Blood","True Grit+1","Flex+1","Wild Strike","Magnetism","Flame Barrier"],"relics":["Burning Blood","Mercury Hourglass","Matryoshka","Pandora\u0027s Box","Oddly Smooth Stone","Regal Pillow"],"potions_floor_usage":[2,6,6,6,6,6,16,28,28],"damage_taken":[{"damage":0,"enemies":"Small Slimes","floor":1,"turns":4},{"damage":2,"enemies":"Cultist","floor":2,"turns":5},{"damage":7,"enemies":"2 Louse","floor":4,"turns":2},{"damage":46,"enemies":"Exordium Wildlife","floor":5,"turns":8},{"damage":45,"enemies":"Gremlin Nob","floor":6,"turns":6},{"damage":0,"enemies":"3 Louse","floor":8,"turns":3},{"damage":6,"enemies":"Lots of Slimes","floor":11,"turns":3},{"damage":0,"enemies":"2 Fungi Beasts","floor":14,"turns":2},{"damage":49,"enemies":"The Guardian","floor":16,"turns":17},{"damage":13,"enemies":"Shell Parasite","floor":18,"turns":11},{"damage":21,"enemies":"Chosen","floor":22,"turns":8},{"damage":42,"enemies":"Shelled Parasite and Fungi","floor":24,"turns":9},{"damage":49,"enemies":"Cultist and Chosen","floor":28,"turns":10},{"damage":22,"enemies":"Centurion and Healer","floor":29,"turns":8}],"seed_played":"-8361991422868840315","potions_obtained":[{"floor":1,"key":"Explosive Potion"},{"floor":3,"key":"Ancient Potion"},{"floor":3,"key":"LiquidBronze"},{"floor":3,"key":"EntropicBrew"},{"floor":11,"key":"GamblersBrew"},{"floor":16,"key":"FairyPotion"},{"floor":24,"key":"BloodPotion"}],"is_trial":false,"path_per_floor":["M","M","?","M","M","E","R","M","T","$","M","R","$","M","R","B",null,"M","?","?","?","M","R","M","R","T","$","M","M"],"character_chosen":"IRONCLAD","items_purchased":["True Grit","Shockwave","Wild Strike","Magnetism"],"campfire_rested":3,"item_purchase_floors":[10,10,27,27],"current_hp_per_floor":[80,80,80,79,39,8,32,38,38,38,38,38,38,44,68,25,80,73,73,73,73,58,58,22,46,46,46,11,0],"gold":102,"neow_bonus":"THREE_RARE_CARDS","is_prod":false,"is_daily":false,"chose_seed":false,"campfire_upgraded":1,"win_rate":0,"timestamp":1553793543,"path_taken":["M","M","?","M","M","E","R","M","T","?","M","R","$","M","R","BOSS","M","?","?","?","?","R","M","R","T","?","M","M"],"build_version":"2019-01-23","purchased_purges":1,"victory":false,"max_hp_per_floor":[80,80,80,80,80,80,80,80,80,80,80,80,80,80,80,80,80,80,80,80,80,80,80,80,80,80,80,80,80],"card_choices":[{"not_picked":["Exhume","Impervious"],"picked":"Barricade","floor":0},{"not_picked":["Ghostly Armor","Searing Blow"],"picked":"Cleave","floor":1},{"not_picked":["Warcry","Carnage","Clothesline"],"picked":"SKIP","floor":2},{"not_picked":["Bloodletting","Shrug It Off"],"picked":"Dropkick","floor":4},{"not_picked":["Wild Strike","True Grit"],"picked":"Power Through","floor":5},{"not_picked":["Combust","Corruption"],"picked":"Power Through","floor":6},{"not_picked":["Offering","Anger"],"picked":"Perfected Strike","floor":8},{"not_picked":["Headbutt","True Grit"],"picked":"Burning Pact","floor":11},{"not_picked":["Warcry","Thunderclap"],"picked":"Pommel Strike","floor":14},{"not_picked":["Brutality","Impervious"],"picked":"Juggernaut","floor":16},{"not_picked":["Feel No Pain","Bloodletting"],"picked":"Blood for Blood","floor":18},{"not_picked":["Shockwave","Pummel"],"picked":"True Grit+1","floor":22},{"not_picked":["Ghostly Armor","Warcry+1"],"picked":"Flex+1","floor":24},{"not_picked":["Uppercut+1","Armaments"],"picked":"Flame Barrier","floor":28}],"player_experience":271514,"relics_obtained":[{"floor":6,"key":"Mercury Hourglass"},{"floor":9,"key":"Matryoshka"},{"floor":26,"key":"Oddly Smooth Stone"},{"floor":26,"key":"Regal Pillow"}],"event_choices":[{"damage_healed":0,"gold_gain":0,"player_choice":"Got Potions","damage_taken":0,"max_hp_gain":0,"max_hp_loss":0,"event_name":"Lab","floor":3,"gold_loss":0},{"cards_removed":["Corruption"],"damage_healed":0,"gold_gain":0,"player_choice":"Elegance","damage_taken":0,"max_hp_gain":0,"max_hp_loss":0,"event_name":"Back to Basics","floor":19,"gold_loss":0},{"cards_removed":["Hemokinesis"],"damage_healed":0,"gold_gain":0,"player_choice":"Gave Gold","damage_taken":0,"max_hp_gain":0,"max_hp_loss":0,"event_name":"Beggar","floor":20,"gold_loss":75},{"damage_healed":0,"gold_gain":275,"player_choice":"Desecrate","damage_taken":0,"max_hp_gain":0,"max_hp_loss":0,"event_name":"Golden Shrine","floor":21,"gold_loss":0,"cards_obtained":["Regret"]}],"is_beta":false,"boss_relics":[{"not_picked":["Black Star","Runic Dome"],"picked":"Pandora\u0027s Box"}],"items_purged_floors":[27],"is_endless":false,"potions_floor_spawned":[1,4,5,11,16,24],"killed_by":"Centurion and Healer","ascension_level":0}