{"gold_per_floor":[359,434,445,459,459,459,269,283,336,353,353,372,249,249,249,351,351,364,432,267,280,74,74,74],"floor_reached":24,"playtime":3699,"items_purged":[],"score":186,"play_id":"1a6f01d0-140a-465a-9fb2-c17d72e80fef","local_time":"20190909195400","is_ascension_mode":false,"campfire_choices":[{"floor":6.0,"key":"REST"},{"floor":11.0,"key":"REST"},{"floor":15.0,"key":"REST"},{"floor":23,"key":"REST"}],"neow_cost":"PERCENT_DAMAGE","seed_source_timestamp":0,"circlet_count":0,"master_deck":["Strike_B","Strike_B","Strike_B","Strike_B","Defend_B","Defend_B","Defend_B","Defend_B","Zap","Dualcast","Turbo","Coolheaded","Gash","Zap","Barrage","Hologram","Chill","Coolheaded","Sweeping Beam","Thunder Strike","Dramatic Entrance","Buffer","Loop","Cold Snap","Doom and Gloom","White Noise","Genetic Algorithm","Loop"],"special_seed":0,"relics":["Cracked Core","ClockworkSouvenir","Strawberry","Snecko Eye","Meat on the Bone"],"potions_floor_usage":[],"damage_taken":[{"damage":0.0,"enemies":"2 Louse","floor":1.0,"turns":4.0},{"damage":5.0,"enemies":"Small Slimes","floor":3.0,"turns":4.0},{"damage":0.0,"enemies":"Cultist","floor":4.0,"turns":4.0},{"damage":16.0,"enemies":"3 Louse","floor":8.0,"turns":3.0},{"damage":8.0,"enemies":"Red Slaver","floor":10.0,"turns":4.0},{"damage":11.0,"enemies":"Exordium Thugs","floor":12.0,"turns":6.0},{"damage":76.0,"enemies":"The Guardian","floor":16.0,"turns":22.0},{"damage":24,"enemies":"Shell Parasite","floor":18,"turns":23},{"damage":15,"enemies":"Chosen","floor":21,"turns":6},{"damage":68,"enemies":"Book of Stabbing","floor":24,"turns":8}],"seed_played":"962899412457690780","potions_obtained":[{"floor":3.0,"key":"PowerPotion"},{"floor":12.0,"key":"AttackPotion"}],"is_trial":false,"path_per_floor":["M","?","M","M","?","R","$","M","T","M","R","M","$","?","R","B",null,"M","T","$","M","$","R","E"],"character_chosen":"DEFECT","items_purchased":["ClockworkSouvenir","Coolheaded","SteroidPotion","Sweeping Beam","Cold Snap","Ancient Potion","Doom and Gloom","Genetic Algorithm","Block Potion","Loop"],"campfire_rested":4,"item_purchase_floors":[7,13,13,13,20,20,20,22,22,22],"current_hp_per_floor":[54,43,38,38,38,60,60,44,51,43,67,56,56,56,80,4,82,58,58,58,43,43,67,0],"gold":74,"neow_bonus":"TWO_FIFTY_GOLD","is_prod":false,"is_daily":false,"chose_seed":false,"campfire_upgraded":0,"win_rate":0.0,"timestamp":1568069640,"path_taken":["M","?","M","M","?","R","$","?","T","M","R","M","$","?","R","BOSS","M","?","$","M","?","R","E"],"build_version":"2019-07-17","purchased_purges":0,"victory":false,"max_hp_per_floor":[75,75,75,75,75,75,75,75,82,82,82,82,82,82,82,82,82,82,82,82,82,82,82,82],"card_choices":[{"not_picked":["Stack","Sweeping Beam"],"picked":"Turbo","floor":1.0},{"not_picked":["Redo","Compile Driver"],"picked":"Coolheaded","floor":3.0},{"not_picked":["Tempest","Lockon"],"picked":"Gash","floor":4.0},{"not_picked":["Rebound","Coolheaded"],"picked":"Barrage","floor":8.0},{"not_picked":["Genetic Algorithm","Compile Driver"],"picked":"Hologram","floor":10.0},{"not_picked":["Rip and Tear","Gash"],"picked":"Chill","floor":12.0},{"not_picked":["Electrodynamics","All For One"],"picked":"Buffer","floor":16.0},{"not_picked":["Ball Lightning","Skim"],"picked":"Loop","floor":18},{"not_picked":["Steam","Sweeping Beam"],"picked":"White Noise","floor":21}],"player_experience":46777,"relics_obtained":[{"floor":9.0,"key":"Strawberry"},{"floor":19,"key":"Meat on the Bone"}],"event_choices":[{"damage_healed":0.0,"max_hp_gain":0.0,"max_hp_loss":0.0,"gold_gain":75.0,"event_name":"World of Goop","player_choice":"Gather Gold","floor":2.0,"gold_loss":0.0,"damage_taken":11.0},{"damage_healed":0.0,"max_hp_gain":0.0,"max_hp_loss":0.0,"gold_gain":0.0,"event_name":"Match and Keep!","player_choice":"1 cards matched","floor":5.0,"gold_loss":0.0,"damage_taken":0.0,"cards_obtained":["Zap"]},{"damage_healed":0.0,"max_hp_gain":0.0,"max_hp_loss":0.0,"gold_gain":0.0,"event_name":"Match and Keep!","player_choice":"2 cards matched","floor":14.0,"gold_loss":0.0,"damage_taken":0.0,"cards_obtained":["Thunder Strike","Dramatic Entrance"]}],"is_beta":false,"boss_relics":[{"not_picked":["Orrery","Fusion Hammer"],"picked":"Snecko Eye"}],"items_purged_floors":[],"is_endless":false,"potions_floor_spawned":[3,12],"killed_by":"Book of Stabbing","ascension_level":0}