{"gold_per_floor":[113,113,123,103,121,121,148,148,148,166,166,186,198,17,17,94,94,108,108,122,140,159,159,173,173,173,187,206,206,206,1,1,75,75,86,86,96,0,0],"floor_reached":39,"playtime":1780,"items_purged":["Strike_B"],"score":732,"play_id":"d85c8f84-12e3-4190-8746-b9de67a80d1a","local_time":"20190906052019","is_ascension_mode":true,"campfire_choices":[{"data":"Defragment","floor":6.0,"key":"SMITH"},{"data":"Chill","floor":8.0,"key":"SMITH"},{"data":"Zap","floor":11.0,"key":"SMITH"},{"data":"Defend_B","floor":15.0,"key":"SMITH"},{"floor":23.0,"key":"REST"},{"floor":25.0,"key":"REST"},{"floor":30.0,"key":"REST"},{"floor":32.0,"key":"REST"}],"neow_cost":"NONE","seed_source_timestamp":60561474765366,"circlet_count":0,"master_deck":["AscendersBane","Zap+1","Dualcast","Defragment+1","Chill+1","Cold Snap","Melter+1","Ball Lightning","Sweeping Beam","Compile Driver","Conserve Battery","Turbo","Biased Cognition","Cold Snap","Pain","Hologram","Genetic Algorithm","Barrage+1","Redo+1","Doubt","Sunder","Thunder Strike","Coolheaded","Buffer","Rebound","Scrape","Meteor Strike","Static Discharge","Tempest","Static Discharge","Cold Snap+1"],"special_seed":0,"relics":["Cracked Core","NeowsBlessing","GremlinMask","Kunai","Whetstone","Cursed Key","WarpedTongs","Strawberry","Pandora\u0027s Box","Red Mask"],"potions_floor_usage":[33,35],"damage_taken":[{"damage":0.0,"enemies":"Small Slimes","floor":1.0,"turns":1.0},{"damage":0.0,"enemies":"Cultist","floor":3.0,"turns":1.0},{"damage":0.0,"enemies":"Jaw Worm","floor":5.0,"turns":1.0},{"damage":4.0,"enemies":"3 Sentries","floor":7.0,"turns":9.0},{"damage":1.0,"enemies":"Exordium Thugs","floor":10.0,"turns":5.0},{"damage":7.0,"enemies":"Red Slaver","floor":12.0,"turns":3.0},{"damage":0.0,"enemies":"3 Louse","floor":13.0,"turns":2.0},{"damage":10.0,"enemies":"Slime Boss","floor":16.0,"turns":8.0},{"damage":5.0,"enemies":"Spheric Guardian","floor":18.0,"turns":3.0},{"damage":3.0,"enemies":"2 Thieves","floor":20.0,"turns":3.0},{"damage":22.0,"enemies":"Snake Plant","floor":21.0,"turns":4.0},{"damage":19.0,"enemies":"Shelled Parasite and Fungi","floor":22.0,"turns":4.0},{"damage":31.0,"enemies":"Chosen and Byrds","floor":24.0,"turns":7.0},{"damage":18.0,"enemies":"Centurion and Healer","floor":27.0,"turns":9.0},{"damage":19.0,"enemies":"Cultist and Chosen","floor":28.0,"turns":8.0},{"damage":32,"enemies":"Collector","floor":33,"turns":13},{"damage":3,"enemies":"Orb Walker","floor":35,"turns":3},{"damage":44,"enemies":"3 Shapes","floor":37,"turns":6},{"damage":27,"enemies":"Transient","floor":39,"turns":1}],"seed_played":"5534141637815758158","potions_obtained":[{"floor":4.0,"key":"Strength Potion"},{"floor":7.0,"key":"FearPotion"},{"floor":13.0,"key":"Energy Potion"},{"floor":16.0,"key":"Fire Potion"},{"floor":18.0,"key":"EntropicBrew"},{"floor":27.0,"key":"AttackPotion"},{"floor":28.0,"key":"Ancient Potion"},{"floor":33,"key":"SkillPotion"},{"floor":35,"key":"SpeedPotion"}],"is_trial":false,"path_per_floor":["M","?","M","?","M","R","E","R","T","M","R","M","M","$","R","B",null,"M","?","M","M","M","R","M","R","T","M","M","?","R","$","R","B",null,"M","?","M","?","M"],"character_chosen":"DEFECT","items_purchased":["Conserve Battery","Turbo","Thunder Strike","Coolheaded"],"campfire_rested":4,"item_purchase_floors":[14,14,31,31],"current_hp_per_floor":[64,64,64,64,64,64,60,60,60,59,59,52,52,52,52,42,64,59,59,56,34,24,45,14,35,42,24,5,5,28,28,51,19,63,60,60,16,16,0],"gold":0,"neow_bonus":"THREE_ENEMY_KILL","is_prod":false,"is_daily":false,"chose_seed":false,"campfire_upgraded":4,"win_rate":0,"timestamp":1567711219,"path_taken":["M","?","?","?","M","R","E","R","T","M","R","M","M","$","R","BOSS","M","?","M","M","M","R","M","R","T","M","?","?","R","$","R","BOSS","M","?","M","?","M"],"build_version":"2019-07-17","purchased_purges":1,"victory":false,"max_hp_per_floor":[71,71,71,71,71,71,71,71,71,71,71,71,71,71,71,71,71,71,71,71,71,71,71,71,71,78,78,78,78,78,78,78,78,78,78,78,78,78,78],"card_choices":[{"not_picked":["Rebound","Coolheaded"],"picked":"Defragment","floor":1.0},{"not_picked":["Steam","Compile Driver"],"picked":"Chill","floor":3.0},{"not_picked":["Recycle","Hologram"],"picked":"Cold Snap","floor":5.0},{"not_picked":["Darkness","Gash"],"picked":"Melter","floor":7.0},{"not_picked":["Compile Driver","Turbo"],"picked":"Ball Lightning","floor":10.0},{"not_picked":["Steam","Redo"],"picked":"Sweeping Beam","floor":12.0},{"not_picked":["Go for the Eyes","Cold Snap"],"picked":"Compile Driver","floor":13.0},{"not_picked":["Multi-Cast","Hyperbeam"],"picked":"Biased Cognition","floor":16.0},{"not_picked":["Double Energy","Turbo"],"picked":"Cold Snap","floor":18.0},{"not_picked":["Turbo","Coolheaded"],"picked":"Hologram","floor":20.0},{"not_picked":["Sweeping Beam","Stack"],"picked":"Genetic Algorithm","floor":21.0},{"not_picked":["Skim","Rebound"],"picked":"Barrage+1","floor":22.0},{"not_picked":["Cold Snap","Sweeping Beam"],"picked":"Redo+1","floor":24.0},{"not_picked":["Compile Driver","Genetic Algorithm","Fusion"],"picked":"SKIP","floor":27.0},{"not_picked":["Stack","Leap"],"picked":"Sunder","floor":28.0},{"not_picked":["All For One","Hyperbeam"],"picked":"Buffer","floor":33},{"not_picked":["Tempest","Ball Lightning","Sunder"],"picked":"SKIP","floor":35},{"not_picked":["Go for the Eyes","Auto Shields+1"],"picked":"Cold Snap+1","floor":37}],"player_experience":1250564,"relics_obtained":[{"floor":7.0,"key":"Kunai"},{"floor":9.0,"key":"Whetstone"},{"floor":26.0,"key":"Strawberry"}],"event_choices":[{"damage_healed":0.0,"max_hp_gain":0.0,"max_hp_loss":0.0,"gold_gain":0.0,"event_name":"FaceTrader","player_choice":"Trade","floor":2.0,"gold_loss":0.0,"damage_taken":0.0,"relics_obtained":["GremlinMask"]},{"damage_healed":0.0,"max_hp_gain":0.0,"max_hp_loss":0.0,"gold_gain":0.0,"event_name":"The Woman in Blue","player_choice":"Bought 1 Potion","floor":4.0,"gold_loss":0.0,"damage_taken":0.0},{"damage_healed":0.0,"max_hp_gain":0.0,"max_hp_loss":0.0,"gold_gain":0.0,"event_name":"Accursed Blacksmith","player_choice":"Rummage","floor":19.0,"gold_loss":0.0,"damage_taken":0.0,"relics_obtained":["WarpedTongs"],"cards_obtained":["Pain"]},{"damage_healed":0.0,"max_hp_gain":0.0,"max_hp_loss":0.0,"gold_gain":0.0,"event_name":"Lab","player_choice":"Got Potions","floor":29.0,"gold_loss":0.0,"damage_taken":0.0},{"cards_removed":["Aggregate"],"damage_healed":0,"gold_gain":0,"player_choice":"Removed Skill","damage_taken":0,"max_hp_gain":0,"max_hp_loss":0,"event_name":"Falling","floor":36,"gold_loss":0},{"damage_healed":0,"gold_gain":0,"player_choice":"Paid","damage_taken":0,"relics_obtained":["Red Mask"],"max_hp_gain":0,"max_hp_loss":0,"event_name":"Tomb of Lord Red Mask","floor":38,"gold_loss":96}],"is_beta":false,"boss_relics":[{"not_picked":["Sozu","Nuclear Battery"],"picked":"Cursed Key"},{"not_picked":["Velvet Choker","Eternal Feather"],"picked":"Pandora\u0027s Box"}],"items_purged_floors":[14],"is_endless":false,"potions_floor_spawned":[7,13,16,18,27,28,33,35],"killed_by":"Transient","ascension_level":18}