{"gold_per_floor":[116,130,140,140,156,184,184,195,195,210,210],"floor_reached":11,"playtime":2914,"items_purged":[],"score":154,"play_id":"fef86162-afcf-43f1-9903-50a326fe2408","local_time":"20190507022448","is_ascension_mode":true,"campfire_choices":[{"floor":7,"key":"REST"}],"neow_cost":"NONE","seed_source_timestamp":1092468660543957,"circlet_count":0,"master_deck":["AscendersBane","Defend_G","Defend_G","Defend_G","Defend_G","Defend_G","Strike_G","Strike_G","Strike_G","Strike_G","Strike_G","Survivor","Neutralize+1","Flying Knee","Flechettes","Dash","Deadly Poison","Storm of Steel","Poisoned Stab","All Out Attack"],"relics":["Ring of the Snake","Potion Belt"],"potions_floor_usage":[5,6,11],"damage_taken":[{"damage":3,"enemies":"Jaw Worm","floor":1,"turns":4},{"damage":0,"enemies":"2 Louse","floor":2,"turns":3},{"damage":0,"enemies":"Cultist","floor":3,"turns":3},{"damage":1,"enemies":"2 Fungi Beasts","floor":5,"turns":4},{"damage":34,"enemies":"3 Sentries","floor":6,"turns":10},{"damage":9,"enemies":"Red Slaver","floor":8,"turns":4},{"damage":5,"enemies":"Gremlin Gang","floor":10,"turns":4},{"damage":45,"enemies":"Gremlin Nob","floor":11,"turns":4}],"seed_played":"-1419421663097029422","potions_obtained":[{"floor":2,"key":"Swift Potion"},{"floor":3,"key":"SkillPotion"},{"floor":8,"key":"Weak Potion"}],"is_trial":false,"path_per_floor":["M","M","M","?","M","E","R","M","T","M","E"],"character_chosen":"THE_SILENT","items_purchased":[],"campfire_rested":1,"item_purchase_floors":[],"current_hp_per_floor":[56,56,56,56,55,21,40,31,31,26,0],"gold":210,"neow_bonus":"UPGRADE_CARD","is_prod":false,"is_daily":false,"chose_seed":false,"campfire_upgraded":0,"win_rate":0,"timestamp":1557210288,"path_taken":["M","M","M","?","M","E","R","M","T","M","E"],"build_version":"2019-01-23","purchased_purges":0,"victory":false,"max_hp_per_floor":[66,66,66,66,66,66,66,66,66,66,66],"card_choices":[{"not_picked":["Heel Hook","Leg Sweep"],"picked":"Flying Knee","floor":1},{"not_picked":["Backflip","Footwork"],"picked":"Flechettes","floor":2},{"not_picked":["Blur","Leg Sweep"],"picked":"Dash","floor":3},{"not_picked":["Sucker Punch","Blade Dance"],"picked":"Deadly Poison","floor":5},{"not_picked":["Blade Dance","Outmaneuver"],"picked":"Storm of Steel","floor":6},{"not_picked":["Setup","Reflex"],"picked":"Poisoned Stab","floor":8},{"not_picked":["Flechettes","Acrobatics"],"picked":"All Out Attack","floor":10}],"player_experience":1482747,"relics_obtained":[{"floor":6,"key":"Potion Belt"}],"event_choices":[{"damage_healed":0,"gold_gain":0,"player_choice":"Ignored","damage_taken":0,"max_hp_gain":0,"max_hp_loss":0,"event_name":"Shining Light","floor":4,"gold_loss":0}],"is_beta":false,"boss_relics":[],"items_purged_floors":[],"is_endless":false,"potions_floor_spawned":[2,3,8],"killed_by":"Gremlin Nob","ascension_level":20}