{"gold_per_floor":[112,127,142,153,166,197,215,215,215,215,235,235,235,23,23,96,96,112,65,84,94,40,40,72,92,169,187,14,14,24,38,38,38],"floor_reached":33,"playtime":3167,"items_purged":["Strike_G"],"score":550,"play_id":"d53cede3-f161-4725-941d-571f0a331489","local_time":"20181229223225","is_ascension_mode":true,"campfire_choices":[{"data":"Finisher","floor":8,"key":"SMITH"},{"floor":10,"key":"REST"},{"data":"After Image","floor":13,"key":"SMITH"},{"data":"Backflip","floor":15,"key":"SMITH"},{"data":"Crippling Poison","floor":23,"key":"SMITH"},{"floor":29,"key":"REST"},{"floor":32,"key":"REST"}],"neow_cost":"NONE","seed_source_timestamp":765085959511537,"circlet_count":0,"master_deck":["AscendersBane","Defend_G","Defend_G","Defend_G","Defend_G","Defend_G","Strike_G","Strike_G+1","Strike_G","Survivor","Neutralize","Quick Slash","Underhanded Strike","Finisher+1","Crippling Poison+1","After Image+1","PiercingWail","Backflip+1","Infinite Blades","Adrenaline","Dash+1","Dagger Spray+1","Slice","Endless Agony","Poisoned Stab+1","Acrobatics"],"relics":["Ring of the Snake","Blue Candle","Gremlin Horn","White Beast Statue","Lantern","Bag of Marbles","Whetstone"],"potions_floor_usage":[4,5,16,19,20,24,24,33,33],"damage_taken":[{"damage":6,"enemies":"Jaw Worm","floor":1,"turns":8},{"damage":0,"enemies":"Cultist","floor":2,"turns":4},{"damage":0,"enemies":"2 Louse","floor":3,"turns":2},{"damage":2,"enemies":"Lots of Slimes","floor":4,"turns":6},{"damage":5,"enemies":"3 Louse","floor":5,"turns":6},{"damage":46,"enemies":"Gremlin Nob","floor":6,"turns":5},{"damage":5,"enemies":"Blue Slaver","floor":7,"turns":5},{"damage":8,"enemies":"Large Slime","floor":11,"turns":6},{"damage":10,"enemies":"The Guardian","floor":16,"turns":17},{"damage":12,"enemies":"Shell Parasite","floor":18,"turns":9},{"damage":21,"enemies":"2 Thieves","floor":19,"turns":5},{"damage":3,"enemies":"3 Cultists","floor":20,"turns":4},{"damage":0,"enemies":"Centurion and Healer","floor":21,"turns":6},{"damage":1,"enemies":"Slavers","floor":24,"turns":6},{"damage":9,"enemies":"Snecko","floor":25,"turns":5},{"damage":17,"enemies":"Cultist and Chosen","floor":27,"turns":5},{"damage":3,"enemies":"Snake Plant","floor":30,"turns":6},{"damage":0,"enemies":"3 Cultists","floor":31,"turns":4},{"damage":47,"enemies":"Collector","floor":33,"turns":7}],"seed_played":"-1208150973349009087","potions_obtained":[{"floor":0,"key":"Dexterity Potion"},{"floor":0,"key":"Weak Potion"},{"floor":1,"key":"Block Potion"},{"floor":4,"key":"Regen Potion"},{"floor":5,"key":"Dexterity Potion"},{"floor":18,"key":"Regen Potion"},{"floor":19,"key":"Strength Potion"},{"floor":20,"key":"GamblersBrew"},{"floor":21,"key":"Strength Potion"},{"floor":24,"key":"Strength Potion"},{"floor":25,"key":"Swift Potion"}],"is_trial":false,"path_per_floor":["M","M","M","M","M","E","M","R","T","R","M","?","R","$","R","B",null,"M","M","M","M","?","R","E","M","T","M","$","R","M","M","R","B"],"character_chosen":"THE_SILENT","items_purchased":["Backflip","Infinite Blades","Whetstone"],"campfire_rested":3,"item_purchase_floors":[14,14,28],"current_hp_per_floor":[53,53,53,51,61,15,10,10,10,29,21,21,21,21,21,11,52,40,34,31,31,31,31,30,21,21,4,4,23,20,20,39,0],"gold":38,"neow_bonus":"THREE_SMALL_POTIONS","is_prod":false,"is_daily":false,"chose_seed":false,"campfire_upgraded":4,"win_rate":0,"timestamp":1546140745,"path_taken":["M","M","M","M","M","E","M","R","T","R","M","?","R","$","R","BOSS","M","M","?","M","?","R","E","M","T","M","$","R","M","?","R","BOSS"],"build_version":"2018-12-20","purchased_purges":1,"victory":false,"max_hp_per_floor":[66,66,66,66,66,66,66,66,66,66,66,66,66,66,66,66,66,66,66,66,66,66,66,66,66,66,66,66,66,66,66,66,66],"card_choices":[{"not_picked":["PiercingWail","Reflex"],"picked":"Quick Slash","floor":1},{"not_picked":["Deadly Poison","Expertise","Tactician"],"picked":"SKIP","floor":2},{"not_picked":["Accuracy","Quick Slash"],"picked":"Underhanded Strike","floor":3},{"not_picked":["PiercingWail","Dagger Spray"],"picked":"Finisher","floor":4},{"not_picked":["Outmaneuver","Dodge and Roll","Deadly Poison"],"picked":"SKIP","floor":5},{"not_picked":["Deadly Poison","Prepared"],"picked":"Crippling Poison","floor":6},{"not_picked":["Quick Slash","Backflip"],"picked":"After Image","floor":7},{"not_picked":["Deflect","Reflex"],"picked":"PiercingWail","floor":11},{"not_picked":["A Thousand Cuts","Grand Finale"],"picked":"Adrenaline","floor":16},{"not_picked":["Underhanded Strike","Catalyst"],"picked":"Dash","floor":18},{"not_picked":["Blade Dance+1","Deadly Poison"],"picked":"Dagger Spray+1","floor":19},{"not_picked":["Outmaneuver","Prepared"],"picked":"Slice","floor":20},{"not_picked":["Prepared","Dodge and Roll","Backflip"],"picked":"SKIP","floor":21},{"not_picked":["Quick Slash","Choke"],"picked":"Endless Agony","floor":24},{"not_picked":["Deadly Poison","Flying Knee"],"picked":"Poisoned Stab+1","floor":25},{"not_picked":["Distraction","Glass Knife","Poisoned Stab"],"picked":"SKIP","floor":27},{"not_picked":["Dagger Spray","Dash+1","Blur"],"picked":"SKIP","floor":30},{"not_picked":["Quick Slash","Deadly Poison"],"picked":"Acrobatics","floor":31}],"player_experience":1109415,"relics_obtained":[{"floor":6,"key":"Blue Candle"},{"floor":9,"key":"Gremlin Horn"},{"floor":24,"key":"Bag of Marbles"}],"event_choices":[{"cards_removed":["Strike_G"],"damage_healed":0,"gold_gain":0,"player_choice":"Purged","damage_taken":0,"max_hp_gain":0,"max_hp_loss":0,"event_name":"Purifier","floor":12,"gold_loss":0},{"damage_healed":0,"gold_gain":0,"player_choice":"Paid Gold","damage_taken":0,"relics_obtained":["Lantern"],"max_hp_gain":0,"max_hp_loss":0,"event_name":"WeMeetAgain","floor":22,"gold_loss":54}],"is_beta":false,"boss_relics":[{"not_picked":["Runic Dome","Empty Cage"],"picked":"White Beast Statue"}],"items_purged_floors":[14],"is_endless":false,"potions_floor_spawned":[1,2,4,5,18,19,20,21,24,25,27,30,31],"killed_by":"Collector","ascension_level":20}