{"gold_per_floor":[210,135,135,9,23,53,353,353,406,424,440,440,46,63,63,165,165,177,177,27,42,61,61,91,110,156,156,156,156],"floor_reached":29,"playtime":1633,"items_purged":["Strike_G","Defend_G","Strike_G","Decay"],"score":306,"play_id":"2e2cc9eb-dffb-478a-98a4-44e0bcca8b22","local_time":"20180802092949","is_ascension_mode":true,"campfire_choices":[{"data":"Envenom","floor":8,"key":"SMITH"},{"floor":12,"key":"REST"},{"data":"Accuracy","floor":15,"key":"SMITH"},{"floor":23,"key":"REST"},{"floor":27,"key":"REST"}],"neow_cost":"NONE","seed_source_timestamp":1865003859803927,"circlet_count":0,"master_deck":["Defend_G","Defend_G","Defend_G","Defend_G","Strike_G","Strike_G","Strike_G+1","Survivor","Neutralize+1","Infinite Blades","Envenom+1","Deflect","Dodge and Roll","PiercingWail","Dodge and Roll","Escape Plan","Accuracy+1","Blade Dance","Burst","Heel Hook+1","Cloak And Dagger+1","Calculated Gamble"],"relics":["Ring of the Snake","Gremlin Horn","Old Coin","Snake Skull","Sling","Black Star","Smiling Mask","Shuriken","Whetstone"],"potions_floor_usage":[16,16,22,22,24,28],"damage_taken":[{"damage":0,"enemies":"2 Louse","floor":1,"turns":3},{"damage":0,"enemies":"Cultist","floor":5,"turns":5},{"damage":31,"enemies":"3 Sentries","floor":6,"turns":10},{"damage":3,"enemies":"Jaw Worm","floor":10,"turns":4},{"damage":1,"enemies":"Blue Slaver","floor":11,"turns":4},{"damage":0,"enemies":"3 Louse","floor":14,"turns":5},{"damage":10,"enemies":"The Guardian","floor":16,"turns":9},{"damage":37,"enemies":"Spheric Guardian","floor":18,"turns":8},{"damage":0,"enemies":"Chosen","floor":21,"turns":4},{"damage":22,"enemies":"Snake Plant","floor":22,"turns":5},{"damage":12,"enemies":"Book of Stabbing","floor":24,"turns":6},{"damage":6,"enemies":"3 Cultists","floor":25,"turns":5},{"damage":0,"enemies":"Snecko","floor":28,"turns":3},{"damage":39,"enemies":"Gremlin Leader","floor":29,"turns":3}],"seed_played":"-6568709726696830349","potions_obtained":[{"floor":5,"key":"Strength Potion"},{"floor":11,"key":"Energy Potion"},{"floor":14,"key":"Dexterity Potion"},{"floor":16,"key":"SpeedPotion"},{"floor":21,"key":"LiquidBronze"},{"floor":22,"key":"SmokeBomb"},{"floor":25,"key":"FairyPotion"}],"is_trial":false,"path_per_floor":["M","$","?","$","M","E","?","R","T","M","M","R","$","M","R","B",null,"M","?","$","M","M","R","E","M","T","R","M"],"character_chosen":"THE_SILENT","items_purchased":["Deflect","Accuracy","Sling"],"campfire_rested":3,"item_purchase_floors":[4,13,13],"current_hp_per_floor":[70,70,70,70,70,39,32,32,32,29,28,49,49,49,49,39,62,25,25,25,25,3,24,12,6,6,27,27,0],"gold":156,"neow_bonus":"HUNDRED_GOLD","is_prod":false,"is_daily":false,"chose_seed":false,"campfire_upgraded":2,"win_rate":0,"timestamp":1533216589,"path_taken":["M","$","?","$","M","E","?","R","T","M","M","R","$","?","R","BOSS","M","?","$","M","M","R","E","M","T","R","M","E"],"build_version":"2018-07-26","purchased_purges":4,"victory":false,"max_hp_per_floor":[70,70,70,70,70,70,70,70,70,70,70,70,70,70,70,70,70,70,70,70,70,70,70,70,70,70,70,70,70],"card_choices":[{"not_picked":["Sucker Punch","Blur"],"picked":"Infinite Blades","floor":1},{"not_picked":["Choke","All Out Attack"],"picked":"Dodge and Roll","floor":5},{"not_picked":["Skewer","Deflect"],"picked":"PiercingWail","floor":6},{"not_picked":["Flying Knee","Dagger Throw"],"picked":"Dodge and Roll","floor":10},{"not_picked":["Crippling Poison","Flying Knee"],"picked":"Escape Plan","floor":11},{"not_picked":["Unload","Outmaneuver"],"picked":"Blade Dance","floor":14},{"not_picked":["A Thousand Cuts","After Image"],"picked":"Burst","floor":16},{"not_picked":["Sucker Punch","Slice+1"],"picked":"Heel Hook+1","floor":18},{"not_picked":["Dagger Spray","Crippling Poison"],"picked":"Cloak And Dagger+1","floor":21},{"not_picked":["Bouncing Flask","Flying Knee"],"picked":"Calculated Gamble","floor":22},{"not_picked":["Crippling Poison","Acrobatics","Outmaneuver"],"picked":"SKIP","floor":24},{"not_picked":["Concentrate","Bane+1","Dagger Spray"],"picked":"SKIP","floor":25}],"player_experience":350782,"relics_obtained":[{"floor":6,"key":"Gremlin Horn"},{"floor":9,"key":"Snake Skull"},{"floor":24,"key":"Smiling Mask"},{"floor":24,"key":"Shuriken"},{"floor":26,"key":"Whetstone"}],"event_choices":[{"event_name":"Match and Keep!","player_choice":"1 cards matched","floor":3,"damage_taken":0},{"event_name":"Scrap Ooze","player_choice":"success","floor":7,"damage_taken":7},{"event_name":"Forgotten Altar","player_choice":"Smashed Altar","floor":19,"damage_taken":0}],"is_beta":false,"boss_relics":[{"not_picked":["Busted Crown","Cursed Key"],"picked":"Black Star"}],"items_purged_floors":[2,4,13,20],"is_endless":false,"potions_floor_spawned":[5,11,14,16,21,22,25],"killed_by":"Gremlin Leader","ascension_level":5}