{"path_per_floor":["M","?","M","?","$","R","E","?","T","M","R","M","R","T","R","B",null,"M","M","?","$","M","R","M","R","T","M","R","?","?","E","R","B",null,"M","?","T","?","M","M","R","E","T","$","?","M","M","?","R"],"character_chosen":"IRONCLAD","items_purchased":["Tiny Chest","Armaments","Mind Blast","Thunderclap","Offering","Wild Strike"],"gold_per_floor":[117,292,305,305,50,50,80,80,80,96,96,107,107,107,107,204,204,220,236,236,112,124,124,143,143,192,204,204,129,44,76,76,175,175,190,0,0,0,11,27,27,53,76,30,30,46,65,119,119,119],"floor_reached":50,"campfire_rested":0,"playtime":2731,"current_hp_per_floor":[76,76,80,80,80,80,60,57,57,63,63,67,67,67,67,58,80,79,80,40,40,40,40,40,40,40,40,40,40,40,40,40,27,40,40,40,40,35,40,40,40,33,33,33,33,27,40,37,37,0],"items_purged":[],"gold":119,"score":615,"play_id":"a13c2d66-de3c-4dbe-b399-634e7f329cc1","local_time":"20180330033945","is_prod":false,"is_daily":false,"is_ascension_mode":true,"campfire_upgraded":7,"timestamp":1522395585,"path_taken":["M","?","M","?","$","R","E","?","T","?","R","M","R","?","R","BOSS","M","M","?","$","M","R","?","R","T","M","R","?","?","E","R","BOSS","M","?","?","?","M","M","R","E","T","$","?","M","M","?","R","BOSS"],"build_version":"2018-03-29","purchased_purges":0,"victory":false,"master_deck":["Strike_R","Strike_R","Strike_R","Strike_R","Defend_R","Defend_R","Defend_R+1","Defend_R","Bash","Iron Wave+1","Wild Strike","Armaments+1","Mind Blast+1","Heavy Blade+1","Metallicize+1","Impervious+1","Bludgeon+1","Body Slam+1","Bloodletting","Ghostly","Ghostly","Ghostly+1","Ghostly","Ghostly","Thunderclap+1","Offering","Flame Barrier+1","Battle Trance","Havoc","Evolve+1","Feed","Wild Strike+1","Madness","Madness","Spot Weakness+1","Second Wind+1","Shrug It Off+1","Wild Strike","Uppercut+1","Rampage+1"],"max_hp_per_floor":[80,80,80,80,80,80,80,80,80,80,80,80,80,80,80,80,80,80,80,40,40,40,40,40,40,40,40,40,40,40,40,40,40,40,40,40,40,40,40,40,40,40,40,40,40,40,40,40,40,40],"relics":["Burning Blood","Bronze Scales","Tiny Chest","Orichalcum","Oddly Smooth Stone","Sundial","Thread and Needle","White Beast Statue","Juzu Bracelet","Shovel","Art of War","Regal Pillow","Mark of Pain","Red Mask","Torii","Smiling Mask","Meat on the Bone","War Paint","Peace Pipe","Whetstone"],"card_choices":[{"not_picked":["Combust","Twin Strike"],"picked":"Iron Wave","floor":1},{"not_picked":["Evolve","Perfected Strike"],"picked":"Wild Strike","floor":3},{"not_picked":["Havoc","Sentinel"],"picked":"Heavy Blade","floor":7},{"not_picked":["Iron Wave","Shrug It Off"],"picked":"Metallicize","floor":10},{"not_picked":["Heavy Blade","Clash"],"picked":"Impervious","floor":12},{"not_picked":["Feed","Immolate"],"picked":"Bludgeon","floor":16},{"not_picked":["Ghostly Armor","Pommel Strike"],"picked":"Body Slam","floor":18},{"not_picked":["Wild Strike","Rupture"],"picked":"Bloodletting","floor":19},{"not_picked":["Cleave","Thunderclap"],"picked":"Flame Barrier","floor":22},{"not_picked":["Heavy Blade","Bloodletting"],"picked":"Battle Trance","floor":24},{"not_picked":["Hemokinesis","Perfected Strike"],"picked":"Havoc","floor":27},{"not_picked":["Body Slam","Offering"],"picked":"Evolve","floor":31},{"not_picked":["Juggernaut","Barricade"],"picked":"Feed","floor":33},{"not_picked":["Evolve","Pommel Strike"],"picked":"Wild Strike","floor":35},{"not_picked":["True Grit","Hemokinesis"],"picked":"Spot Weakness","floor":39},{"not_picked":["Armaments","Flex"],"picked":"Second Wind","floor":40},{"not_picked":["Iron Wave","Heavy Blade"],"picked":"Shrug It Off","floor":42},{"not_picked":["Wild Strike","Entrench"],"picked":"Uppercut","floor":46},{"not_picked":["Armaments","Perfected Strike"],"picked":"Rampage","floor":48}],"player_experience":157104,"potions_floor_usage":[7,22,27,31,33,33,33,40,40,46,47,47,48],"damage_taken":[{"damage":10,"enemies":"Small Slimes","floor":1,"turns":3},{"damage":2,"enemies":"2 Louse","floor":3,"turns":4},{"damage":26,"enemies":"Lagavulin","floor":7,"turns":5},{"damage":0,"enemies":"Cultist","floor":10,"turns":3},{"damage":2,"enemies":"Large Slime","floor":12,"turns":7},{"damage":15,"enemies":"The Guardian","floor":16,"turns":13},{"damage":7,"enemies":"Spheric Guardian","floor":18,"turns":6},{"damage":0,"enemies":"Chosen","floor":19,"turns":5},{"damage":0,"enemies":"3 Cultists","floor":22,"turns":7},{"damage":5,"enemies":"Slaver and Parasite","floor":24,"turns":7},{"damage":4,"enemies":"Centurion and Healer","floor":27,"turns":7},{"damage":4,"enemies":"Slavers","floor":31,"turns":6},{"damage":34,"enemies":"Collector","floor":33,"turns":13},{"damage":1,"enemies":"3 Darklings","floor":35,"turns":6},{"damage":0,"enemies":"Orb Walker","floor":39,"turns":3},{"damage":2,"enemies":"3 Darklings","floor":40,"turns":6},{"damage":13,"enemies":"2 Orb Walkers","floor":42,"turns":6},{"damage":12,"enemies":"4 Shapes","floor":46,"turns":7},{"damage":3,"enemies":"Sphere and 2 Shapes","floor":47,"turns":5},{"damage":21,"enemies":"Mysterious Sphere","floor":48,"turns":8},{"damage":49,"enemies":"Awakened One","floor":50,"turns":8}],"event_choices":[{"event_name":"Liars Game","player_choice":"agreed","floor":2,"damage_taken":0},{"event_name":"Purifier","player_choice":"Skipped","floor":4,"damage_taken":0},{"event_name":"Scrap Ooze","player_choice":"success","floor":8,"damage_taken":3},{"event_name":"Ghosts","player_choice":"Became a Ghost","floor":20,"damage_taken":0},{"event_name":"Beggar","player_choice":"Gave Gold","floor":29,"damage_taken":0},{"event_name":"Addict","player_choice":"Obtained Relic","floor":30,"damage_taken":0},{"event_name":"Tomb of Lord Red Mask","player_choice":"Paid","floor":36,"damage_taken":0},{"event_name":"Winding Halls","player_choice":"Embrace Madness","floor":38,"damage_taken":0},{"event_name":"Mysterious Sphere","player_choice":"Fight","floor":48,"damage_taken":0}],"boss_relics":[{"not_picked":["Cursed Key","Snecko Eye"],"picked":"White Beast Statue"},{"not_picked":["Tiny House","Black Blood"],"picked":"Mark of Pain"}],"potions_floor_spawned":[1,12,18,19,22,24,27,31,33,35,39,40,42,46,47,48],"seed_played":"3006481509365296723","killed_by":"Awakened One","ascension_level":2,"is_trial":false}