{"gold_per_floor":[119,41,58,78,94,94,124,144,144,157,171,171,67,92,92,171,171,186,196,212,225,242,242,261,292,292,311,311,236,269,269,269,269],"floor_reached":33,"playtime":1856,"items_purged":["Strike_G"],"score":656,"play_id":"24ffb91d-b421-4e1f-bb95-c91a6eca6b29","local_time":"20190102184432","is_ascension_mode":true,"campfire_choices":[{"data":"Noxious Fumes","floor":6,"key":"SMITH"},{"data":"Die Die Die","floor":12,"key":"SMITH"},{"data":"Skewer","floor":15,"key":"SMITH"},{"floor":23,"key":"REST"},{"floor":28,"key":"REST"},{"data":"Footwork","floor":32,"key":"SMITH"}],"neow_cost":"NONE","seed_source_timestamp":666401196436101,"circlet_count":0,"master_deck":["AscendersBane","Defend_G","Defend_G","Defend_G","Defend_G","Defend_G","Strike_G","Strike_G","Survivor","Neutralize","Slice","Noxious Fumes+1","Sucker Punch","Backstab","Die Die Die+1","Skewer+1","Backflip","Crippling Poison","Adrenaline","Endless Agony+1","PiercingWail","Cloak And Dagger","Dagger Spray+1","Escape Plan","Footwork+1","Die Die Die","Predator"],"relics":["Ring of the Snake","Centennial Puzzle","Pen Nib","Gremlin Horn","Pantograph","Cursed Key","Bottled Lightning","Ancient Tea Set","Omamori"],"potions_floor_usage":[7,7,16,16,19,20,24,30],"damage_taken":[{"damage":0,"enemies":"Cultist","floor":1,"turns":6},{"damage":12,"enemies":"Small Slimes","floor":3,"turns":4},{"damage":4,"enemies":"2 Louse","floor":4,"turns":3},{"damage":0,"enemies":"Looter","floor":5,"turns":4},{"damage":6,"enemies":"Gremlin Nob","floor":7,"turns":3},{"damage":9,"enemies":"Exordium Thugs","floor":8,"turns":3},{"damage":4,"enemies":"Exordium Wildlife","floor":10,"turns":4},{"damage":0,"enemies":"3 Louse","floor":11,"turns":1},{"damage":0,"enemies":"3 Sentries","floor":14,"turns":1},{"damage":1,"enemies":"Slime Boss","floor":16,"turns":4},{"damage":1,"enemies":"Spheric Guardian","floor":18,"turns":3},{"damage":6,"enemies":"Shell Parasite","floor":19,"turns":3},{"damage":38,"enemies":"Snecko","floor":20,"turns":6},{"damage":13,"enemies":"Snake Plant","floor":21,"turns":2},{"damage":0,"enemies":"Centurion and Healer","floor":22,"turns":5},{"damage":3,"enemies":"Cultist and Chosen","floor":24,"turns":4},{"damage":4,"enemies":"Slavers","floor":25,"turns":4},{"damage":15,"enemies":"Snake Plant","floor":27,"turns":3},{"damage":3,"enemies":"Book of Stabbing","floor":30,"turns":3},{"damage":57,"enemies":"Automaton","floor":33,"turns":6}],"seed_played":"6666955709803197806","potions_obtained":[{"floor":3,"key":"Poison Potion"},{"floor":5,"key":"Strength Potion"},{"floor":7,"key":"GhostInAJar"},{"floor":10,"key":"Strength Potion"},{"floor":16,"key":"AttackPotion"},{"floor":19,"key":"AttackPotion"},{"floor":22,"key":"Swift Potion"},{"floor":27,"key":"GamblersBrew"}],"is_trial":false,"path_per_floor":["M","$","M","M","M","R","E","M","T","M","M","R","$","E","R","B",null,"M","M","M","M","M","R","M","E","T","M","R","?","E","?","R","B"],"character_chosen":"THE_SILENT","items_purchased":["Noxious Fumes","Backflip"],"campfire_rested":2,"item_purchase_floors":[2,13],"current_hp_per_floor":[59,59,47,43,43,43,37,28,28,24,24,24,24,24,24,48,62,61,55,17,4,4,23,20,16,16,1,20,20,17,17,17,0],"gold":269,"neow_bonus":"RANDOM_COMMON_RELIC","is_prod":false,"is_daily":false,"chose_seed":false,"campfire_upgraded":4,"win_rate":0,"timestamp":1546472672,"path_taken":["M","$","M","M","M","R","E","M","T","M","M","R","$","E","R","BOSS","M","?","M","M","M","R","M","E","T","M","R","?","E","?","R","BOSS"],"build_version":"2018-12-20","purchased_purges":1,"victory":false,"max_hp_per_floor":[66,66,66,66,66,66,66,66,66,66,66,66,66,66,66,66,66,66,66,66,66,66,66,66,66,66,66,66,66,66,66,66,66],"card_choices":[{"not_picked":["Heel Hook","Backflip"],"picked":"Slice","floor":1},{"not_picked":["Underhanded Strike","Deflect","Masterful Stab"],"picked":"SKIP","floor":3},{"not_picked":["Backflip","Calculated Gamble"],"picked":"Sucker Punch","floor":4},{"not_picked":["Calculated Gamble","Slice"],"picked":"Backstab","floor":5},{"not_picked":["Phantasmal Killer","Flechettes"],"picked":"Die Die Die","floor":7},{"not_picked":["Dagger Throw","Catalyst","Escape Plan"],"picked":"SKIP","floor":8},{"not_picked":["Outmaneuver","Dagger Spray"],"picked":"Skewer","floor":10},{"not_picked":["Caltrops","Tactician","Setup"],"picked":"SKIP","floor":11},{"not_picked":["Reflex","Caltrops"],"picked":"Crippling Poison","floor":14},{"not_picked":["Phantasmal Killer","Die Die Die"],"picked":"Adrenaline","floor":16},{"not_picked":["Bane+1","Dodge and Roll"],"picked":"Endless Agony+1","floor":18},{"not_picked":["Poisoned Stab+1","Underhanded Strike"],"picked":"PiercingWail","floor":19},{"not_picked":["Quick Slash","Catalyst","Dodge and Roll"],"picked":"SKIP","floor":20},{"not_picked":["Burst","Underhanded Strike"],"picked":"Cloak And Dagger","floor":21},{"not_picked":["Slice","Riddle With Holes"],"picked":"Dagger Spray+1","floor":22},{"not_picked":["Masterful Stab+1","Flying Knee","Backflip"],"picked":"SKIP","floor":24},{"not_picked":["Deadly Poison","PiercingWail","Skewer"],"picked":"SKIP","floor":25},{"not_picked":["Catalyst","Prepared"],"picked":"Escape Plan","floor":27},{"not_picked":["Expertise+1","Noxious Fumes"],"picked":"Footwork","floor":30}],"player_experience":1138634,"relics_obtained":[{"floor":7,"key":"Pen Nib"},{"floor":9,"key":"Gremlin Horn"},{"floor":14,"key":"Pantograph"},{"floor":25,"key":"Bottled Lightning"},{"floor":26,"key":"Ancient Tea Set"},{"floor":30,"key":"Omamori"}],"event_choices":[{"cards_removed":["Doubt"],"damage_healed":0,"gold_gain":0,"player_choice":"Gave Gold","damage_taken":0,"max_hp_gain":0,"max_hp_loss":0,"event_name":"Beggar","floor":29,"gold_loss":75},{"damage_healed":0,"gold_gain":0,"cards_transformed":["Strike_G","Strike_G"],"player_choice":"Became Test Subject","damage_taken":0,"max_hp_gain":0,"max_hp_loss":0,"event_name":"Drug Dealer","floor":31,"gold_loss":0,"cards_obtained":["Die Die Die","Predator"]}],"is_beta":false,"boss_relics":[{"not_picked":["Philosopher\u0027s Stone","Eternal Feather"],"picked":"Cursed Key"}],"items_purged_floors":[13],"is_endless":false,"potions_floor_spawned":[3,5,7,10,11,16,19,22,27],"killed_by":"Automaton","ascension_level":20}