{"gold_per_floor":[110,120,134,84,9,9,9,40,40,40,70,89,100,100,100,200,200,184,184],"floor_reached":19,"playtime":897,"items_purged":["Defend_B"],"score":293,"play_id":"9a4be51e-d223-45dc-b366-2fbf231cef9c","local_time":"20181103023652","is_ascension_mode":true,"campfire_choices":[{"data":"Glacier","floor":6,"key":"SMITH"},{"data":"Loop","floor":15,"key":"SMITH"}],"neow_cost":"NONE","seed_source_timestamp":539720889908177,"circlet_count":0,"master_deck":["Strike_B","Defend_B","Defend_B","Zap","Dualcast","Ball Lightning+1","Glacier+1","Double Energy","Core Surge","Loop+1","Gash+1","Gash","Fission","Redo+1","Fission+1","Gash+1","Cold Snap"],"relics":["Philosopher\u0027s Stone","FossilizedHelix","Du-Vu Doll","Potion Belt","Astrolabe"],"potions_floor_usage":[11,13,19],"damage_taken":[{"damage":0,"enemies":"Small Slimes","floor":1,"turns":3},{"damage":3,"enemies":"Cultist","floor":2,"turns":3},{"damage":1,"enemies":"Jaw Worm","floor":3,"turns":4},{"damage":6,"enemies":"Gremlin Nob","floor":8,"turns":4},{"damage":0,"enemies":"Lagavulin","floor":11,"turns":5},{"damage":0,"enemies":"Gremlin Gang","floor":12,"turns":4},{"damage":17,"enemies":"Exordium Thugs","floor":13,"turns":4},{"damage":22,"enemies":"Slime Boss","floor":16,"turns":10},{"damage":34,"enemies":"2 Thieves","floor":18,"turns":4},{"damage":27,"enemies":"3 Byrds","floor":19,"turns":2}],"seed_played":"1586302825650389417","potions_obtained":[{"floor":3,"key":"SpeedPotion"},{"floor":8,"key":"Weak Potion"},{"floor":18,"key":"SpeedPotion"}],"is_trial":false,"path_per_floor":["M","M","M","?","$","R","?","E","T","$","E","M","M","?","R","B",null,"M","M"],"character_chosen":"DEFECT","items_purchased":[],"campfire_rested":0,"item_purchase_floors":[],"current_hp_per_floor":[68,65,64,64,64,64,64,58,58,58,58,58,41,41,41,19,61,27,0],"gold":184,"neow_bonus":"BOSS_RELIC","is_prod":false,"is_daily":false,"chose_seed":false,"campfire_upgraded":2,"win_rate":0,"timestamp":1541227012,"path_taken":["M","M","M","?","$","R","?","E","T","$","E","M","?","?","R","BOSS","M","M"],"build_version":"2018-11-01","purchased_purges":1,"victory":false,"max_hp_per_floor":[75,75,75,75,75,75,75,75,75,75,75,75,75,75,75,75,75,75,75],"card_choices":[{"not_picked":["Auto Shields","Redo"],"picked":"Ball Lightning","floor":1},{"not_picked":["Barrage","Coolheaded"],"picked":"Glacier","floor":2},{"not_picked":["Self Repair","Redo"],"picked":"Double Energy","floor":3},{"not_picked":["Coolheaded","Aggregate"],"picked":"Core Surge","floor":8},{"not_picked":["Streamline","Static Discharge"],"picked":"Loop","floor":11},{"not_picked":["Hologram","Consume"],"picked":"Gash","floor":12},{"not_picked":["Turbo","Reinforced Body"],"picked":"Gash","floor":13},{"not_picked":["Buffer","Hyperbeam"],"picked":"Fission","floor":16},{"not_picked":["Double Energy+1","Barrage"],"picked":"Cold Snap","floor":18}],"player_experience":580370,"relics_obtained":[{"floor":8,"key":"FossilizedHelix"},{"floor":9,"key":"Du-Vu Doll"},{"floor":11,"key":"Potion Belt"}],"event_choices":[{"cards_removed":["Strike_B"],"damage_healed":0,"gold_gain":0,"player_choice":"Card Removal","damage_taken":0,"max_hp_gain":0,"max_hp_loss":0,"event_name":"The Cleric","floor":4,"gold_loss":50},{"damage_healed":0,"gold_gain":0,"player_choice":"Forge","damage_taken":0,"max_hp_gain":0,"max_hp_loss":0,"event_name":"Accursed Blacksmith","floor":7,"gold_loss":0,"cards_upgraded":["Ball Lightning"]},{"damage_healed":0,"gold_gain":0,"player_choice":"Upgraded","damage_taken":0,"max_hp_gain":0,"max_hp_loss":0,"event_name":"Upgrade Shrine","floor":14,"gold_loss":0,"cards_upgraded":["Gash"]}],"is_beta":false,"boss_relics":[{"not_picked":["Ectoplasm","Busted Crown"],"picked":"Astrolabe"}],"items_purged_floors":[5],"is_endless":false,"potions_floor_spawned":[3,8,18],"killed_by":"3 Byrds","ascension_level":9}