{"gold_per_floor":[111,124,139,155,172,172,206,206,260,260,285,285,285,285],"floor_reached":14,"playtime":757,"items_purged":[],"score":160,"play_id":"39ca37da-1f22-4ffd-bf0e-c27f13fb2b90","local_time":"20190702190947","is_ascension_mode":true,"campfire_choices":[{"floor":6,"key":"REST"},{"floor":8,"key":"REST"},{"data":"Fusion","floor":12,"key":"SMITH"}],"neow_cost":"NONE","seed_source_timestamp":15080387808579,"circlet_count":0,"master_deck":["AscendersBane","Strike_B","Strike_B","Strike_B","Strike_B","Defend_B","Defend_B","Defend_B","Defend_B","Zap","Dualcast","Capacitor","Cold Snap","Leap","Ball Lightning","Conserve Battery","Machine Learning","Fusion+1"],"relics":["White Beast Statue","DataDisk","Tiny Chest","Lantern","Golden Idol"],"potions_floor_usage":[4,7,11,14],"damage_taken":[{"damage":6,"enemies":"Cultist","floor":1,"turns":4},{"damage":17,"enemies":"Small Slimes","floor":2,"turns":5},{"damage":4,"enemies":"2 Louse","floor":3,"turns":3},{"damage":8,"enemies":"Gremlin Gang","floor":4,"turns":4},{"damage":8,"enemies":"Looter","floor":5,"turns":4},{"damage":26,"enemies":"3 Sentries","floor":7,"turns":10},{"damage":9,"enemies":"Lagavulin","floor":11,"turns":7},{"damage":48,"enemies":"Gremlin Nob","floor":14,"turns":4}],"seed_played":"-6457638400309793305","potions_obtained":[{"floor":1,"key":"LiquidBronze"},{"floor":2,"key":"Explosive Potion"},{"floor":4,"key":"GamblersBrew"},{"floor":7,"key":"Swift Potion"},{"floor":11,"key":"SkillPotion"}],"is_trial":false,"path_per_floor":["M","M","M","M","M","R","E","R","T","?","E","R","?","E"],"character_chosen":"DEFECT","items_purchased":[],"campfire_rested":2,"item_purchase_floors":[],"current_hp_per_floor":[62,45,41,33,25,47,21,43,43,43,34,34,34,0],"gold":285,"neow_bonus":"BOSS_RELIC","is_prod":false,"is_daily":false,"chose_seed":false,"campfire_upgraded":1,"win_rate":0,"timestamp":1562058587,"path_taken":["M","M","M","M","?","R","E","R","T","?","E","R","?","E"],"build_version":"2019-07-01","purchased_purges":0,"victory":false,"max_hp_per_floor":[75,75,75,75,75,75,75,75,75,75,75,75,69,69],"card_choices":[{"not_picked":["Gash","Go for the Eyes"],"picked":"Capacitor","floor":1},{"not_picked":["Defragment","Turbo"],"picked":"Cold Snap","floor":2},{"not_picked":["Darkness","Beam Cell"],"picked":"Leap","floor":3},{"not_picked":["Gash","Hologram"],"picked":"Ball Lightning","floor":4},{"not_picked":["Auto Shields","Creative AI"],"picked":"Conserve Battery","floor":5},{"not_picked":["Gash","Reprogram"],"picked":"Machine Learning","floor":7},{"not_picked":["Stack","Thunder Strike"],"picked":"Fusion","floor":11}],"player_experience":899288,"relics_obtained":[{"floor":7,"key":"DataDisk"},{"floor":9,"key":"Tiny Chest"},{"floor":11,"key":"Lantern"}],"event_choices":[{"damage_healed":0,"gold_gain":0,"player_choice":"Ignored","damage_taken":0,"max_hp_gain":0,"max_hp_loss":0,"event_name":"Liars Game","floor":10,"gold_loss":0},{"damage_healed":0,"gold_gain":0,"player_choice":"Lose Max HP","damage_taken":0,"relics_obtained":["Golden Idol"],"max_hp_gain":0,"max_hp_loss":6,"event_name":"Golden Idol","floor":13,"gold_loss":0}],"is_beta":false,"boss_relics":[],"items_purged_floors":[],"is_endless":false,"potions_floor_spawned":[1,2,3,4,5,7,11],"killed_by":"Gremlin Nob","ascension_level":12}