{"gold_per_floor":[368,24,37,50,50,50,82,30,57,69,69,69,82,98,98,169,169,189,189,44,61,76,76,76,76,76,76,76,92,105,122,122,200,200,213,223,50,50,67,67,92,92,116,116,132,132,132,167,167,167],"floor_reached":51,"playtime":2291,"items_purged":[],"score":1429,"play_id":"dd496924-9fa9-4bc8-9be7-03abe822f908","local_time":"20190811114624","is_ascension_mode":true,"campfire_choices":[{"data":"Neutralize","floor":6.0,"key":"SMITH"},{"floor":12.0,"key":"REST"},{"floor":15.0,"key":"REST"},{"floor":23.0,"key":"REST"},{"data":"Sucker Punch","floor":28.0,"key":"SMITH"},{"floor":32.0,"key":"REST"},{"floor":40,"key":"REST"},{"data":"Well Laid Plans","floor":42,"key":"SMITH"},{"data":"Tools of the Trade","floor":44,"key":"SMITH"},{"data":"Sadistic Nature","floor":47,"key":"SMITH"},{"data":"Envenom","floor":49,"key":"SMITH"}],"neow_cost":"CURSE","seed_source_timestamp":14063191147000,"circlet_count":0,"master_deck":["AscendersBane","Strike_G","Strike_G","Strike_G","Strike_G","Strike_G","Defend_G","Defend_G","Defend_G","Defend_G","Defend_G","Survivor","Neutralize+1","PiercingWail","Catalyst+1","Dagger Throw","Sucker Punch+1","Corpse Explosion+1","Cloak And Dagger+1","Catalyst+1","Deadly Poison+1","Tools of the Trade+1","Crippling Poison+1","Dodge and Roll+1","Well Laid Plans+1","Poisoned Stab","Underhanded Strike","Deadly Poison+1","Tactician+1","Cloak And Dagger+1","Bouncing Flask+1","Wraith Form v2","Cloak And Dagger+1","Caltrops","Envenom+1","Acrobatics+1","Prepared+1","Sadistic Nature+1","Footwork+1"],"special_seed":0,"relics":["Ring of the Snake","Toxic Egg 2","Centennial Puzzle","Bronze Scales","Lizard Tail","Paper Crane","Pear","Art of War","Eternal Feather","Regal Pillow","Kunai","Bag of Marbles","Mummified Hand"],"potions_floor_usage":[33,45,50],"damage_taken":[{"damage":0.0,"enemies":"Cultist","floor":1.0,"turns":3.0},{"damage":4.0,"enemies":"Jaw Worm","floor":3.0,"turns":9.0},{"damage":1.0,"enemies":"Small Slimes","floor":4.0,"turns":4.0},{"damage":34.0,"enemies":"Lagavulin","floor":7.0,"turns":9.0},{"damage":0.0,"enemies":"2 Fungi Beasts","floor":10.0,"turns":1.0},{"damage":3.0,"enemies":"Looter","floor":13.0,"turns":3.0},{"damage":3.0,"enemies":"Gremlin Gang","floor":14.0,"turns":3.0},{"damage":0.0,"enemies":"Slime Boss","floor":16.0,"turns":4.0},{"damage":10.0,"enemies":"Shell Parasite","floor":18.0,"turns":4.0},{"damage":21.0,"enemies":"Chosen","floor":21.0,"turns":4.0},{"damage":10.0,"enemies":"Centurion and Healer","floor":22.0,"turns":7.0},{"damage":12.0,"enemies":"Snake Plant","floor":29.0,"turns":3.0},{"damage":12.0,"enemies":"Sentry and Sphere","floor":30.0,"turns":4.0},{"damage":9.0,"enemies":"3 Cultists","floor":31.0,"turns":3.0},{"damage":34,"enemies":"Champ","floor":33,"turns":7},{"damage":37,"enemies":"3 Darklings","floor":35,"turns":5},{"damage":16,"enemies":"3 Shapes","floor":36,"turns":2},{"damage":0,"enemies":"Maw","floor":39,"turns":4},{"damage":38,"enemies":"Nemesis","floor":41,"turns":9},{"damage":17,"enemies":"Transient","floor":45,"turns":6},{"damage":23,"enemies":"Giant Head","floor":48,"turns":6},{"damage":66,"enemies":"Time Eater","floor":50,"turns":11}],"seed_played":"-1441803664752294183","potions_obtained":[{"floor":7.0,"key":"Poison Potion"},{"floor":10.0,"key":"Energy Potion"},{"floor":11.0,"key":"PowerPotion"},{"floor":14.0,"key":"GamblersBrew"},{"floor":22.0,"key":"SneckoOil"},{"floor":29.0,"key":"GamblersBrew"},{"floor":31.0,"key":"SkillPotion"},{"floor":33,"key":"Strength Potion"},{"floor":41,"key":"GamblersBrew"},{"floor":48,"key":"Poison Potion"}],"is_trial":false,"path_per_floor":["M","$","M","M","?","R","E","$","T","M","?","R","M","M","R","B",null,"M","?","$","M","M","R","?","?","T","T","R","M","M","M","R","B",null,"M","M","$","?","M","R","E","R","T","R","M","?","R","E","R","B",null],"character_chosen":"THE_SILENT","items_purchased":["Toxic Egg 2","Catalyst+1","Cloak And Dagger+1","Dodge and Roll+1","Well Laid Plans","Poisoned Stab","Regal Pillow"],"campfire_rested":5,"item_purchase_floors":[2,2,8,20,20,20,37],"current_hp_per_floor":[59,59,55,54,47,47,13,13,13,13,13,32,29,26,45,45,61,51,51,51,30,20,39,39,39,49,49,49,37,25,16,38,4,58,21,5,5,5,5,63,25,46,46,67,50,50,71,48,69,3],"gold":167,"neow_bonus":"TWO_FIFTY_GOLD","is_prod":false,"is_daily":false,"chose_seed":false,"campfire_upgraded":6,"win_rate":0,"timestamp":1565487984,"path_taken":["M","$","M","?","?","R","E","$","T","M","?","R","M","M","R","BOSS","M","?","?","?","M","R","?","?","T","?","R","M","M","M","R","BOSS","M","?","$","?","M","R","E","R","T","R","M","?","R","E","R","BOSS"],"build_version":"2019-07-17","purchased_purges":0,"victory":true,"max_hp_per_floor":[66,66,66,66,66,66,66,66,66,66,66,66,66,66,66,66,66,66,66,66,66,66,66,66,66,76,76,76,76,76,76,76,76,76,76,76,76,76,76,76,76,76,76,76,76,76,76,76,76,76],"card_choices":[{"not_picked":["Calculated Gamble","Catalyst"],"picked":"PiercingWail","floor":1.0},{"not_picked":["Bane","Prepared+1"],"picked":"Dagger Throw","floor":3.0},{"not_picked":["Choke","Blur+1"],"picked":"Sucker Punch","floor":4.0},{"not_picked":["Deadly Poison+1","Backflip+1"],"picked":"Corpse Explosion+1","floor":7.0},{"not_picked":["Eviscerate","Prepared+1"],"picked":"Quick Slash","floor":10.0},{"not_picked":["Dagger Throw","Backflip+1"],"picked":"Catalyst+1","floor":13.0},{"not_picked":["Poisoned Stab","Bane"],"picked":"Deadly Poison+1","floor":14.0},{"not_picked":["Unload","Phantasmal Killer+1"],"picked":"Tools of the Trade","floor":16.0},{"not_picked":["Blur+1","Cloak And Dagger+1"],"picked":"Crippling Poison+1","floor":18.0},{"not_picked":["Masterful Stab+1","Dash"],"picked":"Underhanded Strike","floor":21.0},{"not_picked":["Outmaneuver+1","Bane"],"picked":"Deadly Poison+1","floor":22.0},{"not_picked":["Backstab","Poisoned Stab"],"picked":"Cloak And Dagger+1","floor":29.0},{"not_picked":["Sucker Punch","Underhanded Strike"],"picked":"Acrobatics+1","floor":30.0},{"not_picked":["Poisoned Stab","Cloak And Dagger+1"],"picked":"Bouncing Flask+1","floor":31.0},{"not_picked":["Phantasmal Killer+1","Tools of the Trade"],"picked":"Wraith Form v2","floor":33},{"not_picked":["Bouncing Flask+1","Calculated Gamble+1"],"picked":"Cloak And Dagger+1","floor":35},{"not_picked":["Prepared+1","Underhanded Strike+1"],"picked":"Caltrops","floor":36},{"not_picked":["Flechettes","Deadly Poison+1"],"picked":"Envenom","floor":39},{"not_picked":["Sucker Punch","Backflip+1"],"picked":"Acrobatics+1","floor":41},{"not_picked":["Deflect+1","Dagger Throw+1"],"picked":"Prepared+1","floor":45},{"not_picked":["Secret Weapon+1","Purity+1"],"picked":"Sadistic Nature","floor":46},{"not_picked":["Backflip+1","Blade Dance+1"],"picked":"Footwork+1","floor":48}],"player_experience":1190321,"relics_obtained":[{"floor":7.0,"key":"Centennial Puzzle"},{"floor":9.0,"key":"Bronze Scales"},{"floor":26.0,"key":"Pear"},{"floor":27.0,"key":"Art of War"},{"floor":41,"key":"Kunai"},{"floor":43,"key":"Bag of Marbles"},{"floor":48,"key":"Mummified Hand"}],"event_choices":[{"cards_removed":["Writhe"],"damage_healed":0.0,"max_hp_gain":0.0,"max_hp_loss":0.0,"gold_gain":0.0,"event_name":"Golden Wing","player_choice":"Card Removal","floor":5.0,"gold_loss":0.0,"damage_taken":7.0},{"damage_healed":0.0,"max_hp_gain":0.0,"max_hp_loss":0.0,"gold_gain":0.0,"event_name":"Lab","player_choice":"Got Potions","floor":11.0,"gold_loss":0.0,"damage_taken":0.0},{"cards_removed":["Quick Slash"],"damage_healed":0.0,"max_hp_gain":0.0,"max_hp_loss":0.0,"gold_gain":0.0,"event_name":"WeMeetAgain","player_choice":"Gave Card","floor":19.0,"gold_loss":0.0,"damage_taken":0.0,"relics_obtained":["Paper Crane"]},{"damage_healed":0.0,"max_hp_gain":0.0,"max_hp_loss":0.0,"gold_gain":0.0,"event_name":"The Library","player_choice":"Read","floor":24.0,"gold_loss":0.0,"damage_taken":0.0,"cards_obtained":["Tactician"]},{"damage_healed":0.0,"max_hp_gain":0.0,"max_hp_loss":0.0,"gold_gain":0.0,"event_name":"Ghosts","player_choice":"Ignored","floor":25.0,"gold_loss":0.0,"damage_taken":0.0},{"cards_removed":["Acrobatics"],"damage_healed":0,"gold_gain":0,"player_choice":"Removed Skill","damage_taken":0,"max_hp_gain":0,"max_hp_loss":0,"event_name":"Falling","floor":38,"gold_loss":0},{"damage_healed":0,"gold_gain":0,"player_choice":"Memory 1","damage_taken":0,"max_hp_gain":0,"max_hp_loss":0,"event_name":"SensoryStone","floor":46,"gold_loss":0}],"is_beta":false,"boss_relics":[{"not_picked":["Empty Cage","Coffee Dripper"],"picked":"Lizard Tail"},{"not_picked":["Pandora\u0027s Box","Cursed Key"],"picked":"Eternal Feather"}],"items_purged_floors":[],"is_endless":false,"potions_floor_spawned":[7,10,14,22,29,31,33,41,48],"ascension_level":17}