{"gold_per_floor":[110,185,185,18,37,68,88,102,102,2,16,26,26,26],"floor_reached":14,"playtime":644,"items_purged":["Strike_G","Strike_G"],"score":156,"play_id":"f2432f9a-14e4-4e2c-b503-a35b9a954346","local_time":"20181218101017","is_ascension_mode":true,"campfire_choices":[],"neow_cost":"NONE","seed_source_timestamp":398461442993209,"circlet_count":0,"master_deck":["AscendersBane","Defend_G","Defend_G","Defend_G","Defend_G","Defend_G","Strike_G","Survivor","Neutralize","Sucker Punch","Flechettes","Terror","Acrobatics","Escape Plan","Doppelganger"],"relics":["Empty Cage","Gremlin Horn"],"potions_floor_usage":[6,8,11],"damage_taken":[{"damage":0,"enemies":"Small Slimes","floor":1,"turns":6},{"damage":4,"enemies":"Cultist","floor":5,"turns":5},{"damage":16,"enemies":"Lagavulin","floor":6,"turns":8},{"damage":3,"enemies":"Jaw Worm","floor":7,"turns":4},{"damage":15,"enemies":"Large Slime","floor":8,"turns":10},{"damage":0,"enemies":"3 Louse","floor":11,"turns":4},{"damage":3,"enemies":"Looter","floor":12,"turns":3},{"damage":18,"enemies":"Exordium Wildlife","floor":14,"turns":1}],"seed_played":"-810215440667157478","potions_obtained":[{"floor":6,"key":"FearPotion"},{"floor":8,"key":"SteroidPotion"}],"is_trial":false,"path_per_floor":["M","?","?","$","M","E","M","M","T","$","M","M","?","M"],"character_chosen":"THE_SILENT","items_purchased":["Flechettes","Fire Potion"],"campfire_rested":0,"item_purchase_floors":[4,4],"current_hp_per_floor":[59,48,48,48,44,28,25,10,10,10,10,7,7,0],"gold":26,"neow_bonus":"BOSS_RELIC","is_prod":false,"is_daily":false,"chose_seed":false,"campfire_upgraded":0,"win_rate":0,"timestamp":1545145817,"path_taken":["M","?","?","$","M","E","M","M","T","$","M","?","?","M"],"build_version":"2018-12-13","purchased_purges":2,"victory":false,"max_hp_per_floor":[66,66,66,66,66,66,66,66,66,66,66,66,66,66],"card_choices":[{"not_picked":["Deflect","Masterful Stab"],"picked":"Sucker Punch","floor":1},{"not_picked":["Quick Slash","Flying Knee"],"picked":"Terror","floor":5},{"not_picked":["Deflect","Sucker Punch"],"picked":"Acrobatics","floor":6},{"not_picked":["Poisoned Stab","Outmaneuver","Sucker Punch"],"picked":"SKIP","floor":7},{"not_picked":["Catalyst","Outmaneuver"],"picked":"Escape Plan","floor":8},{"not_picked":["Deadly Poison","Bane","Poisoned Stab"],"picked":"SKIP","floor":11},{"not_picked":["Tactician","Poisoned Stab"],"picked":"Doppelganger","floor":12}],"player_experience":892936,"relics_obtained":[{"floor":6,"key":"Gremlin Horn"}],"event_choices":[{"damage_healed":0,"gold_gain":75,"player_choice":"Gather Gold","damage_taken":11,"max_hp_gain":0,"max_hp_loss":0,"event_name":"World of Goop","floor":2,"gold_loss":0},{"damage_healed":0,"gold_gain":0,"player_choice":"Bought 0 Potions","damage_taken":0,"max_hp_gain":0,"max_hp_loss":0,"event_name":"The Woman in Blue","floor":3,"gold_loss":0},{"damage_healed":0,"gold_gain":0,"player_choice":"Fled","damage_taken":0,"max_hp_gain":0,"max_hp_loss":0,"event_name":"Scrap Ooze","floor":13,"gold_loss":0}],"is_beta":false,"boss_relics":[],"items_purged_floors":[4,10],"is_endless":false,"potions_floor_spawned":[6,8],"killed_by":"Exordium Wildlife","ascension_level":14}