{"gold_per_floor":[109,125,125,137,38,38,71,71,146,146,146,214,242,260,260,260],"floor_reached":16,"playtime":866,"items_purged":["Strike_G"],"score":167,"play_id":"294f0338-55c4-45cb-b598-c4cd41e5d4ee","local_time":"20181112222053","is_ascension_mode":true,"campfire_choices":[{"data":"Prepared","floor":6,"key":"SMITH"},{"data":"Neutralize","floor":8,"key":"SMITH"},{"floor":11,"key":"REST"},{"floor":15,"key":"REST"}],"neow_cost":"NONE","seed_source_timestamp":377793985989397,"circlet_count":0,"master_deck":["AscendersBane","Defend_G","Defend_G","Defend_G","Defend_G","Defend_G","Strike_G","Strike_G","Strike_G","Survivor","Neutralize+1","Heel Hook","Reflex","Deflect","Prepared+1","Heel Hook","Choke","Underhanded Strike"],"relics":["Ring of the Snake","Regal Pillow","Question Card","Sundial","Bronze Scales"],"potions_floor_usage":[7,16],"damage_taken":[{"damage":4,"enemies":"Small Slimes","floor":1,"turns":6},{"damage":2,"enemies":"Jaw Worm","floor":2,"turns":5},{"damage":0,"enemies":"Cultist","floor":4,"turns":4},{"damage":48,"enemies":"Gremlin Nob","floor":7,"turns":6},{"damage":43,"enemies":"Lagavulin","floor":13,"turns":11},{"damage":3,"enemies":"Large Slime","floor":14,"turns":6},{"damage":49,"enemies":"Slime Boss","floor":16,"turns":9}],"seed_played":"8764132443637161681","potions_obtained":[{"floor":1,"key":"FearPotion"},{"floor":14,"key":"AttackPotion"}],"is_trial":false,"path_per_floor":["M","M","?","M","$","R","E","R","T","?","R","T","E","M","R","B"],"character_chosen":"THE_SILENT","items_purchased":["Prepared"],"campfire_rested":2,"item_purchase_floors":[5],"current_hp_per_floor":[59,57,62,62,62,62,14,14,14,14,51,51,8,5,42,0],"gold":260,"neow_bonus":"REMOVE_CARD","is_prod":false,"is_daily":false,"chose_seed":false,"campfire_upgraded":2,"win_rate":0,"timestamp":1542079253,"path_taken":["M","M","?","M","$","R","E","R","T","?","R","?","E","M","R","BOSS"],"build_version":"2018-11-08","purchased_purges":1,"victory":false,"max_hp_per_floor":[70,70,75,75,75,75,75,75,75,75,75,75,75,75,75,75],"card_choices":[{"not_picked":["Setup","Poisoned Stab"],"picked":"Heel Hook","floor":1},{"not_picked":["Flying Knee","Slice"],"picked":"Reflex","floor":2},{"not_picked":["Deadly Poison","Backflip"],"picked":"Deflect","floor":4},{"not_picked":["PiercingWail","Glass Knife"],"picked":"Heel Hook","floor":7},{"not_picked":["Endless Agony","Cloak And Dagger","Outmaneuver"],"picked":"Choke","floor":13},{"not_picked":["Riddle With Holes","Bane","Flying Knee"],"picked":"Underhanded Strike","floor":14}],"player_experience":676096,"relics_obtained":[{"floor":7,"key":"Regal Pillow"},{"floor":9,"key":"Question Card"},{"floor":12,"key":"Sundial"},{"floor":13,"key":"Bronze Scales"}],"event_choices":[{"damage_healed":0,"gold_gain":0,"player_choice":"Donut","damage_taken":0,"max_hp_gain":5,"max_hp_loss":0,"event_name":"Big Fish","floor":3,"gold_loss":0},{"damage_healed":0,"gold_gain":0,"player_choice":"Ignored","damage_taken":0,"max_hp_gain":0,"max_hp_loss":0,"event_name":"Liars Game","floor":10,"gold_loss":0}],"is_beta":false,"boss_relics":[],"items_purged_floors":[5],"is_endless":false,"potions_floor_spawned":[1,14],"killed_by":"Slime Boss","ascension_level":11}