{"gold_per_floor":[359,359,375,393,84,111,111,138,138,168,178,178,98,273,273,273],"floor_reached":16,"playtime":657,"items_purged":["Strike_G"],"score":183,"play_id":"62dce87d-3db2-486d-8b18-c7b0923e9e2a","local_time":"20181112224441","is_ascension_mode":true,"campfire_choices":[{"data":"Dodge and Roll","floor":12,"key":"SMITH"},{"data":"Concentrate","floor":15,"key":"SMITH"}],"neow_cost":"TEN_PERCENT_HP_LOSS","seed_source_timestamp":379431257516086,"circlet_count":0,"master_deck":["AscendersBane","Defend_G","Defend_G+1","Defend_G","Defend_G","Defend_G","Strike_G","Strike_G","Strike_G","Strike_G","Survivor","Neutralize","Skewer+1","Dodge and Roll+1","Slice","Deflect","Deflect","Flying Knee","Infinite Blades","Concentrate+1","Noxious Fumes","Doubt"],"relics":["Ring of the Snake","Sling","Matryoshka","Vajra","Oddly Smooth Stone","Strawberry","Mummified Hand","Ninja Scroll"],"potions_floor_usage":[6,8,10,10],"damage_taken":[{"damage":1,"enemies":"2 Louse","floor":1,"turns":3},{"damage":0,"enemies":"Jaw Worm","floor":3,"turns":3},{"damage":4,"enemies":"Small Slimes","floor":4,"turns":2},{"damage":3,"enemies":"Lagavulin","floor":6,"turns":5},{"damage":5,"enemies":"3 Sentries","floor":8,"turns":7},{"damage":3,"enemies":"Lagavulin","floor":10,"turns":3},{"damage":0,"enemies":"3 Louse","floor":11,"turns":3},{"damage":51,"enemies":"Slime Boss","floor":16,"turns":6}],"seed_played":"-4308786383576449948","potions_obtained":[{"floor":3,"key":"SteroidPotion"},{"floor":4,"key":"AttackPotion"},{"floor":6,"key":"AttackPotion"},{"floor":8,"key":"AttackPotion"}],"is_trial":false,"path_per_floor":["M","?","M","M","$","E","?","E","T","E","M","R","$","?","R","B"],"character_chosen":"THE_SILENT","items_purchased":["Deflect","Sling","Noxious Fumes"],"campfire_rested":0,"item_purchase_floors":[5,5,13],"current_hp_per_floor":[62,49,49,45,45,42,42,37,44,41,41,41,41,41,41,0],"gold":273,"neow_bonus":"TWO_FIFTY_GOLD","is_prod":false,"is_daily":false,"chose_seed":false,"campfire_upgraded":2,"win_rate":0,"timestamp":1542080681,"path_taken":["M","?","M","M","$","E","?","E","T","E","M","R","$","?","R","BOSS"],"build_version":"2018-11-08","purchased_purges":1,"victory":false,"max_hp_per_floor":[63,63,63,63,63,63,63,63,70,70,70,70,70,70,70,70],"card_choices":[{"not_picked":["Acrobatics","Escape Plan"],"picked":"Skewer","floor":1},{"not_picked":["Catalyst","Endless Agony"],"picked":"Dodge and Roll","floor":3},{"not_picked":["Flechettes","Sucker Punch"],"picked":"Slice","floor":4},{"not_picked":["Acrobatics","Quick Slash"],"picked":"Deflect","floor":6},{"not_picked":["Reflex","Poisoned Stab"],"picked":"Flying Knee","floor":8},{"not_picked":["Cloak And Dagger","Deadly Poison"],"picked":"Infinite Blades","floor":10},{"not_picked":["Flying Knee","Caltrops"],"picked":"Concentrate","floor":11}],"player_experience":677654,"relics_obtained":[{"floor":6,"key":"Matryoshka"},{"floor":8,"key":"Oddly Smooth Stone"},{"floor":9,"key":"Strawberry"},{"floor":9,"key":"Mummified Hand"},{"floor":10,"key":"Ninja Scroll"}],"event_choices":[{"damage_healed":0,"gold_gain":0,"player_choice":"Entered Light","damage_taken":13,"max_hp_gain":0,"max_hp_loss":0,"event_name":"Shining Light","floor":2,"gold_loss":0,"cards_upgraded":["Skewer","Defend_G"]},{"damage_healed":0,"gold_gain":0,"player_choice":"Searched \u00272\u0027 times","damage_taken":0,"relics_obtained":["Vajra"],"max_hp_gain":0,"max_hp_loss":0,"event_name":"Dead Adventurer","floor":7,"gold_loss":0},{"damage_healed":0,"gold_gain":175,"player_choice":"AGREE","damage_taken":0,"max_hp_gain":0,"max_hp_loss":0,"event_name":"Liars Game","floor":14,"gold_loss":0,"cards_obtained":["Doubt"]}],"is_beta":false,"boss_relics":[],"items_purged_floors":[5],"is_endless":false,"potions_floor_spawned":[3,4,6,8],"killed_by":"Slime Boss","ascension_level":11}