{"path_per_floor":["M","M","$","M","M","R","E","M","T","$","?","R","M","?","R","B",null,"M","?","M","M","M","R","T","M","T","M","$"],"character_chosen":"IRONCLAD","items_purchased":["Dark Shackles","Fruit Juice"],"gold_per_floor":[117,131,56,71,91,91,146,165,216,25,100,100,115,115,115,214,214,225,225,245,262,278,278,305,324,371,388,160,160],"floor_reached":29,"campfire_rested":2,"playtime":1521,"item_purchase_floors":[10,28],"current_hp_per_floor":[77,80,80,80,85,85,75,72,72,72,61,61,62,45,70,30,85,77,77,67,32,20,47,47,31,31,25,25,0],"items_purged":["Defend_R","Strike_R","Strike_R"],"gold":160,"score":300,"play_id":"98b0c451-5b0b-4909-aed4-e626267904e4","local_time":"20180620123512","is_prod":false,"is_daily":false,"chose_seed":false,"is_ascension_mode":true,"campfire_upgraded":2,"win_rate":0,"timestamp":1529512512,"campfire_choices":[{"data":"Sword Boomerang","floor":6.0,"key":"SMITH"},{"data":"Pummel","floor":12,"key":"SMITH"},{"floor":15,"key":"REST"},{"floor":23,"key":"REST"}],"path_taken":["M","M","$","M","M","R","E","M","T","$","?","R","M","?","R","BOSS","M","?","M","M","M","R","?","M","T","M","?","E"],"build_version":"2018-06-14v2","seed_source_timestamp":0,"purchased_purges":3,"victory":false,"master_deck":["Strike_R+1","Strike_R+1","Defend_R","Defend_R+1","Defend_R","Bash","Battle Trance+1","Pummel+1","Sword Boomerang+1","Seeing Red","Dark Embrace","Dark Shackles","Warcry","Demon Form","True Grit","Thunderclap+1","Second Wind+1","Iron Wave+1","Exhume","Dropkick"],"max_hp_per_floor":[80,80,80,80,85,85,85,85,85,85,85,85,85,85,85,85,85,85,85,85,85,90,90,90,90,90,90,90,95],"special_seed":0,"relics":["Burning Blood","Tiny Chest","Whetstone","Velvet Choker","Potion Belt","Bag of Marbles"],"card_choices":[{"not_picked":["Warcry","Headbutt"],"picked":"Battle Trance","floor":1.0},{"not_picked":["Twin Strike","Bloodletting"],"picked":"Pummel","floor":2.0},{"not_picked":["Perfected Strike","Wild Strike"],"picked":"Sword Boomerang","floor":4.0},{"not_picked":["Clothesline","True Grit"],"picked":"Seeing Red","floor":5.0},{"not_picked":["Iron Wave","Combust"],"picked":"Dark Embrace","floor":7},{"not_picked":["Body Slam","Heavy Blade","Pommel Strike"],"picked":"SKIP","floor":8},{"not_picked":["Sentinel","Sever Soul"],"picked":"Warcry","floor":13},{"not_picked":["Brutality","Juggernaut"],"picked":"Demon Form","floor":16},{"not_picked":["Dual Wield+1","Flex"],"picked":"True Grit","floor":18},{"not_picked":["True Grit","Fire Breathing+1"],"picked":"Thunderclap+1","floor":20},{"not_picked":["Heavy Blade","Anger"],"picked":"Second Wind+1","floor":21},{"not_picked":["Burning Pact","Second Wind"],"picked":"Iron Wave+1","floor":22},{"not_picked":["Twin Strike","Hemokinesis"],"picked":"Exhume","floor":25},{"not_picked":["Second Wind","Warcry"],"picked":"Dropkick","floor":27}],"player_experience":236494,"potions_floor_usage":[16,16,20,22,22,27,29],"damage_taken":[{"damage":9.0,"enemies":"Jaw Worm","floor":1.0,"turns":3.0},{"damage":0.0,"enemies":"Small Slimes","floor":2.0,"turns":3.0},{"damage":0.0,"enemies":"2 Louse","floor":4.0,"turns":2.0},{"damage":0.0,"enemies":"Large Slime","floor":5.0,"turns":5.0},{"damage":16.0,"enemies":"Gremlin Nob","floor":7.0,"turns":3.0},{"damage":9,"enemies":"Blue Slaver","floor":8,"turns":4},{"damage":5,"enemies":"Exordium Wildlife","floor":13,"turns":4},{"damage":46,"enemies":"Hexaghost","floor":16,"turns":8},{"damage":14,"enemies":"Shell Parasite","floor":18,"turns":3},{"damage":16,"enemies":"3 Byrds","floor":20,"turns":5},{"damage":41,"enemies":"Cultist and Chosen","floor":21,"turns":6},{"damage":23,"enemies":"Snake Plant","floor":22,"turns":5},{"damage":22,"enemies":"Chosen and Byrds","floor":25,"turns":4},{"damage":21,"enemies":"Centurion and Healer","floor":27,"turns":6},{"damage":35,"enemies":"Slavers","floor":29,"turns":5}],"relics_obtained":[{"floor":7,"key":"Tiny Chest"},{"floor":9,"key":"Whetstone"},{"floor":24,"key":"Potion Belt"},{"floor":26,"key":"Bag of Marbles"}],"event_choices":[{"event_name":"World of Goop","player_choice":"Gather Gold","floor":11,"damage_taken":0},{"event_name":"Shining Light","player_choice":"Entered Light","floor":14,"damage_taken":0},{"event_name":"Vampires","player_choice":"Ignored","floor":19,"damage_taken":0}],"boss_relics":[{"not_picked":["Lizard Tail","Runic Pyramid"],"picked":"Velvet Choker"}],"items_purged_floors":[],"is_endless":false,"potions_floor_spawned":[2,4,5,7,16,21,25],"seed_played":"-575334223689448859","killed_by":"Slavers","ascension_level":4,"potions_obtained":[{"floor":2.0,"key":"Fruit Juice"},{"floor":4.0,"key":"Fire Potion"},{"floor":5.0,"key":"Fire Potion"},{"floor":7,"key":"SpeedPotion"},{"floor":16,"key":"Swift Potion"},{"floor":21,"key":"Fruit Juice"},{"floor":25,"key":"BloodPotion"}],"is_trial":false}