{"gold_per_floor":[118,135,60,60,60,89,105,105,128,191,191,211,131,144,144,244,244,256,44,44,59,76,76,89,115,115,115,115,115,115,128,128,128],"floor_reached":33,"playtime":1054,"items_purged":["Strike_G","Strike_G","Strike_G"],"score":512,"play_id":"4c870c7a-93de-4a18-9e22-922c3642d891","local_time":"20181209235606","is_ascension_mode":true,"campfire_choices":[{"data":"Deadly Poison","floor":8,"key":"SMITH"},{"data":"Poisoned Stab","floor":15,"key":"SMITH"},{"floor":23,"key":"RECALL"},{"floor":27,"key":"REST"},{"data":"Envenom","floor":30,"key":"SMITH"},{"floor":32,"key":"REST"}],"neow_cost":"NONE","seed_source_timestamp":513110705601461,"circlet_count":0,"master_deck":["AscendersBane","Defend_G","Defend_G+1","Defend_G","Defend_G","Defend_G","Strike_G","Strike_G","Survivor","Neutralize","Poisoned Stab","Catalyst+1","Deadly Poison+1","Poisoned Stab","Prepared","Poisoned Stab+1","Burst","Envenom+1","Noxious Fumes","Sucker Punch","Dagger Spray+1"],"relics":["Ring of the Snake","NeowsBlessing","The Courier","Potion Belt","Omamori","Tiny Chest","Velvet Choker","Oddly Smooth Stone","Ornamental Fan","Kunai"],"potions_floor_usage":[10,11,14,21,22,24,25,25,29,33],"damage_taken":[{"damage":0,"enemies":"Small Slimes","floor":1,"turns":1},{"damage":0,"enemies":"Jaw Worm","floor":2,"turns":1},{"damage":0,"enemies":"3 Sentries","floor":6,"turns":1},{"damage":0,"enemies":"Cultist","floor":7,"turns":2},{"damage":14,"enemies":"Lagavulin","floor":10,"turns":4},{"damage":0,"enemies":"Looter","floor":12,"turns":2},{"damage":7,"enemies":"Gremlin Gang","floor":14,"turns":4},{"damage":28,"enemies":"Slime Boss","floor":16,"turns":4},{"damage":11,"enemies":"Spheric Guardian","floor":18,"turns":4},{"damage":3,"enemies":"3 Byrds","floor":21,"turns":3},{"damage":2,"enemies":"Shelled Parasite and Fungi","floor":22,"turns":3},{"damage":21,"enemies":"Cultist and Chosen","floor":24,"turns":8},{"damage":22,"enemies":"Book of Stabbing","floor":25,"turns":5},{"damage":0,"enemies":"Slavers","floor":29,"turns":1},{"damage":21,"enemies":"Centurion and Healer","floor":31,"turns":6},{"damage":42,"enemies":"Automaton","floor":33,"turns":6}],"seed_played":"3065234434933978355","potions_obtained":[{"floor":2,"key":"Strength Potion"},{"floor":10,"key":"Block Potion"},{"floor":11,"key":"SmokeBomb"},{"floor":11,"key":"Fruit Juice"},{"floor":11,"key":"Weak Potion"},{"floor":12,"key":"LiquidBronze"},{"floor":18,"key":"Dexterity Potion"},{"floor":21,"key":"GhostInAJar"},{"floor":22,"key":"Regen Potion"},{"floor":25,"key":"Explosive Potion"}],"is_trial":false,"path_per_floor":["M","M","$","?","T","E","M","R","T","E","?","M","$","M","R","B",null,"M","$","?","M","M","R","M","E","T","R","?","E","R","M","R","B"],"character_chosen":"THE_SILENT","items_purchased":["Envenom","Noxious Fumes"],"campfire_rested":2,"item_purchase_floors":[19,19],"current_hp_per_floor":[63,63,63,49,49,49,49,49,49,35,40,40,40,33,33,5,58,47,47,47,44,42,42,21,14,14,36,36,36,36,15,37,0],"gold":128,"neow_bonus":"THREE_ENEMY_KILL","is_prod":false,"is_daily":false,"chose_seed":false,"campfire_upgraded":3,"win_rate":0,"timestamp":1544417766,"path_taken":["M","M","$","?","?","E","M","R","T","E","?","M","$","?","R","BOSS","M","$","?","M","M","R","M","E","T","R","?","E","R","?","R","BOSS"],"build_version":"2018-12-06","purchased_purges":3,"victory":false,"max_hp_per_floor":[70,70,70,70,70,70,70,70,70,70,75,75,75,75,75,75,75,75,75,75,75,75,75,75,75,75,75,75,75,75,75,75,75],"card_choices":[{"not_picked":["Bouncing Flask","Cloak And Dagger"],"picked":"Poisoned Stab","floor":1},{"not_picked":["Eviscerate","Backflip"],"picked":"Catalyst","floor":2},{"not_picked":["Heel Hook","Infinite Blades"],"picked":"Deadly Poison","floor":6},{"not_picked":["Deflect","Doppelganger"],"picked":"Poisoned Stab","floor":7},{"not_picked":["Dagger Spray","All Out Attack"],"picked":"Prepared","floor":10},{"not_picked":["Cloak And Dagger","Dagger Spray","Eviscerate"],"picked":"SKIP","floor":12},{"not_picked":["Endless Agony","Dagger Throw"],"picked":"Poisoned Stab","floor":14},{"not_picked":["Die Die Die","A Thousand Cuts"],"picked":"Burst","floor":16},{"not_picked":["Outmaneuver","Blade Dance","Distraction"],"picked":"SKIP","floor":18},{"not_picked":["All Out Attack","Blade Dance"],"picked":"Sucker Punch","floor":21},{"not_picked":["Backflip","Flying Knee","All Out Attack"],"picked":"SKIP","floor":22},{"not_picked":["Slice","Leg Sweep","Infinite Blades"],"picked":"SKIP","floor":24},{"not_picked":["Dagger Throw","Caltrops","Sucker Punch"],"picked":"SKIP","floor":25},{"not_picked":["Expertise","Tools of the Trade"],"picked":"Dagger Spray+1","floor":31}],"player_experience":851554,"relics_obtained":[{"floor":5,"key":"The Courier"},{"floor":6,"key":"Potion Belt"},{"floor":9,"key":"Omamori"},{"floor":10,"key":"Tiny Chest"},{"floor":25,"key":"Ornamental Fan"},{"floor":26,"key":"Kunai"}],"event_choices":[{"damage_healed":0,"gold_gain":0,"player_choice":"Entered Light","damage_taken":14,"max_hp_gain":0,"max_hp_loss":0,"event_name":"Shining Light","floor":4,"gold_loss":0,"cards_upgraded":["Catalyst","Defend_G"]},{"damage_healed":0,"gold_gain":0,"player_choice":"Got Potions","damage_taken":0,"max_hp_gain":0,"max_hp_loss":0,"event_name":"Lab","floor":11,"gold_loss":0},{"damage_healed":0,"gold_gain":0,"player_choice":"Opened","damage_taken":0,"relics_obtained":["Oddly Smooth Stone"],"max_hp_gain":0,"max_hp_loss":0,"event_name":"The Mausoleum","floor":20,"gold_loss":0,"cards_obtained":["Writhe"]},{"damage_healed":0,"gold_gain":0,"player_choice":"Cursed","damage_taken":0,"max_hp_gain":0,"max_hp_loss":0,"event_name":"Wheel of Change","floor":28,"gold_loss":0,"cards_obtained":["Decay"]}],"is_beta":false,"boss_relics":[{"not_picked":["Runic Pyramid","White Beast Statue"],"picked":"Velvet Choker"}],"items_purged_floors":[3,13,19],"is_endless":false,"potions_floor_spawned":[2,10,12,18,21,22,25],"killed_by":"Automaton","ascension_level":12}