{"gold_per_floor":[11,86,99,4,18,18,34,62,62,89,100,2,2,18,18,117,117,133,143,163,88,88],"floor_reached":22,"playtime":1231,"items_purged":[],"score":198,"play_id":"ffc432b3-cfe1-403b-8930-e7d55fe42698","local_time":"20190420022615","is_ascension_mode":false,"campfire_choices":[{"data":"Bash","floor":6,"key":"SMITH"},{"data":"Pommel Strike","floor":13,"key":"SMITH"},{"data":"Armaments","floor":15,"key":"SMITH"}],"neow_cost":"NO_GOLD","seed_source_timestamp":32674241450803,"circlet_count":0,"master_deck":["Strike_R","Strike_R","Defend_R","Defend_R","Defend_R","Defend_R","Bash+1","Sever Soul","Havoc","Clothesline","Headbutt","Pommel Strike+1","True Grit","Shrug It Off","Cleave","Headbutt","Cleave","Wild Strike","Metallicize","Cleave","Armaments+1","Dark Embrace","Entrench+1","Anger+1","Body Slam+1","Infernal Blade"],"relics":["Burning Blood","Prayer Wheel","Meat on the Bone","Kunai","Black Star"],"potions_floor_usage":[10,16,16,18],"damage_taken":[{"damage":2,"enemies":"Small Slimes","floor":1,"turns":4},{"damage":3,"enemies":"Jaw Worm","floor":3,"turns":4},{"damage":0,"enemies":"Cultist","floor":5,"turns":3},{"damage":0,"enemies":"Exordium Wildlife","floor":7,"turns":3},{"damage":4,"enemies":"Gremlin Nob","floor":8,"turns":3},{"damage":21,"enemies":"Lagavulin","floor":10,"turns":8},{"damage":11,"enemies":"Gremlin Gang","floor":11,"turns":5},{"damage":9,"enemies":"Exordium Thugs","floor":14,"turns":4},{"damage":47,"enemies":"Hexaghost","floor":16,"turns":13},{"damage":25,"enemies":"Shell Parasite","floor":18,"turns":11},{"damage":33,"enemies":"Chosen","floor":19,"turns":9},{"damage":27,"enemies":"Centurion and Healer","floor":20,"turns":7},{"damage":37,"enemies":"Shelled Parasite and Fungi","floor":22,"turns":8}],"seed_played":"-1166824490923920644","potions_obtained":[{"floor":8,"key":"Strength Potion"},{"floor":10,"key":"Energy Potion"},{"floor":14,"key":"Poison Potion"},{"floor":16,"key":"Weak Potion"}],"is_trial":false,"path_per_floor":["M","?","M","$","M","R","M","E","T","E","M","$","R","M","R","B",null,"M","M","M","?","M"],"character_chosen":"IRONCLAD","items_purchased":["Pommel Strike","True Grit","Metallicize","Cleave"],"campfire_rested":0,"item_purchase_floors":[4,4,12,12],"current_hp_per_floor":[80,69,72,72,78,78,80,80,80,65,60,60,60,57,57,28,80,61,46,37,37,0],"gold":88,"neow_bonus":"TRANSFORM_TWO_CARDS","is_prod":false,"is_daily":false,"chose_seed":false,"campfire_upgraded":3,"win_rate":0,"timestamp":1555691175,"path_taken":["M","?","M","$","M","R","M","E","T","E","M","?","R","M","R","BOSS","M","M","M","?","M"],"build_version":"2019-01-23","purchased_purges":0,"victory":false,"max_hp_per_floor":[80,80,80,80,80,80,80,80,80,80,80,80,80,80,80,80,80,80,80,80,80,80],"card_choices":[{"not_picked":["Whirlwind","Infernal Blade"],"picked":"Clothesline","floor":1},{"not_picked":["Whirlwind","Flame Barrier"],"picked":"Headbutt","floor":3},{"not_picked":["Ghostly Armor","Heavy Blade"],"picked":"Shrug It Off","floor":5},{"not_picked":["Heavy Blade","Shrug It Off","Headbutt"],"picked":"SKIP","floor":7},{"not_picked":["Reckless Charge","Shrug It Off"],"picked":"Cleave","floor":8},{"not_picked":["Pummel","True Grit"],"picked":"Headbutt","floor":10},{"not_picked":["Anger","Rage"],"picked":"Cleave","floor":11},{"not_picked":["Pommel Strike","Perfected Strike"],"picked":"Wild Strike","floor":11},{"not_picked":["Havoc","Hemokinesis"],"picked":"Armaments","floor":14},{"not_picked":["True Grit","Bloodletting","Rage"],"picked":"SKIP","floor":14},{"not_picked":["Double Tap","Impervious"],"picked":"Dark Embrace","floor":16},{"not_picked":["Shockwave+1","Cleave+1"],"picked":"Entrench+1","floor":18},{"not_picked":["Rage","Sword Boomerang","Perfected Strike"],"picked":"SKIP","floor":18},{"not_picked":["Armaments","Twin Strike"],"picked":"Anger+1","floor":19},{"not_picked":["Warcry","Anger+1"],"picked":"Body Slam+1","floor":19},{"not_picked":["Corruption","Flex"],"picked":"Infernal Blade","floor":20},{"not_picked":["Anger","Flex","Twin Strike"],"picked":"SKIP","floor":20}],"player_experience":335518,"relics_obtained":[{"floor":8,"key":"Prayer Wheel"},{"floor":9,"key":"Meat on the Bone"},{"floor":10,"key":"Kunai"}],"event_choices":[{"damage_healed":0,"gold_gain":75,"player_choice":"Gather Gold","damage_taken":11,"max_hp_gain":0,"max_hp_loss":0,"event_name":"World of Goop","floor":2,"gold_loss":0},{"cards_removed":["Strike_R"],"damage_healed":0,"gold_gain":0,"player_choice":"Gave Gold","damage_taken":0,"max_hp_gain":0,"max_hp_loss":0,"event_name":"Beggar","floor":21,"gold_loss":75}],"is_beta":false,"boss_relics":[{"not_picked":["Snecko Eye","Philosopher\u0027s Stone"],"picked":"Black Star"}],"items_purged_floors":[],"is_endless":false,"potions_floor_spawned":[8,10,14,16],"killed_by":"Shelled Parasite and Fungi","ascension_level":0}