{"gold_per_floor":[112,112,125,139,157,182,182,209,209,209,223,234,80,96,96,192,192,211,226,325,70,70,95,95,113,113,142,159,190,190,208,208,307,307,318,418,431,443,462,462,480,117,163,163,177,177,196,46,46,46],"floor_reached":51,"playtime":5362,"items_purged":["Regret","Strike_B","Strike_B","Strike_B"],"score":698,"play_id":"c6269af0-0a1f-4982-8b17-053211e1a91a","local_time":"20190911045021","is_ascension_mode":false,"campfire_choices":[{"data":"Chaos","floor":7,"key":"SMITH"},{"floor":15,"key":"REST"},{"data":"Blizzard","floor":24,"key":"SMITH"},{"floor":30,"key":"REST"},{"data":"Coolheaded","floor":32,"key":"SMITH"},{"floor":40,"key":"REST"},{"data":"Creative AI","floor":46,"key":"SMITH"},{"floor":49,"key":"REST"}],"neow_cost":"NONE","seed_source_timestamp":2032532534596700,"circlet_count":0,"master_deck":["Strike_B","Defend_B","Defend_B","Defend_B","Zap","Dualcast","Blizzard+1","Conserve Battery","Redo","Cold Snap","Chaos+1","Coolheaded+1","Chill","Defragment","Creative AI+1","BootSequence","Capacitor","Compile Driver","Multi-Cast","Barrage+1","Machine Learning","White Noise+1","Blizzard+1","Madness"],"relics":["FrozenCore","NeowsBlessing","Blood Vial","FossilizedHelix","Bottled Lightning","Dodecahedron","Sozu","PreservedInsect","Potion Belt","Matryoshka","Strawberry","Molten Egg 2","Torii","Bag of Preparation","Ancient Tea Set","Bronze Scales"],"potions_floor_usage":[6,12,16,19,39],"damage_taken":[{"damage":0,"enemies":"Jaw Worm","floor":1,"turns":1},{"damage":0,"enemies":"Cultist","floor":3,"turns":1},{"damage":0,"enemies":"2 Louse","floor":4,"turns":1},{"damage":20,"enemies":"Exordium Thugs","floor":5,"turns":4},{"damage":4,"enemies":"Lagavulin","floor":6,"turns":7},{"damage":20,"enemies":"Gremlin Nob","floor":8,"turns":4},{"damage":0,"enemies":"3 Louse","floor":11,"turns":3},{"damage":1,"enemies":"Exordium Wildlife","floor":12,"turns":3},{"damage":0,"enemies":"2 Fungi Beasts","floor":14,"turns":3},{"damage":21,"enemies":"The Guardian","floor":16,"turns":8},{"damage":0,"enemies":"Spheric Guardian","floor":18,"turns":5},{"damage":0,"enemies":"3 Byrds","floor":19,"turns":6},{"damage":0,"enemies":"Gremlin Leader","floor":23,"turns":6},{"damage":0,"enemies":"Cultist and Chosen","floor":25,"turns":7},{"damage":22,"enemies":"Slavers","floor":27,"turns":7},{"damage":0,"enemies":"3 Cultists","floor":28,"turns":6},{"damage":46,"enemies":"Book of Stabbing","floor":29,"turns":5},{"damage":0,"enemies":"Chosen and Byrds","floor":31,"turns":8},{"damage":10,"enemies":"Automaton","floor":33,"turns":8},{"damage":9,"enemies":"3 Darklings","floor":35,"turns":6},{"damage":21,"enemies":"Mind Bloom Boss Battle","floor":36,"turns":9},{"damage":0,"enemies":"Orb Walker","floor":37,"turns":3},{"damage":29,"enemies":"3 Darklings","floor":38,"turns":7},{"damage":19,"enemies":"Jaw Worm Horde","floor":39,"turns":7},{"damage":7,"enemies":"Transient","floor":41,"turns":5},{"damage":0,"enemies":"4 Shapes","floor":45,"turns":5},{"damage":0,"enemies":"Maw","floor":47,"turns":8},{"damage":55,"enemies":"Time Eater","floor":50,"turns":14}],"seed_played":"2215542683380187017","potions_obtained":[{"floor":4,"key":"Fire Potion"},{"floor":5,"key":"LiquidBronze"},{"floor":6,"key":"Energy Potion"},{"floor":11,"key":"Block Potion"},{"floor":14,"key":"Energy Potion"},{"floor":16,"key":"GamblersBrew"}],"is_trial":false,"path_per_floor":["M","?","M","M","M","E","R","E","T","?","M","M","$","M","R","B",null,"M","M","?","$","?","E","R","M","T","E","M","E","R","M","R","B",null,"M","?","M","M","M","R","M","$","T","?","M","R","M","$","R","B",null],"character_chosen":"DEFECT","items_purchased":["Defragment","PreservedInsect","Blizzard+1","Bag of Preparation"],"campfire_rested":4,"item_purchase_floors":[13,21,42,42],"current_hp_per_floor":[75,75,75,75,55,51,51,33,33,33,35,36,36,38,60,41,75,75,75,75,75,75,75,75,75,75,60,62,18,42,44,44,36,82,73,54,56,29,12,36,31,31,31,31,33,33,35,35,59,6],"gold":46,"neow_bonus":"THREE_ENEMY_KILL","is_prod":false,"is_daily":false,"chose_seed":false,"campfire_upgraded":4,"win_rate":0.0,"timestamp":1568145021,"path_taken":["M","?","?","M","M","E","R","E","T","?","M","M","?","M","R","BOSS","M","M","?","$","?","E","R","?","T","E","M","E","R","M","R","BOSS","M","?","M","M","M","R","M","$","T","?","M","R","M","?","R","BOSS"],"build_version":"2019-07-17","purchased_purges":4,"victory":true,"max_hp_per_floor":[75,75,75,75,75,75,75,75,75,75,75,75,75,75,75,75,75,75,75,75,75,75,75,75,75,75,82,82,82,82,82,82,82,82,82,82,82,82,82,82,82,82,82,82,82,82,82,82,82,82],"card_choices":[{"not_picked":["Barrage","Compile Driver"],"picked":"Blizzard","floor":1},{"not_picked":["Rebound","Hologram"],"picked":"Conserve Battery","floor":3},{"not_picked":["Electrodynamics","Fusion"],"picked":"Redo","floor":4},{"not_picked":["Loop","Ball Lightning"],"picked":"Cold Snap","floor":5},{"not_picked":["Hologram","Tempest"],"picked":"Chaos","floor":6},{"not_picked":["Streamline","Hologram"],"picked":"Coolheaded","floor":8},{"not_picked":["Consume","Gash","Leap"],"picked":"SKIP","floor":11},{"not_picked":["Loop","Doom and Gloom"],"picked":"Chill","floor":12},{"not_picked":["Coolheaded","Conserve Battery","Steam"],"picked":"SKIP","floor":14},{"not_picked":["Coolheaded","Conserve Battery","Steam"],"picked":"SKIP","floor":14},{"not_picked":["All For One","Reboot"],"picked":"Creative AI","floor":16},{"not_picked":["Scrape","Hologram+1"],"picked":"BootSequence","floor":18},{"not_picked":["Double Energy","Compile Driver","Streamline+1"],"picked":"SKIP","floor":19},{"not_picked":["Rebound","Hologram+1"],"picked":"Capacitor","floor":23},{"not_picked":["Coolheaded","Darkness"],"picked":"Compile Driver","floor":25},{"not_picked":["Hologram","Tempest"],"picked":"Multi-Cast","floor":27},{"not_picked":["Leap","Lockon+1","Storm+1"],"picked":"SKIP","floor":28},{"not_picked":["Steam+1","Aggregate","Capacitor+1"],"picked":"SKIP","floor":29},{"not_picked":["Sweeping Beam+1","Rebound+1"],"picked":"Barrage+1","floor":31},{"not_picked":["Buffer","Multi-Cast"],"picked":"Machine Learning","floor":33},{"not_picked":["Go for the Eyes+1","Stack","Rebound+1"],"picked":"SKIP","floor":35},{"not_picked":["Steam Power+1","Steam"],"picked":"White Noise+1","floor":37},{"not_picked":["Compile Driver+1","Barrage+1","Gash+1"],"picked":"SKIP","floor":38},{"not_picked":["Doom and Gloom+1","Chaos+1","Multi-Cast"],"picked":"SKIP","floor":39},{"not_picked":["Conserve Battery","Sweeping Beam+1","Loop"],"picked":"SKIP","floor":41},{"not_picked":["Metamorphosis","Forethought"],"picked":"Madness","floor":44},{"not_picked":["Barrage+1","Cold Snap+1","Compile Driver+1"],"picked":"SKIP","floor":45},{"not_picked":["Ball Lightning+1","Conserve Battery+1","Loop"],"picked":"SKIP","floor":47}],"player_experience":24767,"relics_obtained":[{"floor":6,"key":"Blood Vial"},{"floor":8,"key":"FossilizedHelix"},{"floor":9,"key":"Bottled Lightning"},{"floor":23,"key":"Potion Belt"},{"floor":26,"key":"Matryoshka"},{"floor":27,"key":"Strawberry"},{"floor":29,"key":"Molten Egg 2"},{"floor":36,"key":"Torii"},{"floor":43,"key":"Ancient Tea Set"},{"floor":43,"key":"Bronze Scales"}],"event_choices":[{"cards_removed":["Defend_B"],"damage_healed":0,"gold_gain":0,"player_choice":"Offered Basic","damage_taken":0,"max_hp_gain":0,"max_hp_loss":0,"event_name":"Bonfire Elementals","floor":2,"gold_loss":0},{"damage_healed":0,"gold_gain":0,"player_choice":"Box","damage_taken":0,"relics_obtained":["Dodecahedron"],"max_hp_gain":0,"max_hp_loss":0,"event_name":"Big Fish","floor":10,"gold_loss":0,"cards_obtained":["Regret"]},{"damage_healed":0,"gold_gain":99,"player_choice":"Stole From Cult","damage_taken":0,"max_hp_gain":0,"max_hp_loss":0,"event_name":"Nest","floor":20,"gold_loss":0},{"damage_healed":0,"gold_gain":0,"player_choice":"Fight","damage_taken":0,"max_hp_gain":0,"max_hp_loss":0,"event_name":"MindBloom","floor":36,"gold_loss":0},{"damage_healed":0,"gold_gain":0,"player_choice":"Memory 1","damage_taken":0,"max_hp_gain":0,"max_hp_loss":0,"event_name":"SensoryStone","floor":44,"gold_loss":0}],"is_beta":false,"boss_relics":[{"not_picked":["Philosopher\u0027s Stone","Runic Dome"],"picked":"Sozu"},{"not_picked":["Lizard Tail","Eternal Feather"],"picked":"FrozenCore"}],"items_purged_floors":[13,21,42,48],"is_endless":false,"potions_floor_spawned":[4,5,6,11,14,16,19,23,28,33,36,37],"ascension_level":0}