{"gold_per_floor":[209,62,137,69,85,85,185,213,213,230,230,245,245,257,257,361,361,361,361,361,214,214,214,214],"floor_reached":24,"playtime":1330,"items_purged":["Strike_B"],"score":295,"play_id":"a77c5483-8359-42f2-ad7b-b6cac50aab3c","local_time":"20190219110034","is_ascension_mode":true,"campfire_choices":[{"data":"Dualcast","floor":6,"key":"SMITH"},{"floor":15,"key":"REST"},{"data":"Multi-Cast","floor":23,"key":"SMITH"}],"neow_cost":"NONE","seed_source_timestamp":570223123266900,"circlet_count":0,"master_deck":["Strike_B","Strike_B","Strike_B","Defend_B","Defend_B","Defend_B","Defend_B","Zap","Dualcast+1","Glacier","Doom and Gloom","Glacier","Redo+1","Reinforced Body","Leap","Multi-Cast+1","Hologram+1","Cold Snap","Self Repair"],"relics":["Cracked Core","DataDisk","Bronze Scales","Emotion Chip","Sundial","Ectoplasm"],"potions_floor_usage":[24],"damage_taken":[{"damage":1,"enemies":"2 Louse","floor":1,"turns":2},{"damage":0,"enemies":"Small Slimes","floor":5,"turns":2},{"damage":20,"enemies":"Lagavulin","floor":8,"turns":7},{"damage":0,"enemies":"Cultist","floor":10,"turns":3},{"damage":1,"enemies":"Looter","floor":12,"turns":3},{"damage":6,"enemies":"Gremlin Gang","floor":14,"turns":5},{"damage":0,"enemies":"The Guardian","floor":16,"turns":10},{"damage":0,"enemies":"Chosen","floor":18,"turns":5},{"damage":0,"enemies":"Spheric Guardian","floor":19,"turns":6},{"damage":2,"enemies":"Snake Plant","floor":20,"turns":5},{"damage":75,"enemies":"Gremlin Leader","floor":24,"turns":11}],"seed_played":"-4812815297788085148","potions_obtained":[{"floor":1,"key":"Weak Potion"},{"floor":5,"key":"FearPotion"}],"is_trial":false,"path_per_floor":["M","$","?","$","M","R","?","E","T","M","?","M","?","M","R","B",null,"M","M","M","$","?","R","E"],"character_chosen":"DEFECT","items_purchased":["DataDisk","Doom and Gloom","Self Repair"],"campfire_rested":1,"item_purchase_floors":[2,4,21],"current_hp_per_floor":[74,74,63,63,63,63,63,43,43,43,10,9,9,3,25,25,75,75,75,73,73,73,73,0],"gold":214,"neow_bonus":"HUNDRED_GOLD","is_prod":false,"is_daily":false,"chose_seed":false,"campfire_upgraded":2,"win_rate":0,"timestamp":1550602834,"path_taken":["M","$","?","$","M","R","?","E","T","?","?","M","?","M","R","BOSS","M","?","M","$","?","R","E"],"build_version":"2019-01-23","purchased_purges":1,"victory":false,"max_hp_per_floor":[75,75,75,75,75,75,75,75,75,75,75,75,75,75,75,75,75,75,75,75,75,75,75,75],"card_choices":[{"not_picked":["Hologram","Stack"],"picked":"Glacier","floor":1},{"not_picked":["Chill","Stack"],"picked":"Glacier","floor":5},{"not_picked":["Ball Lightning","Consume","Rebound"],"picked":"SKIP","floor":8},{"not_picked":["Ball Lightning","Rebound"],"picked":"Redo","floor":10},{"not_picked":["Sweeping Beam","Skim"],"picked":"Reinforced Body","floor":12},{"not_picked":["Stack","Turbo"],"picked":"Leap","floor":14},{"not_picked":["Electrodynamics","All For One"],"picked":"Multi-Cast","floor":16},{"not_picked":["Beam Cell","Hello World"],"picked":"Hologram+1","floor":18},{"not_picked":["Steam","Ball Lightning"],"picked":"Cold Snap","floor":19},{"not_picked":["Fusion","Leap","Barrage+1"],"picked":"SKIP","floor":20}],"player_experience":133208,"relics_obtained":[{"floor":8,"key":"Bronze Scales"},{"floor":9,"key":"Emotion Chip"}],"event_choices":[{"damage_healed":0,"gold_gain":75,"player_choice":"Gather Gold","damage_taken":11,"max_hp_gain":0,"max_hp_loss":0,"event_name":"World of Goop","floor":3,"gold_loss":0},{"damage_healed":0,"gold_gain":100,"player_choice":"Pray","damage_taken":0,"max_hp_gain":0,"max_hp_loss":0,"event_name":"Golden Shrine","floor":7,"gold_loss":0},{"damage_healed":0,"gold_gain":0,"player_choice":"Success","damage_taken":33,"relics_obtained":["Sundial"],"max_hp_gain":0,"max_hp_loss":0,"event_name":"Scrap Ooze","floor":11,"gold_loss":0},{"damage_healed":0,"gold_gain":0,"player_choice":"Forge","damage_taken":0,"max_hp_gain":0,"max_hp_loss":0,"event_name":"Accursed Blacksmith","floor":13,"gold_loss":0,"cards_upgraded":["Redo"]},{"damage_healed":0,"gold_gain":0,"player_choice":"Ignored","damage_taken":0,"max_hp_gain":0,"max_hp_loss":0,"event_name":"N\u0027loth","floor":22,"gold_loss":0}],"is_beta":false,"boss_relics":[{"not_picked":["Astrolabe","Snecko Eye"],"picked":"Ectoplasm"}],"items_purged_floors":[21],"is_endless":false,"potions_floor_spawned":[1,5],"killed_by":"Gremlin Leader","ascension_level":4}