{"gold_per_floor":[109,124,49,63,63,63,81,81,126,26,42,42,55,29,29,130,130,115,36,36,36,55,84,84,112,165,165,177,188,188,109,109,109],"floor_reached":33,"playtime":1773,"items_purged":["Defend_R","Injury"],"score":383,"play_id":"25bdcddf-2a06-4b08-abb0-9683a3dcf172","local_time":"20180801144939","is_ascension_mode":true,"campfire_choices":[{"data":"Exhume","floor":6,"key":"SMITH"},{"data":"Spot Weakness","floor":12,"key":"SMITH"},{"floor":15,"key":"REST"},{"data":"Twin Strike","floor":24,"key":"SMITH"},{"data":"Flame Barrier","floor":27,"key":"SMITH"},{"data":"Ghostly Armor","floor":32,"key":"SMITH"}],"neow_cost":"FIFTY_PERCENT_DAMAGE","seed_source_timestamp":1797653518236204,"circlet_count":0,"master_deck":["Strike_R","Strike_R","Strike_R","Defend_R","Defend_R","Bash","Armaments+1","Exhume+1","Warcry","True Grit","Ghostly Armor+1","Spot Weakness+1","Twin Strike+1","True Grit","Impervious","Iron Wave","Pummel","Ghostly","Ghostly","Ghostly","Ghostly","Ghostly","Spot Weakness+1","Flame Barrier+1","Uppercut"],"relics":["Burning Blood","Bronze Scales","Juzu Bracelet","Velvet Choker","Oddly Smooth Stone","Happy Flower","Red Skull"],"potions_floor_usage":[16,16,23,25,28],"damage_taken":[{"damage":1,"enemies":"Cultist","floor":1,"turns":4},{"damage":4,"enemies":"2 Louse","floor":2,"turns":3},{"damage":6,"enemies":"Jaw Worm","floor":4,"turns":5},{"damage":5,"enemies":"Gremlin Gang","floor":7,"turns":5},{"damage":11,"enemies":"Blue Slaver","floor":11,"turns":3},{"damage":2,"enemies":"Looter","floor":13,"turns":4},{"damage":34,"enemies":"The Guardian","floor":16,"turns":11},{"damage":14,"enemies":"2 Thieves","floor":18,"turns":5},{"damage":2,"enemies":"Shell Parasite","floor":22,"turns":8},{"damage":14,"enemies":"Gremlin Leader","floor":23,"turns":8},{"damage":8,"enemies":"Slavers","floor":25,"turns":8},{"damage":20,"enemies":"Sentry and Sphere","floor":28,"turns":9},{"damage":0,"enemies":"Slaver and Parasite","floor":29,"turns":5},{"damage":33,"enemies":"Collector","floor":33,"turns":7}],"seed_played":"-7622427525702836774","potions_obtained":[{"floor":2,"key":"PowerPotion"},{"floor":4,"key":"Swift Potion"},{"floor":13,"key":"Fire Potion"},{"floor":22,"key":"SteroidPotion"},{"floor":23,"key":"AttackPotion"},{"floor":25,"key":"Swift Potion"}],"is_trial":false,"path_per_floor":["M","M","$","M","?","R","M","?","T","$","M","R","M","$","R","B",null,"M","$","?","?","M","E","R","E","T","R","M","M","?","$","R"],"character_chosen":"IRONCLAD","items_purchased":["True Grit","Pummel","Uppercut"],"campfire_rested":1,"item_purchase_floors":[14,19,31],"current_hp_per_floor":[41,43,43,43,43,43,44,44,44,44,39,39,43,43,67,39,70,62,62,40,40,40,32,32,30,30,30,16,22,22,22,22,0],"gold":109,"neow_bonus":"TRANSFORM_TWO_CARDS","is_prod":false,"is_daily":false,"chose_seed":false,"campfire_upgraded":5,"win_rate":0,"timestamp":1533149379,"path_taken":["M","M","$","?","?","R","?","?","T","?","M","R","M","$","R","BOSS","M","$","?","?","M","E","R","E","T","R","M","M","?","$","R","BOSS"],"build_version":"2018-07-26","purchased_purges":2,"victory":false,"max_hp_per_floor":[80,80,80,80,80,80,80,80,80,80,80,80,80,80,80,80,80,80,80,40,40,40,40,40,40,40,40,40,40,40,40,40,40],"card_choices":[{"not_picked":["Heavy Blade","Twin Strike"],"picked":"Warcry","floor":1},{"not_picked":["Blood for Blood","Cleave"],"picked":"True Grit","floor":2},{"not_picked":["Headbutt","Rupture","Blood for Blood"],"picked":"SKIP","floor":4},{"not_picked":["Inflame","Clothesline"],"picked":"Ghostly Armor","floor":7},{"not_picked":["Shrug It Off","Reckless Charge"],"picked":"Spot Weakness","floor":11},{"not_picked":["Corruption","Metallicize"],"picked":"Twin Strike","floor":13},{"not_picked":["Demon Form","Reaper"],"picked":"Impervious","floor":16},{"not_picked":["Seeing Red","Combust"],"picked":"Iron Wave","floor":18},{"not_picked":["Rupture","True Grit","Warcry"],"picked":"SKIP","floor":22},{"not_picked":["Juggernaut","Shockwave"],"picked":"Spot Weakness+1","floor":23},{"not_picked":["Shrug It Off+1","Sentinel+1"],"picked":"Flame Barrier","floor":25},{"not_picked":["Clash+1","True Grit","Carnage"],"picked":"SKIP","floor":28},{"not_picked":["Shockwave","Clothesline+1","True Grit+1"],"picked":"SKIP","floor":29}],"player_experience":327411,"relics_obtained":[{"floor":9,"key":"Juzu Bracelet"},{"floor":23,"key":"Oddly Smooth Stone"},{"floor":25,"key":"Happy Flower"},{"floor":26,"key":"Red Skull"}],"event_choices":[{"event_name":"WeMeetAgain","player_choice":"Potion","floor":5,"damage_taken":0},{"event_name":"Accursed Blacksmith","player_choice":"Forge","floor":8,"damage_taken":0},{"event_name":"Ghosts","player_choice":"Became a Ghost","floor":20,"damage_taken":0},{"event_name":"Addict","player_choice":"Ignored","floor":21,"damage_taken":0},{"event_name":"Back to Basics","player_choice":"Elegance","floor":30,"damage_taken":0}],"is_beta":false,"boss_relics":[{"not_picked":["Runic Dome","Runic Cube"],"picked":"Velvet Choker"}],"items_purged_floors":[3,10],"is_endless":false,"potions_floor_spawned":[2,4,13,22,23,25],"killed_by":"Collector","ascension_level":6}