{"path_per_floor":["M","M","M","$","?","R","E","?","T","T","M","R","M","E","R","B",null,"M","?","?","$","M","R","E","M","T","?","M","R","T","M","R","B",null,"M","?","M","T","$","M","M","T","T","M","R","T","R","M","R","B"],"character_chosen":"IRONCLAD","items_purchased":["Immolate","Happy Flower","Shuriken","Impervious","Dropkick"],"gold_per_floor":[114,125,137,1,1,1,34,34,34,86,96,96,106,438,438,535,535,547,547,547,1,21,21,50,64,121,21,31,31,31,47,47,142,142,153,153,163,187,114,130,147,196,219,230,230,284,284,297,297,297],"floor_reached":51,"campfire_rested":4,"playtime":2688,"current_hp_per_floor":[80,77,80,80,73,73,53,53,53,53,59,59,65,39,63,63,80,69,69,69,69,72,72,46,33,33,33,36,60,60,50,74,14,80,80,70,79,79,79,49,42,42,42,44,68,68,68,70,70,15],"items_purged":["Defend_R"],"gold":297,"score":752,"play_id":"ff667e0d-ce42-43c9-9e8f-62be314e4cd9","local_time":"20180321131515","is_prod":false,"is_daily":false,"is_ascension_mode":false,"campfire_upgraded":5,"timestamp":1521652515,"path_taken":["M","M","?","?","?","R","E","?","T","?","M","R","M","E","R","BOSS","M","?","?","$","?","R","E","?","T","?","M","R","?","M","R","BOSS","M","?","?","?","$","M","M","?","T","M","R","?","R","M","R","BOSS"],"build_version":"2018-03-15v3","purchased_purges":2,"victory":true,"master_deck":["Strike_R","Strike_R","Strike_R","Strike_R","Strike_R","Bash","Brutality+1","Demon Form+1","Dropkick","Ghostly Armor+1","Immolate","Ghostly Armor+1","Perfected Strike","Cleave","Clash","Fiend Fire+1","Shockwave","Impervious","Pommel Strike","J.A.X.","Shrug It Off","Reaper","Rampage","Madness","Madness","Heavy Blade+1","Writhe","Dropkick","Burning Pact+1","Injury","Heavy Blade+1","Warcry+1","Rupture+1"],"max_hp_per_floor":[80,80,80,80,80,80,80,80,80,80,80,80,80,80,80,80,80,80,80,80,80,80,80,80,80,80,80,80,80,80,80,80,80,80,80,80,80,80,80,80,80,80,80,80,80,80,80,80,80,80],"relics":["Burning Blood","Vajra","Champion Belt","Anchor","Old Coin","Velvet Choker","Happy Flower","Shuriken","Torii","Tiny Chest","Thread and Needle","Cursed Key","Bronze Scales","Omamori","Prayer Wheel","Bag of Preparation"],"card_choices":[{"not_picked":["Anger","True Grit"],"picked":"Demon Form"},{"not_picked":["Disarm","Second Wind"],"picked":"Dropkick"},{"not_picked":["Dropkick","Fire Breathing"],"picked":"Ghostly Armor"},{"not_picked":["Dropkick","Feel No Pain"],"picked":"Ghostly Armor"},{"not_picked":["Hemokinesis","Shockwave"],"picked":"Perfected Strike"},{"not_picked":["Clash","Rupture"],"picked":"Cleave"},{"not_picked":["Body Slam","Dark Embrace"],"picked":"Clash"},{"not_picked":["Exhume","Dark Embrace"],"picked":"Fiend Fire"},{"not_picked":["Fire Breathing","Evolve"],"picked":"Pommel Strike"},{"not_picked":["Ghostly Armor","Corruption"],"picked":"Shrug It Off"},{"not_picked":["Juggernaut","Demon Form"],"picked":"Reaper"},{"not_picked":["Cleave","Flex"],"picked":"Rampage"},{"not_picked":["Flex","Blood for Blood"],"picked":"Heavy Blade"},{"not_picked":["Clothesline","Dropkick"],"picked":"Burning Pact"},{"not_picked":["Twin Strike","Searing Blow"],"picked":"Heavy Blade"},{"not_picked":["Twin Strike","Rage"],"picked":"Warcry"},{"not_picked":["Cleave","Thunderclap"],"picked":"Rupture"}],"player_experience":53798,"potions_floor_usage":[16,16,24,33,33,33,44,50,50],"damage_taken":[{"damage":2,"enemies":"Cultist","floor":1,"turns":4},{"damage":9,"enemies":"Small Slimes","floor":2,"turns":3},{"damage":1,"enemies":"2 Louse","floor":3,"turns":3},{"damage":26,"enemies":"Lagavulin","floor":7,"turns":7},{"damage":0,"enemies":"2 Fungi Beasts","floor":11,"turns":4},{"damage":0,"enemies":"Red Slaver","floor":13,"turns":3},{"damage":32,"enemies":"3 Sentries","floor":14,"turns":6},{"damage":21,"enemies":"The Guardian","floor":16,"turns":8},{"damage":17,"enemies":"Spheric Guardian","floor":18,"turns":4},{"damage":3,"enemies":"Shell Parasite","floor":22,"turns":2},{"damage":32,"enemies":"Slavers","floor":24,"turns":5},{"damage":19,"enemies":"Cultist and Chosen","floor":25,"turns":5},{"damage":3,"enemies":"Snake Plant","floor":28,"turns":3},{"damage":16,"enemies":"Slaver and Parasite","floor":31,"turns":5},{"damage":66,"enemies":"Automaton","floor":33,"turns":10},{"damage":0,"enemies":"Orb Walker","floor":35,"turns":3},{"damage":10,"enemies":"3 Darklings","floor":37,"turns":3},{"damage":37,"enemies":"Maw","floor":40,"turns":6},{"damage":26,"enemies":"4 Shapes","floor":41,"turns":6},{"damage":16,"enemies":"Sphere and 2 Shapes","floor":44,"turns":6},{"damage":19,"enemies":"3 Darklings","floor":48,"turns":5},{"damage":72,"enemies":"Awakened One","floor":50,"turns":7}],"event_choices":[{"event_name":"Golden Wing","player_choice":"Card Removal","floor":5,"damage_taken":0},{"event_name":"Purifier","player_choice":"One Purge","floor":8,"damage_taken":0},{"event_name":"The Library","player_choice":"Read","floor":19,"damage_taken":0},{"event_name":"Purifier","player_choice":"One Purge","floor":20,"damage_taken":0},{"event_name":"Drug Dealer","player_choice":"Got JAXXED","floor":27,"damage_taken":0},{"event_name":"Winding Halls","player_choice":"Embrace Madness","floor":36,"damage_taken":0}],"boss_relics":[{"not_picked":["Black Blood","Sozu"],"picked":"Velvet Choker"},{"not_picked":["Orrery","Philosopher\u0027s Stone"],"picked":"Cursed Key"}],"potions_floor_spawned":[13,14,16,24,25,28,35,40,44],"seed_played":"-5001631257866927312","ascension_level":0,"is_trial":false}