{"gold_per_floor":[113,113,125,142,36,62,27,38,38,66,85,85,85,100,100,205,205,223,148,167,187,187,187,214,214,214,214,214,233,233,244,244,349,349,365,1364,1364],"floor_reached":37,"playtime":3210,"items_purged":[],"score":424,"play_id":"3f8e202c-0060-496e-9606-6e6e8bf579c5","local_time":"20190721104625","is_ascension_mode":false,"campfire_choices":[{"floor":12,"key":"REST"},{"floor":15,"key":"REST"},{"floor":23,"key":"REST"},{"floor":28,"key":"REST"},{"floor":30,"key":"REST"},{"data":"Static Discharge","floor":32,"key":"SMITH"}],"neow_cost":"NONE","seed_source_timestamp":916762312893726,"circlet_count":0,"master_deck":["Strike_B","Strike_B","Defend_B","Defend_B","Defend_B","Defend_B","Zap","Dualcast","Streamline","Sweeping Beam","Ball Lightning","Melter","Loop","Cold Snap","Beam Cell","Go for the Eyes","Static Discharge+1","Machine Learning","Self Repair","BootSequence","Blizzard","Rebound","FTL","Electrodynamics","Leap+1"],"relics":["FrozenCore","NeowsBlessing","Meat on the Bone","Du-Vu Doll","Shovel","Kunai","MutagenicStrength","Omamori","Pear","Question Card","Velvet Choker"],"potions_floor_usage":[10,10,16,21,37],"damage_taken":[{"damage":0,"enemies":"Jaw Worm","floor":1,"turns":1},{"damage":0,"enemies":"Cultist","floor":3,"turns":1},{"damage":0,"enemies":"Small Slimes","floor":4,"turns":1},{"damage":40,"enemies":"3 Sentries","floor":6,"turns":5},{"damage":13,"enemies":"2 Fungi Beasts","floor":8,"turns":3},{"damage":11,"enemies":"Lagavulin","floor":10,"turns":5},{"damage":3,"enemies":"Exordium Thugs","floor":11,"turns":4},{"damage":10,"enemies":"Blue Slaver","floor":14,"turns":2},{"damage":5,"enemies":"Slime Boss","floor":16,"turns":9},{"damage":4,"enemies":"Chosen","floor":18,"turns":4},{"damage":10,"enemies":"Spheric Guardian","floor":20,"turns":4},{"damage":21,"enemies":"Centurion and Healer","floor":21,"turns":7},{"damage":56,"enemies":"Slavers","floor":24,"turns":7},{"damage":21,"enemies":"Snake Plant","floor":29,"turns":5},{"damage":9,"enemies":"Chosen and Byrds","floor":31,"turns":6},{"damage":54,"enemies":"Automaton","floor":33,"turns":10},{"damage":23,"enemies":"3 Darklings","floor":35,"turns":3},{"damage":63,"enemies":"2 Orb Walkers","floor":37,"turns":5}],"seed_played":"-1915644532455272900","potions_obtained":[{"floor":1,"key":"EssenceOfSteel"},{"floor":8,"key":"FocusPotion"},{"floor":10,"key":"SpeedPotion"},{"floor":16,"key":"FearPotion"},{"floor":18,"key":"FocusPotion"},{"floor":33,"key":"Poison Potion"}],"is_trial":false,"path_per_floor":["M","?","M","M","$","E","?","M","T","E","M","R","?","M","R","B",null,"M","?","M","M","?","R","E","T","T","?","R","M","R","M","R","B",null,"M","?","?"],"character_chosen":"DEFECT","items_purchased":["Melter","Loop"],"campfire_rested":5,"item_purchase_floors":[5,5],"current_hp_per_floor":[75,75,75,75,75,35,53,40,40,41,38,60,57,47,69,64,75,71,71,68,54,54,75,38,48,48,48,73,59,84,82,82,47,85,62,62,0],"gold":1364,"neow_bonus":"THREE_ENEMY_KILL","is_prod":false,"is_daily":false,"chose_seed":false,"campfire_upgraded":1,"win_rate":0.0,"timestamp":1563702385,"path_taken":["M","?","M","M","?","E","?","M","T","E","M","R","?","M","R","BOSS","M","?","M","M","?","R","E","?","T","?","R","M","R","M","R","BOSS","M","?","?"],"build_version":"2019-07-17","purchased_purges":0,"victory":false,"max_hp_per_floor":[75,75,75,75,75,75,75,75,75,75,75,75,75,75,75,75,75,75,75,75,75,75,75,75,85,85,85,85,85,85,85,85,85,85,85,85,85],"card_choices":[{"not_picked":["Scrape","Doom and Gloom"],"picked":"Streamline","floor":1},{"not_picked":["Go for the Eyes","Redo"],"picked":"Sweeping Beam","floor":3},{"not_picked":["Sweeping Beam","Conserve Battery"],"picked":"Ball Lightning","floor":4},{"not_picked":["Fusion","Coolheaded","All For One"],"picked":"SKIP","floor":6},{"not_picked":["Chaos","Ball Lightning"],"picked":"Cold Snap","floor":8},{"not_picked":["Consume","Hologram"],"picked":"Beam Cell","floor":10},{"not_picked":["Hologram","Beam Cell"],"picked":"Go for the Eyes","floor":11},{"not_picked":["Hello World","Heatsinks"],"picked":"Static Discharge","floor":14},{"not_picked":["Reboot","Amplify"],"picked":"Machine Learning","floor":16},{"not_picked":["Melter+1","Leap"],"picked":"Self Repair","floor":18},{"not_picked":["Coolheaded","Heatsinks+1","Fusion"],"picked":"SKIP","floor":20},{"not_picked":["Chill","Go for the Eyes+1"],"picked":"BootSequence","floor":21},{"not_picked":["Rainbow","White Noise"],"picked":"Blizzard","floor":24},{"not_picked":["Blizzard","Fusion","BootSequence"],"picked":"Rebound","floor":29},{"not_picked":["Leap","Darkness","Hologram"],"picked":"FTL","floor":31},{"not_picked":["Biased Cognition","Thunder Strike","Fission"],"picked":"Electrodynamics","floor":33},{"not_picked":["Cold Snap+1","Hologram","Barrage"],"picked":"Leap+1","floor":35}],"player_experience":51929,"relics_obtained":[{"floor":6,"key":"Meat on the Bone"},{"floor":9,"key":"Du-Vu Doll"},{"floor":10,"key":"Shovel"},{"floor":24,"key":"Omamori"},{"floor":25,"key":"Pear"},{"floor":26,"key":"Question Card"}],"event_choices":[{"cards_removed":["Strike_B"],"damage_healed":0,"gold_gain":0,"player_choice":"Offered Basic","damage_taken":0,"max_hp_gain":0,"max_hp_loss":0,"event_name":"Bonfire Elementals","floor":2,"gold_loss":0},{"damage_healed":18,"gold_gain":0,"player_choice":"Healed","damage_taken":0,"max_hp_gain":0,"max_hp_loss":0,"event_name":"The Cleric","floor":7,"gold_loss":35},{"damage_healed":0,"gold_gain":0,"player_choice":"Success","damage_taken":3,"relics_obtained":["Kunai"],"max_hp_gain":0,"max_hp_loss":0,"event_name":"Scrap Ooze","floor":13,"gold_loss":0},{"cards_removed":["Strike_B"],"damage_healed":0,"gold_gain":0,"player_choice":"Gave Gold","damage_taken":0,"max_hp_gain":0,"max_hp_loss":0,"event_name":"Beggar","floor":19,"gold_loss":75},{"damage_healed":0,"gold_gain":0,"player_choice":"Inject Mutagens","damage_taken":0,"relics_obtained":["MutagenicStrength"],"max_hp_gain":0,"max_hp_loss":0,"event_name":"Drug Dealer","floor":22,"gold_loss":0},{"damage_healed":0,"gold_gain":0,"player_choice":"Ignored","damage_taken":0,"max_hp_gain":0,"max_hp_loss":0,"event_name":"Ghosts","floor":27,"gold_loss":0},{"damage_healed":0,"gold_gain":999,"player_choice":"Gold","damage_taken":0,"max_hp_gain":0,"max_hp_loss":0,"event_name":"MindBloom","floor":36,"gold_loss":0,"cards_obtained":["Normality","Normality"]},{"damage_healed":0,"gold_gain":0,"player_choice":"Fight","damage_taken":0,"max_hp_gain":0,"max_hp_loss":0,"event_name":"Mysterious Sphere","floor":37,"gold_loss":0}],"is_beta":false,"boss_relics":[{"not_picked":["Runic Dome","Eternal Feather"],"picked":"FrozenCore"},{"not_picked":["Lizard Tail","Empty Cage"],"picked":"Velvet Choker"}],"items_purged_floors":[],"is_endless":false,"potions_floor_spawned":[1,8,10,16,18,33],"killed_by":"2 Orb Walkers","ascension_level":0}