{"gold_per_floor":[117,137,102,102,102,143,143,156,211,287,287,320,336,349,349,439,439,453,453,21,35,35,79,98,98,98,98,98,138,138,161,161,259,259,275,48,68,68,68,108,108,132,132,132,155,155,176,191,191,191],"floor_reached":50,"playtime":2261,"items_purged":["Writhe"],"score":935,"play_id":"4116df3a-23ad-4674-82de-db2d3e06fc69","local_time":"20190723013157","is_ascension_mode":true,"campfire_choices":[{"floor":7,"key":"REST"},{"data":"Zap","floor":11,"key":"SMITH"},{"floor":15,"key":"REST"},{"data":"Capacitor","floor":25,"key":"SMITH"},{"floor":28,"key":"REST"},{"floor":30,"key":"REST"},{"floor":32,"key":"REST"},{"floor":41,"key":"REST"},{"floor":44,"key":"DIG"},{"floor":49,"key":"REST"}],"neow_cost":"NONE","seed_source_timestamp":19540471782384,"circlet_count":0,"master_deck":["AscendersBane","Strike_B+1","Strike_B+1","Strike_B+1","Strike_B+1","Defend_B+1","Defend_B+1","Defend_B+1","Defend_B+1","Zap+1","Dualcast","Coolheaded","Cold Snap","Compile Driver","Ball Lightning","Tempest","Redo","Glacier","Hyperbeam","Streamline","Capacitor+1","Consume","Sunder","Defragment","Multi-Cast","Necronomicurse","Hologram","Self Repair","Biased Cognition","Coolheaded+1","Static Discharge+1","Buffer","Doubt","Capacitor+1","Barrage","Undo+1"],"relics":["Cracked Core","Golden Idol","Oddly Smooth Stone","Tiny Chest","Kunai","Happy Flower","Cursed Key","DataDisk","Lee\u0027s Waffle","Dead Branch","Question Card","Necronomicon","Vajra","Philosopher\u0027s Stone","Pen Nib","Shovel","Frozen Egg 2","Orichalcum"],"potions_floor_usage":[6,16,18,23,29,33,40,42,48,50],"damage_taken":[{"damage":12,"enemies":"Small Slimes","floor":1,"turns":4},{"damage":2,"enemies":"2 Louse","floor":2,"turns":3},{"damage":13,"enemies":"Lagavulin","floor":6,"turns":9},{"damage":6,"enemies":"Jaw Worm","floor":8,"turns":3},{"damage":14,"enemies":"3 Sentries","floor":12,"turns":9},{"damage":4,"enemies":"2 Fungi Beasts","floor":13,"turns":2},{"damage":4,"enemies":"Looter","floor":14,"turns":3},{"damage":12,"enemies":"Hexaghost","floor":16,"turns":12},{"damage":0,"enemies":"3 Byrds","floor":18,"turns":2},{"damage":2,"enemies":"Shell Parasite","floor":21,"turns":5},{"damage":17,"enemies":"Slavers","floor":23,"turns":6},{"damage":13,"enemies":"Centurion and Healer","floor":24,"turns":6},{"damage":40,"enemies":"Gremlin Leader","floor":29,"turns":7},{"damage":21,"enemies":"Snake Plant","floor":31,"turns":3},{"damage":35,"enemies":"Champ","floor":33,"turns":15},{"damage":14,"enemies":"3 Darklings","floor":35,"turns":3},{"damage":8,"enemies":"3 Shapes","floor":37,"turns":2},{"damage":31,"enemies":"Reptomancer","floor":40,"turns":5},{"damage":22,"enemies":"Maw","floor":42,"turns":7},{"damage":0,"enemies":"4 Shapes","floor":45,"turns":3},{"damage":0,"enemies":"Sphere and 2 Shapes","floor":47,"turns":6},{"damage":28,"enemies":"Transient","floor":48,"turns":5},{"damage":60,"enemies":"Time Eater","floor":50,"turns":7}],"seed_played":"-3169734661524844020","potions_obtained":[{"floor":1,"key":"PowerPotion"},{"floor":2,"key":"Explosive Potion"},{"floor":8,"key":"FocusPotion"},{"floor":21,"key":"EssenceOfSteel"},{"floor":24,"key":"Weak Potion"},{"floor":31,"key":"SkillPotion"},{"floor":33,"key":"Ancient Potion"},{"floor":40,"key":"Regen Potion"},{"floor":47,"key":"AttackPotion"},{"floor":48,"key":"Weak Potion"}],"is_trial":false,"path_per_floor":["M","M","?","?","?","E","R","M","T","T","R","E","M","M","R","B",null,"M","?","$","M","?","E","M","R","T","?","R","E","R","M","R","B",null,"M","$","M","?","$","E","R","M","T","R","M","?","M","M","R","B"],"character_chosen":"DEFECT","items_purchased":["DataDisk","Lee\u0027s Waffle","Capacitor","Pen Nib"],"campfire_rested":7,"item_purchase_floors":[20,20,20,36],"current_hp_per_floor":[59,57,76,49,49,36,59,53,53,53,53,39,35,31,54,42,69,69,69,85,83,83,66,53,53,53,32,57,17,42,21,46,18,68,61,61,60,60,60,36,60,60,60,60,60,48,55,34,58,0],"gold":191,"neow_bonus":"TEN_PERCENT_HP_BONUS","is_prod":false,"is_daily":false,"chose_seed":false,"campfire_upgraded":2,"win_rate":0,"timestamp":1563809517,"path_taken":["M","M","?","?","?","E","R","M","T","?","R","E","?","M","R","BOSS","M","?","$","M","?","E","M","R","T","?","R","E","R","M","R","BOSS","M","$","M","?","$","E","R","M","T","R","M","?","?","M","R","BOSS"],"build_version":"2019-07-17","purchased_purges":1,"victory":false,"max_hp_per_floor":[78,78,78,78,78,78,78,78,78,78,78,78,78,78,78,78,78,78,78,85,85,85,85,85,85,85,85,85,85,85,85,85,85,85,85,85,85,81,81,81,81,81,81,81,81,81,81,81,81,81],"card_choices":[{"not_picked":["Darkness","Reinforced Body"],"picked":"Coolheaded","floor":1},{"not_picked":["Rebound","Compile Driver"],"picked":"Cold Snap","floor":2},{"not_picked":["BootSequence","Scrape"],"picked":"Compile Driver","floor":6},{"not_picked":["Auto Shields","Amplify"],"picked":"Ball Lightning","floor":8},{"not_picked":["Scrape","Turbo"],"picked":"Tempest","floor":12},{"not_picked":["Go for the Eyes","Beam Cell"],"picked":"Redo","floor":13},{"not_picked":["Conserve Battery","Redo"],"picked":"Glacier","floor":14},{"not_picked":["Buffer","Core Surge"],"picked":"Hyperbeam","floor":16},{"not_picked":["Darkness","Conserve Battery"],"picked":"Streamline","floor":18},{"not_picked":["Hello World","Glacier"],"picked":"Consume","floor":21},{"not_picked":["Coolheaded","Chill"],"picked":"Defragment","floor":23},{"not_picked":["Ball Lightning","Cold Snap"],"picked":"Multi-Cast","floor":24},{"not_picked":["Stack+1","Glacier","Ball Lightning"],"picked":"Hologram","floor":29},{"not_picked":["Force Field","Beam Cell","Lockon"],"picked":"Self Repair","floor":31},{"not_picked":["Reboot","Seek","Multi-Cast"],"picked":"Biased Cognition","floor":33},{"not_picked":["Go for the Eyes","Barrage","Stack"],"picked":"Coolheaded+1","floor":35},{"not_picked":["Steam Power","Heatsinks+1","Rip and Tear"],"picked":"Static Discharge+1","floor":37},{"not_picked":["Rebound","Static Discharge+1","Streamline+1","Fusion"],"picked":"SKIP","floor":40},{"not_picked":["Force Field","FTL+1","Go for the Eyes"],"picked":"Buffer","floor":42},{"not_picked":["Stack+1","Darkness","Streamline"],"picked":"Capacitor+1","floor":45},{"not_picked":["Rebound","Leap","Conserve Battery"],"picked":"Barrage","floor":47},{"not_picked":["Beam Cell","Steam+1","White Noise"],"picked":"Undo+1","floor":48}],"player_experience":1060885,"relics_obtained":[{"floor":6,"key":"Oddly Smooth Stone"},{"floor":9,"key":"Tiny Chest"},{"floor":10,"key":"Kunai"},{"floor":12,"key":"Happy Flower"},{"floor":23,"key":"Dead Branch"},{"floor":26,"key":"Question Card"},{"floor":27,"key":"Necronomicon"},{"floor":29,"key":"Vajra"},{"floor":40,"key":"Shovel"},{"floor":43,"key":"Frozen Egg 2"},{"floor":44,"key":"Orichalcum"}],"event_choices":[{"damage_healed":19,"gold_gain":0,"player_choice":"Healed","damage_taken":0,"max_hp_gain":0,"max_hp_loss":0,"event_name":"The Cleric","floor":3,"gold_loss":35},{"damage_healed":0,"gold_gain":0,"player_choice":"Take Damage","damage_taken":27,"relics_obtained":["Golden Idol"],"max_hp_gain":0,"max_hp_loss":0,"event_name":"Golden Idol","floor":4,"gold_loss":0},{"damage_healed":0,"gold_gain":0,"player_choice":"Ignored","damage_taken":0,"max_hp_gain":0,"max_hp_loss":0,"event_name":"Golden Wing","floor":5,"gold_loss":0},{"damage_healed":0,"gold_gain":0,"player_choice":"Simplicity","damage_taken":0,"max_hp_gain":0,"max_hp_loss":0,"event_name":"Back to Basics","floor":19,"gold_loss":0,"cards_upgraded":["Strike_B","Strike_B","Strike_B","Strike_B","Defend_B","Defend_B","Defend_B","Defend_B"]},{"damage_healed":0,"gold_gain":0,"player_choice":"Read","damage_taken":0,"max_hp_gain":0,"max_hp_loss":0,"event_name":"The Library","floor":22,"gold_loss":0,"cards_obtained":["Sunder"]},{"damage_healed":0,"gold_gain":0,"player_choice":"Obtained Book","damage_taken":21,"max_hp_gain":0,"max_hp_loss":0,"event_name":"Cursed Tome","floor":27,"gold_loss":0},{"damage_healed":0,"gold_gain":0,"player_choice":"Max HP","damage_taken":0,"max_hp_gain":0,"max_hp_loss":4,"event_name":"Winding Halls","floor":38,"gold_loss":0},{"damage_healed":0,"gold_gain":0,"player_choice":"Damaged","damage_taken":12,"max_hp_gain":0,"max_hp_loss":0,"event_name":"Wheel of Change","floor":46,"gold_loss":0}],"is_beta":false,"boss_relics":[{"not_picked":["White Beast Statue","Pandora\u0027s Box"],"picked":"Cursed Key"},{"not_picked":["Runic Pyramid","Tiny House"],"picked":"Philosopher\u0027s Stone"}],"items_purged_floors":[36],"is_endless":false,"potions_floor_spawned":[1,2,8,21,24,31,33,40,47,48],"killed_by":"Time Eater","ascension_level":15}