{"gold_per_floor":[117,15,26,301,312,312,340,359,359,359,359,393,413,424,424,424],"floor_reached":16,"playtime":453,"items_purged":[],"score":134,"play_id":"a795a841-38d1-4104-b47c-7b1978e72cd0","local_time":"20190426201803","is_ascension_mode":true,"campfire_choices":[{"data":"Uppercut","floor":6,"key":"SMITH"},{"floor":11,"key":"REST"},{"floor":15,"key":"REST"}],"neow_cost":"NONE","seed_source_timestamp":85832973728100,"circlet_count":0,"master_deck":["Strike_R","Strike_R","Strike_R","Strike_R","Strike_R","Defend_R","Defend_R","Defend_R","Defend_R","Bash","Heavy Blade","Flex","Twin Strike","Infernal Blade","Regret","Uppercut+1","Anger","Cleave","Sentinel","Shrug It Off","Wild Strike"],"relics":["Burning Blood","NeowsBlessing","Ornamental Fan","Sundial","Happy Flower","Bottled Flame"],"potions_floor_usage":[12,14,16,16],"damage_taken":[{"damage":0,"enemies":"Small Slimes","floor":1,"turns":1},{"damage":0,"enemies":"Cultist","floor":3,"turns":1},{"damage":0,"enemies":"Jaw Worm","floor":5,"turns":1},{"damage":32,"enemies":"Gremlin Nob","floor":7,"turns":4},{"damage":10,"enemies":"Exordium Wildlife","floor":8,"turns":4},{"damage":33,"enemies":"Lagavulin","floor":12,"turns":4},{"damage":22,"enemies":"Large Slime","floor":13,"turns":5},{"damage":16,"enemies":"Gremlin Gang","floor":14,"turns":4},{"damage":33,"enemies":"Hexaghost","floor":16,"turns":9}],"seed_played":"-6810631910697029609","potions_obtained":[{"floor":7,"key":"LiquidBronze"},{"floor":12,"key":"Explosive Potion"},{"floor":13,"key":"Block Potion"},{"floor":14,"key":"AttackPotion"}],"is_trial":false,"path_per_floor":["M","$","M","?","M","R","E","M","T","?","R","E","M","M","R","B"],"character_chosen":"IRONCLAD","items_purchased":["Flex","Twin Strike"],"campfire_rested":2,"item_purchase_floors":[2,2],"current_hp_per_floor":[80,80,80,80,80,80,54,50,50,38,62,35,19,9,33,0],"gold":424,"neow_bonus":"THREE_ENEMY_KILL","is_prod":false,"is_daily":false,"chose_seed":false,"campfire_upgraded":1,"win_rate":0,"timestamp":1556273883,"path_taken":["M","$","M","?","?","R","E","M","T","?","R","E","M","M","R","BOSS"],"build_version":"2019-01-23","purchased_purges":0,"victory":false,"max_hp_per_floor":[80,80,80,80,80,80,80,80,80,80,80,80,80,80,80,80],"card_choices":[{"not_picked":["Clash","Second Wind"],"picked":"Heavy Blade","floor":1},{"not_picked":["Pommel Strike","Blood for Blood"],"picked":"Infernal Blade","floor":3},{"not_picked":["Anger","Reaper"],"picked":"Uppercut","floor":5},{"not_picked":["Carnage","Clash"],"picked":"Anger","floor":7},{"not_picked":["Pommel Strike","Sentinel"],"picked":"Cleave","floor":8},{"not_picked":["Shrug It Off","Blood for Blood"],"picked":"Sentinel","floor":12},{"not_picked":["Perfected Strike","Clothesline"],"picked":"Shrug It Off","floor":13},{"not_picked":["Ghostly Armor","Headbutt"],"picked":"Wild Strike","floor":14}],"player_experience":494858,"relics_obtained":[{"floor":7,"key":"Ornamental Fan"},{"floor":9,"key":"Sundial"},{"floor":12,"key":"Bottled Flame"}],"event_choices":[{"damage_healed":0,"gold_gain":275,"player_choice":"Desecrate","damage_taken":0,"max_hp_gain":0,"max_hp_loss":0,"event_name":"Golden Shrine","floor":4,"gold_loss":0,"cards_obtained":["Regret"]},{"damage_healed":0,"gold_gain":0,"player_choice":"Success","damage_taken":12,"relics_obtained":["Happy Flower"],"max_hp_gain":0,"max_hp_loss":0,"event_name":"Scrap Ooze","floor":10,"gold_loss":0}],"is_beta":false,"boss_relics":[],"items_purged_floors":[],"is_endless":false,"potions_floor_spawned":[7,12,13,14],"killed_by":"Hexaghost","ascension_level":4}