{"gold_per_floor":[213,230,230,255,255,290,290,315,315,315,315,353,366,48,48,144,144,167,167,11,11,30,30,51,51,123,123,138,152,26,26,26,26],"floor_reached":33,"playtime":1071,"items_purged":["Injury"],"score":446,"play_id":"bac790b6-5079-47d0-b7a8-77a5c973a53f","local_time":"20190722042528","is_ascension_mode":true,"campfire_choices":[{"floor":7,"key":"REST"},{"floor":10,"key":"REST"},{"floor":15,"key":"REST"},{"data":"Genetic Algorithm","floor":23,"key":"SMITH"},{"floor":25,"key":"REST"},{"data":"Hologram","floor":27,"key":"SMITH"},{"floor":32,"key":"REST"}],"neow_cost":"NONE","seed_source_timestamp":54865065679199,"circlet_count":0,"master_deck":["AscendersBane","Zap+1","Dualcast+1","Beam Cell","Stack","Ball Lightning","Compile Driver","Sweeping Beam","Core Surge","Cold Snap","Echo Form","Heatsinks","Force Field","Reboot","Doom and Gloom","Compile Driver","Amplify","Electrodynamics","Hologram+1","Genetic Algorithm+1","Capacitor","Conserve Battery+1","Seek+1","Defragment","Writhe","Undo+1"],"relics":["Cracked Core","Golden Idol","Juzu Bracelet","DataDisk","Question Card","Ornamental Fan","Pandora\u0027s Box","Dream Catcher","Nloth\u0027s Gift","Toxic Egg 2","Blood Vial"],"potions_floor_usage":[12,18,29,33,33],"damage_taken":[{"damage":1,"enemies":"Cultist","floor":1,"turns":3},{"damage":7,"enemies":"Small Slimes","floor":2,"turns":3},{"damage":7,"enemies":"Jaw Worm","floor":4,"turns":2},{"damage":32,"enemies":"3 Sentries","floor":6,"turns":7},{"damage":8,"enemies":"3 Louse","floor":8,"turns":3},{"damage":10,"enemies":"Lagavulin","floor":12,"turns":4},{"damage":11,"enemies":"Gremlin Gang","floor":13,"turns":3},{"damage":4,"enemies":"Slime Boss","floor":16,"turns":9},{"damage":0,"enemies":"Chosen","floor":18,"turns":4},{"damage":9,"enemies":"Shell Parasite","floor":22,"turns":4},{"damage":23,"enemies":"Snecko","floor":24,"turns":4},{"damage":39,"enemies":"Centurion and Healer","floor":28,"turns":5},{"damage":5,"enemies":"Shelled Parasite and Fungi","floor":29,"turns":6},{"damage":36,"enemies":"Collector","floor":33,"turns":3}],"seed_played":"5711510548548478439","potions_obtained":[{"floor":4,"key":"LiquidBronze"},{"floor":8,"key":"FocusPotion"},{"floor":16,"key":"Energy Potion"},{"floor":18,"key":"FocusPotion"},{"floor":29,"key":"LiquidBronze"}],"is_trial":false,"path_per_floor":["M","M","?","M","?","E","R","M","T","R","?","E","M","$","R","B",null,"M","?","$","?","M","R","M","R","T","R","M","M","$","?","R","B"],"character_chosen":"DEFECT","items_purchased":["Ornamental Fan","Dream Catcher","Defragment","Energy Potion"],"campfire_rested":5,"item_purchase_floors":[14,20,30,30],"current_hp_per_floor":[63,56,56,49,49,17,38,30,30,51,30,20,9,9,30,26,60,60,60,60,60,51,51,28,49,49,49,10,5,5,5,26,0],"gold":26,"neow_bonus":"HUNDRED_GOLD","is_prod":false,"is_daily":false,"chose_seed":true,"campfire_upgraded":2,"win_rate":0,"timestamp":1563733528,"path_taken":["M","?","?","M","?","E","R","M","T","R","?","E","M","$","R","BOSS","M","?","$","?","M","R","M","R","T","R","M","M","$","?","R","BOSS"],"build_version":"2019-07-17","purchased_purges":1,"victory":false,"max_hp_per_floor":[71,71,71,71,71,71,71,71,71,71,71,71,71,71,71,71,71,71,71,71,71,71,71,71,71,71,71,71,71,71,71,71,71],"card_choices":[{"not_picked":["Force Field","Heatsinks"],"picked":"Beam Cell","floor":1},{"not_picked":["Recycle","Chaos"],"picked":"Stack","floor":2},{"not_picked":["Turbo","Stack"],"picked":"Ball Lightning","floor":4},{"not_picked":["Streamline","Beam Cell"],"picked":"Compile Driver","floor":6},{"not_picked":["Go for the Eyes","Stack"],"picked":"Sweeping Beam","floor":8},{"not_picked":["Sweeping Beam","Coolheaded"],"picked":"Core Surge","floor":12},{"not_picked":["Turbo","Rebound","Loop"],"picked":"Cold Snap","floor":13},{"not_picked":["Buffer","Creative AI","Amplify"],"picked":"Echo Form","floor":16},{"not_picked":["Hello World","Go for the Eyes","Gash"],"picked":"Hologram","floor":18},{"not_picked":["Rip and Tear","Tempest","Loop"],"picked":"Genetic Algorithm","floor":22},{"not_picked":["Redo","Tempest","Sweeping Beam","Leap"],"picked":"SKIP","floor":24},{"not_picked":["Force Field","Recycle","Sweeping Beam"],"picked":"Capacitor","floor":25},{"not_picked":["Core Surge","Steam+1","Coolheaded+1"],"picked":"Conserve Battery+1","floor":28},{"not_picked":["Force Field+1","Redo+1","Barrage+1"],"picked":"Seek+1","floor":29},{"not_picked":["Reprogram+1","Go for the Eyes","Barrage"],"picked":"Undo+1","floor":32}],"player_experience":1051277,"relics_obtained":[{"floor":6,"key":"Juzu Bracelet"},{"floor":9,"key":"DataDisk"},{"floor":12,"key":"Question Card"},{"floor":26,"key":"Toxic Egg 2"}],"event_choices":[{"damage_healed":0,"gold_gain":0,"player_choice":"Take Wound","damage_taken":0,"relics_obtained":["Golden Idol"],"max_hp_gain":0,"max_hp_loss":0,"event_name":"Golden Idol","floor":3,"gold_loss":0,"cards_obtained":["Injury"]},{"damage_healed":0,"gold_gain":0,"player_choice":"Grow","damage_taken":0,"max_hp_gain":0,"max_hp_loss":0,"event_name":"Living Wall","floor":5,"gold_loss":0,"cards_upgraded":["Zap"]},{"damage_healed":0,"gold_gain":0,"player_choice":"Entered Light","damage_taken":21,"max_hp_gain":0,"max_hp_loss":0,"event_name":"Shining Light","floor":11,"gold_loss":0,"cards_upgraded":["Dualcast","Defend_B"]},{"cards_removed":["Darkness"],"damage_healed":0,"gold_gain":0,"player_choice":"Gave Card","damage_taken":0,"relics_obtained":["Blue Candle"],"max_hp_gain":0,"max_hp_loss":0,"event_name":"WeMeetAgain","floor":19,"gold_loss":0},{"damage_healed":0,"gold_gain":0,"player_choice":"Traded Relic","damage_taken":0,"relics_obtained":["Nloth\u0027s Gift"],"max_hp_gain":0,"max_hp_loss":0,"event_name":"N\u0027loth","floor":21,"relics_lost":["Blue Candle"],"gold_loss":0},{"damage_healed":0,"gold_gain":0,"player_choice":"Opened","damage_taken":0,"relics_obtained":["Blood Vial"],"max_hp_gain":0,"max_hp_loss":0,"event_name":"The Mausoleum","floor":31,"gold_loss":0,"cards_obtained":["Writhe"]}],"is_beta":false,"boss_relics":[{"not_picked":["Ectoplasm","Empty Cage"],"picked":"Pandora\u0027s Box"}],"items_purged_floors":[14],"is_endless":false,"potions_floor_spawned":[4,8,16,18,28,29],"killed_by":"Collector","ascension_level":15}