{"gold_per_floor":[113,123,123,30,44,44,55,55,55,55,69,144,155,155,155,260,260,279,279,295,305,320,320,332,332,332,13,13,28,28,45,45,143,143,156,156,179,65,85,85,85],"floor_reached":41,"playtime":3045,"items_purged":[],"score":410,"play_id":"b61e8c42-9d9e-44b7-894e-5e0f041e9e85","local_time":"20190322103634","is_ascension_mode":false,"campfire_choices":[{"data":"Redo","floor":6,"key":"SMITH"},{"data":"Cold Snap","floor":8,"key":"SMITH"},{"data":"Dualcast","floor":10,"key":"SMITH"},{"data":"Beam Cell","floor":15,"key":"SMITH"},{"floor":23,"key":"REST"},{"data":"Fusion","floor":28,"key":"SMITH"},{"floor":32,"key":"REST"},{"data":"Zap","floor":40,"key":"SMITH"}],"neow_cost":"NONE","seed_source_timestamp":66399973043309,"circlet_count":0,"master_deck":["Strike_B","Strike_B","Strike_B","Defend_B","Defend_B","Defend_B","Zap+1","Dualcast+1","Coolheaded","Storm","Cold Snap+1","Redo+1","Beam Cell+1","Sweeping Beam","Heatsinks+1","Go for the Eyes","Regret","All For One","Barrage","Go for the Eyes+1","Sweeping Beam+1","Streamline+1","Barrage","Fusion+1","Doom and Gloom","Chaos+1","Self Repair+1","Capacitor+1","Auto Shields+1","Buffer+1","Compile Driver+1","Bandage Up+1","Loop+1","Chaos+1","Ball Lightning+1"],"relics":["Cracked Core","NeowsBlessing","Bronze Scales","Frozen Egg 2","Orichalcum","Toxic Egg 2","Pantograph","White Beast Statue","Anchor"],"potions_floor_usage":[16,16,16,18,18,21,22,24,31,33,39,41],"damage_taken":[{"damage":0,"enemies":"Jaw Worm","floor":1,"turns":1},{"damage":0,"enemies":"Cultist","floor":2,"turns":1},{"damage":0,"enemies":"2 Louse","floor":5,"turns":1},{"damage":2,"enemies":"2 Fungi Beasts","floor":7,"turns":4},{"damage":13,"enemies":"Gremlin Gang","floor":11,"turns":3},{"damage":12,"enemies":"Large Slime","floor":13,"turns":4},{"damage":19,"enemies":"The Guardian","floor":16,"turns":11},{"damage":12,"enemies":"Spheric Guardian","floor":18,"turns":4},{"damage":5,"enemies":"Chosen","floor":20,"turns":6},{"damage":13,"enemies":"Snecko","floor":21,"turns":5},{"damage":11,"enemies":"Centurion and Healer","floor":22,"turns":4},{"damage":14,"enemies":"Sentry and Sphere","floor":24,"turns":5},{"damage":8,"enemies":"Snake Plant","floor":29,"turns":3},{"damage":21,"enemies":"Shelled Parasite and Fungi","floor":31,"turns":7},{"damage":42,"enemies":"Automaton","floor":33,"turns":9},{"damage":6,"enemies":"Orb Walker","floor":35,"turns":4},{"damage":34,"enemies":"3 Darklings","floor":39,"turns":3},{"damage":53,"enemies":"Reptomancer","floor":41,"turns":2}],"seed_played":"-5246250406277503475","potions_obtained":[{"floor":1,"key":"SkillPotion"},{"floor":7,"key":"EntropicBrew"},{"floor":11,"key":"GamblersBrew"},{"floor":16,"key":"GamblersBrew"},{"floor":21,"key":"Fire Potion"},{"floor":22,"key":"SkillPotion"},{"floor":24,"key":"Block Potion"},{"floor":29,"key":"Weak Potion"},{"floor":35,"key":"AttackPotion"},{"floor":39,"key":"Block Potion"}],"is_trial":false,"path_per_floor":["M","M","?","$","M","R","M","R","T","R","M","?","M","?","R","B",null,"M","?","M","M","M","R","M","?","T","$","R","M","?","M","R","B",null,"M","?","T","$","M","R","E"],"character_chosen":"DEFECT","items_purchased":["Cold Snap","Redo","Chaos+1","Pantograph","Loop+1","Chaos+1"],"campfire_rested":2,"item_purchase_floors":[4,4,27,27,38,38],"current_hp_per_floor":[75,75,75,75,75,75,73,73,73,73,60,49,37,37,37,18,75,63,63,58,45,34,56,42,42,42,42,42,34,34,23,45,38,75,69,69,69,69,41,41,0],"gold":85,"neow_bonus":"THREE_ENEMY_KILL","is_prod":false,"is_daily":false,"chose_seed":false,"campfire_upgraded":6,"win_rate":0.0,"timestamp":1553214994,"path_taken":["M","M","?","$","M","R","?","R","T","R","M","?","M","?","R","BOSS","M","?","?","M","M","R","M","?","T","$","R","M","?","M","R","BOSS","M","?","?","$","M","R","E"],"build_version":"2019-01-23","purchased_purges":0,"victory":false,"max_hp_per_floor":[75,75,75,75,75,75,75,75,75,75,75,75,75,75,75,75,75,75,75,75,75,75,75,75,75,75,75,75,75,75,75,75,75,75,75,75,75,75,75,75,75],"card_choices":[{"not_picked":["Self Repair","Reinforced Body"],"picked":"Coolheaded","floor":1},{"not_picked":["Steam Power","Scrape"],"picked":"Storm","floor":2},{"not_picked":["Barrage","Double Energy"],"picked":"Beam Cell","floor":5},{"not_picked":["Stack","Steam"],"picked":"Sweeping Beam","floor":7},{"not_picked":["Streamline","Glacier"],"picked":"Heatsinks+1","floor":11},{"not_picked":["Streamline","White Noise"],"picked":"Go for the Eyes","floor":13},{"not_picked":["Reboot","Rainbow"],"picked":"All For One","floor":16},{"not_picked":["Compile Driver","Cold Snap+1"],"picked":"Barrage","floor":18},{"not_picked":["Heatsinks+1","Chill"],"picked":"Go for the Eyes+1","floor":20},{"not_picked":["Aggregate","Go for the Eyes+1"],"picked":"Sweeping Beam+1","floor":21},{"not_picked":["Barrage","Hologram"],"picked":"Streamline+1","floor":22},{"not_picked":["Aggregate","Scrape+1"],"picked":"Barrage","floor":24},{"not_picked":["Fusion+1","Compile Driver"],"picked":"Self Repair+1","floor":29},{"not_picked":["Doom and Gloom","Redo+1"],"picked":"Auto Shields+1","floor":31},{"not_picked":["Multi-Cast+1","Seek+1"],"picked":"Buffer+1","floor":33},{"not_picked":["Streamline+1","Steam+1"],"picked":"Compile Driver+1","floor":35},{"not_picked":["Good Instincts+1","Mind Blast"],"picked":"Bandage Up+1","floor":36},{"not_picked":["Steam+1","Hologram+1"],"picked":"Ball Lightning+1","floor":39}],"player_experience":25783,"relics_obtained":[{"floor":9,"key":"Frozen Egg 2"},{"floor":26,"key":"Toxic Egg 2"},{"floor":37,"key":"Anchor"}],"event_choices":[{"damage_healed":0,"gold_gain":0,"player_choice":"Gave Potion","damage_taken":0,"relics_obtained":["Bronze Scales"],"max_hp_gain":0,"max_hp_loss":0,"event_name":"WeMeetAgain","floor":3,"gold_loss":0},{"damage_healed":0,"gold_gain":75,"player_choice":"Gather Gold","damage_taken":11,"max_hp_gain":0,"max_hp_loss":0,"event_name":"World of Goop","floor":12,"gold_loss":0},{"damage_healed":0,"gold_gain":0,"player_choice":"Box","damage_taken":0,"relics_obtained":["Orichalcum"],"max_hp_gain":0,"max_hp_loss":0,"event_name":"Big Fish","floor":14,"gold_loss":0,"cards_obtained":["Regret"]},{"damage_healed":0,"gold_gain":0,"player_choice":"Ignored","damage_taken":0,"max_hp_gain":0,"max_hp_loss":0,"event_name":"NoteForYourself","floor":19,"gold_loss":0},{"damage_healed":0,"gold_gain":0,"cards_transformed":["Strike_B","Defend_B"],"player_choice":"Became Test Subject","damage_taken":0,"max_hp_gain":0,"max_hp_loss":0,"event_name":"Drug Dealer","floor":25,"gold_loss":0,"cards_obtained":["Fusion","Doom and Gloom"]},{"damage_healed":0,"gold_gain":0,"player_choice":"Read","damage_taken":0,"max_hp_gain":0,"max_hp_loss":0,"event_name":"The Library","floor":30,"gold_loss":0,"cards_obtained":["Capacitor"]},{"damage_healed":0,"gold_gain":0,"player_choice":"Memory 1","damage_taken":0,"max_hp_gain":0,"max_hp_loss":0,"event_name":"SensoryStone","floor":36,"gold_loss":0}],"is_beta":false,"boss_relics":[{"not_picked":["Snecko Eye","Busted Crown","Runic Dome"]},{"not_picked":["Cursed Key","Runic Pyramid"],"picked":"White Beast Statue"}],"items_purged_floors":[],"is_endless":false,"potions_floor_spawned":[1,7,11,16,21,22,24,29,35,39],"killed_by":"Reptomancer","ascension_level":0}