{"gold_per_floor":[113,113,129,129,145,145,171,171,196,229,241,279,303,315,327,417,429,461,423,450,474,497,509,555,567,579,605,627,659,586,625,637,649],"floor_reached":33,"playtime":2166,"items_purged":[],"score":664,"play_id":"4c107298-2a02-4b0e-b6e0-c02fa030a115","local_time":"20190806140015","is_ascension_mode":true,"campfire_choices":[{"data":"Zap","floor":6,"key":"SMITH"},{"data":"Beam Cell","floor":8,"key":"SMITH"},{"floor":11,"key":"REST"},{"data":"Dualcast","floor":15,"key":"SMITH"},{"data":"Electrodynamics","floor":23,"key":"SMITH"},{"data":"Reinforced Body","floor":25,"key":"SMITH"},{"data":"Capacitor","floor":32,"key":"SMITH"}],"neow_cost":"NONE","seed_source_timestamp":857262853345182,"circlet_count":0,"master_deck":["AscendersBane","Strike_B","Strike_B","Strike_B","Defend_B","Defend_B+1","Defend_B","Zap+1","Dualcast+1","Glacier+1","Go for the Eyes+1","Cold Snap","Beam Cell+1","Sweeping Beam","Electrodynamics+1","Hologram","Rainbow","Reinforced Body+1","BootSequence+1","Capacitor+1","Barrage+1","Rebound","Steam"],"relics":["Cracked Core","DataDisk","Blood Vial","War Paint","MawBank","Pear","Eternal Feather","Sundial","Singing Bowl"],"potions_floor_usage":[10,10,24,28,31],"damage_taken":[{"damage":2,"enemies":"Jaw Worm","floor":1,"turns":4},{"damage":1,"enemies":"Small Slimes","floor":3,"turns":4},{"damage":0,"enemies":"Cultist","floor":5,"turns":3},{"damage":21,"enemies":"3 Sentries","floor":7,"turns":10},{"damage":0,"enemies":"Gremlin Nob","floor":10,"turns":3},{"damage":15,"enemies":"3 Sentries","floor":12,"turns":11},{"damage":3,"enemies":"Blue Slaver","floor":13,"turns":2},{"damage":36,"enemies":"Hexaghost","floor":16,"turns":12},{"damage":1,"enemies":"3 Byrds","floor":18,"turns":2},{"damage":0,"enemies":"Spheric Guardian","floor":20,"turns":3},{"damage":0,"enemies":"Chosen and Byrds","floor":21,"turns":3},{"damage":5,"enemies":"Snecko","floor":22,"turns":6},{"damage":39,"enemies":"Slavers","floor":24,"turns":5},{"damage":2,"enemies":"3 Cultists","floor":27,"turns":4},{"damage":5,"enemies":"Sentry and Sphere","floor":28,"turns":5},{"damage":3,"enemies":"Snake Plant","floor":29,"turns":4},{"damage":14,"enemies":"Gremlin Leader","floor":31,"turns":7},{"damage":72,"enemies":"Collector","floor":33,"turns":8}],"seed_played":"-7919523935556278194","potions_obtained":[{"floor":1,"key":"FearPotion"},{"floor":5,"key":"Poison Potion"},{"floor":20,"key":"EssenceOfSteel"},{"floor":27,"key":"SkillPotion"},{"floor":29,"key":"Regen Potion"}],"is_trial":false,"path_per_floor":["M","?","M","?","M","R","E","R","T","E","R","E","M","?","R","B",null,"M","?","M","M","M","R","E","R","T","M","M","M","?","E","R","B"],"character_chosen":"DEFECT","items_purchased":[],"campfire_rested":1,"item_purchase_floors":[],"current_hp_per_floor":[62,51,50,43,43,43,22,22,22,24,45,42,41,41,41,7,63,64,64,66,68,65,77,40,52,52,52,49,48,48,53,65,0],"gold":649,"neow_bonus":"REMOVE_CARD","is_prod":false,"is_daily":false,"chose_seed":false,"campfire_upgraded":6,"win_rate":0,"timestamp":1565114415,"path_taken":["M","?","M","?","M","R","E","R","T","E","R","E","M","?","R","BOSS","M","?","M","M","M","R","E","R","T","?","M","M","?","E","R","BOSS"],"build_version":"2019-07-17","purchased_purges":0,"victory":false,"max_hp_per_floor":[71,71,71,71,71,71,71,71,71,71,71,81,81,81,81,81,81,81,81,81,81,81,81,81,81,81,81,81,81,81,83,83,83],"card_choices":[{"not_picked":["Scrape","BootSequence"],"picked":"Glacier","floor":1},{"not_picked":["Turbo","Leap"],"picked":"Go for the Eyes","floor":3},{"not_picked":["Hologram","Streamline"],"picked":"Cold Snap","floor":5},{"not_picked":["Barrage","Redo"],"picked":"Beam Cell","floor":7},{"not_picked":["Multi-Cast","Stack"],"picked":"Sweeping Beam","floor":10},{"not_picked":["Beam Cell","Cold Snap"],"picked":"Electrodynamics","floor":12},{"not_picked":["Go for the Eyes","Scrape"],"picked":"Hologram","floor":13},{"not_picked":["Fission","Thunder Strike"],"picked":"Rainbow","floor":16},{"not_picked":["Storm","Steam","Streamline"],"picked":"SKIP","floor":18},{"not_picked":["Hologram","Reprogram"],"picked":"Reinforced Body","floor":20},{"not_picked":["Sweeping Beam+1","Melter"],"picked":"BootSequence+1","floor":21},{"not_picked":["Fusion","Coolheaded"],"picked":"Capacitor","floor":22},{"not_picked":["Scrape","Glacier"],"picked":"Barrage+1","floor":24},{"not_picked":["Meteor Strike","Beam Cell","Leap"],"picked":"SKIP","floor":27},{"not_picked":["Leap","Barrage"],"picked":"Rebound","floor":28},{"not_picked":["Redo","Go for the Eyes"],"picked":"Steam","floor":29},{"not_picked":["Rebound","Double Energy","Redo"],"picked":"Singing Bowl","floor":31}],"player_experience":1720222,"relics_obtained":[{"floor":7,"key":"Blood Vial"},{"floor":9,"key":"War Paint"},{"floor":10,"key":"MawBank"},{"floor":12,"key":"Pear"},{"floor":24,"key":"Sundial"}],"event_choices":[{"damage_healed":0,"gold_gain":0,"player_choice":"Success","damage_taken":11,"relics_obtained":["DataDisk"],"max_hp_gain":0,"max_hp_loss":0,"event_name":"Scrap Ooze","floor":2,"gold_loss":0},{"cards_removed":["Defend_B"],"damage_healed":0,"gold_gain":0,"player_choice":"Card Removal","damage_taken":7,"max_hp_gain":0,"max_hp_loss":0,"event_name":"Golden Wing","floor":4,"gold_loss":0},{"damage_healed":0,"gold_gain":0,"player_choice":"Grow","damage_taken":0,"max_hp_gain":0,"max_hp_loss":0,"event_name":"Living Wall","floor":14,"gold_loss":0,"cards_upgraded":["Go for the Eyes"]},{"damage_healed":0,"gold_gain":0,"player_choice":"Bet on Murderer","damage_taken":0,"max_hp_gain":0,"max_hp_loss":0,"event_name":"The Joust","floor":19,"gold_loss":50},{"damage_healed":0,"gold_gain":0,"player_choice":"Obtained Relic","damage_taken":0,"relics_obtained":["Singing Bowl"],"max_hp_gain":0,"max_hp_loss":0,"event_name":"Addict","floor":30,"gold_loss":85}],"is_beta":false,"boss_relics":[{"not_picked":["Tiny House","Calling Bell"],"picked":"Eternal Feather"}],"items_purged_floors":[],"is_endless":false,"potions_floor_spawned":[1,5,20,27,29],"killed_by":"Collector","ascension_level":20}