{"gold_per_floor":[115,115,215,225,245,273,288,318,318,329,359,379,214,233,233,336,336,354,46,64,84,84,115,115,132,185,185,185,185,216,227,227,227],"floor_reached":33,"playtime":1891,"items_purged":["Strike_R","Strike_R"],"score":371,"play_id":"c21b14e4-c9bf-48a9-983d-c459f6b85f54","local_time":"20180719193229","is_ascension_mode":true,"campfire_choices":[{"floor":15,"key":"REST"},{"data":"Armaments","floor":24,"key":"SMITH"},{"data":"Flame Barrier","floor":32,"key":"SMITH"}],"neow_cost":"NONE","seed_source_timestamp":691285887069526,"circlet_count":0,"master_deck":["Strike_R","Strike_R","Strike_R","Defend_R","Defend_R","Defend_R","Defend_R","Bash","Dropkick","Ghostly Armor","Cleave","Spot Weakness","Armaments+1","Heavy Blade","Clash","Seeing Red","Ghostly Armor","Dropkick","Pommel Strike","Limit Break","Thunderclap","Flame Barrier+1","Iron Wave+1","RitualDagger","Flex"],"relics":["Burning Blood","Omamori","Strawberry","Happy Flower","Self Forming Clay","Vajra","Paper Frog","Runic Dome","Sling","Meat on the Bone","Juzu Bracelet","Centennial Puzzle","Anchor"],"potions_floor_usage":[6,8,11,14,16,30,30,33],"damage_taken":[{"damage":5,"enemies":"Small Slimes","floor":1,"turns":5},{"damage":6,"enemies":"Cultist","floor":4,"turns":3},{"damage":7,"enemies":"2 Louse","floor":5,"turns":3},{"damage":36,"enemies":"Gremlin Nob","floor":6,"turns":5},{"damage":7,"enemies":"Looter","floor":7,"turns":3},{"damage":24,"enemies":"3 Sentries","floor":8,"turns":7},{"damage":7,"enemies":"Large Slime","floor":10,"turns":5},{"damage":33,"enemies":"Lagavulin","floor":11,"turns":6},{"damage":8,"enemies":"3 Louse","floor":12,"turns":3},{"damage":0,"enemies":"Gremlin Gang","floor":14,"turns":3},{"damage":26,"enemies":"The Guardian","floor":16,"turns":14},{"damage":18,"enemies":"3 Byrds","floor":18,"turns":5},{"damage":20,"enemies":"Chosen","floor":20,"turns":5},{"damage":13,"enemies":"Centurion and Healer","floor":21,"turns":5},{"damage":20,"enemies":"Gremlin Leader","floor":23,"turns":5},{"damage":26,"enemies":"Chosen and Byrds","floor":25,"turns":6},{"damage":12,"enemies":"Slavers","floor":30,"turns":5},{"damage":1,"enemies":"3 Cultists","floor":31,"turns":4},{"damage":63,"enemies":"Automaton","floor":33,"turns":6}],"seed_played":"2877637427854032362","potions_obtained":[{"floor":4,"key":"Block Potion"},{"floor":6,"key":"Dexterity Potion"},{"floor":8,"key":"Dexterity Potion"},{"floor":12,"key":"Block Potion"},{"floor":20,"key":"SpeedPotion"},{"floor":21,"key":"BloodPotion"},{"floor":25,"key":"SkillPotion"},{"floor":31,"key":"Weak Potion"}],"is_trial":false,"path_per_floor":["M","?","?","M","M","E","M","E","T","M","E","M","$","M","R","B",null,"M","$","M","M","$","E","R","M","T","?","?","?","E","M","R"],"character_chosen":"IRONCLAD","items_purchased":["Fire Potion","Dropkick","Sling"],"campfire_rested":1,"item_purchase_floors":[13,13,19],"current_hp_per_floor":[80,87,87,87,86,56,55,37,37,36,9,7,7,13,39,19,87,75,75,61,54,54,40,40,32,32,26,26,26,40,57,57,0],"gold":227,"neow_bonus":"RANDOM_COMMON_RELIC","is_prod":false,"is_daily":false,"chose_seed":false,"campfire_upgraded":2,"win_rate":0,"timestamp":1532043149,"path_taken":["M","?","?","M","M","E","M","E","T","M","E","M","$","M","R","BOSS","M","$","M","M","$","E","R","M","T","?","?","?","E","M","R","BOSS"],"build_version":"2018-07-12","purchased_purges":2,"victory":false,"max_hp_per_floor":[80,87,87,87,87,87,87,87,87,87,87,87,87,87,87,87,87,87,87,87,87,87,87,87,87,87,87,87,87,87,87,87,87],"card_choices":[{"not_picked":["True Grit","Power Through"],"picked":"Dropkick","floor":1},{"not_picked":["Twin Strike","Blood for Blood"],"picked":"Ghostly Armor","floor":4},{"not_picked":["Ghostly Armor","Warcry"],"picked":"Cleave","floor":5},{"not_picked":["Perfected Strike","Searing Blow"],"picked":"Spot Weakness","floor":6},{"not_picked":["Havoc","Hemokinesis"],"picked":"Armaments","floor":7},{"not_picked":["Pommel Strike","Body Slam"],"picked":"Heavy Blade","floor":8},{"not_picked":["Flex","Dropkick"],"picked":"Clash","floor":10},{"not_picked":["Bludgeon","Dual Wield"],"picked":"Seeing Red","floor":11},{"not_picked":["Headbutt","Twin Strike"],"picked":"Ghostly Armor","floor":12},{"not_picked":["Cleave","Sever Soul"],"picked":"Pommel Strike","floor":14},{"not_picked":["Bludgeon","Juggernaut"],"picked":"Limit Break","floor":16},{"not_picked":["Clothesline","Second Wind"],"picked":"Thunderclap","floor":18},{"not_picked":["Clothesline","Armaments","Burning Pact"],"picked":"SKIP","floor":20},{"not_picked":["Sever Soul","Searing Blow"],"picked":"Flame Barrier","floor":21},{"not_picked":["Brutality","Evolve"],"picked":"Iron Wave+1","floor":23},{"not_picked":["Twin Strike","Anger","True Grit"],"picked":"SKIP","floor":25},{"not_picked":["Body Slam","Evolve"],"picked":"Flex","floor":30},{"not_picked":["Searing Blow+1","Anger","Armaments"],"picked":"SKIP","floor":31}],"player_experience":295792,"relics_obtained":[{"floor":6,"key":"Happy Flower"},{"floor":8,"key":"Self Forming Clay"},{"floor":9,"key":"Vajra"},{"floor":11,"key":"Paper Frog"},{"floor":23,"key":"Meat on the Bone"},{"floor":26,"key":"Juzu Bracelet"},{"floor":30,"key":"Anchor"}],"event_choices":[{"event_name":"Big Fish","player_choice":"Box","floor":2,"damage_taken":0},{"event_name":"Wheel of Change","player_choice":"Gold","floor":3,"damage_taken":0},{"event_name":"Nest","player_choice":"Joined the Cult","floor":27,"damage_taken":0},{"event_name":"The Mausoleum","player_choice":"Yes","floor":28,"damage_taken":0},{"event_name":"Vampires","player_choice":"Ignored","floor":29,"damage_taken":0}],"boss_relics":[{"not_picked":["Empty Cage","Runic Pyramid"],"picked":"Runic Dome"}],"items_purged_floors":[13,19],"is_endless":false,"potions_floor_spawned":[4,6,8,12,20,21,25,31],"killed_by":"Automaton","ascension_level":4}