{"gold_per_floor":[112,126,126,136,211,211,242,242,288,298,313,313,332,386,386,483,483,423,423,383,124,136,136],"floor_reached":23,"playtime":2147,"items_purged":["Zap"],"score":223,"play_id":"343cce75-74a1-456d-992b-fdd36fb4f173","local_time":"20190811132218","is_ascension_mode":true,"campfire_choices":[{"floor":6,"key":"REST"},{"floor":8,"key":"REST"},{"floor":12,"key":"REST"},{"data":"Glacier","floor":15,"key":"SMITH"}],"neow_cost":"PERCENT_DAMAGE","seed_source_timestamp":1017759260117818,"circlet_count":0,"master_deck":["Dualcast","Double Energy+1","Heatsinks","Glacier+1","Seek","Hologram","Cold Snap","Hologram","Machine Learning","Machine Learning+1","Chill","Chill","Turbo","Hello World+1","Sunder","Hologram","Glacier","Hologram+1"],"relics":["Cracked Core","Potion Belt","Smiling Mask","Bag of Marbles","Pandora\u0027s Box","Runic Capacitor"],"potions_floor_usage":[],"damage_taken":[{"damage":1,"enemies":"Cultist","floor":1,"turns":4},{"damage":0,"enemies":"2 Louse","floor":2,"turns":2},{"damage":10,"enemies":"Small Slimes","floor":4,"turns":3},{"damage":17,"enemies":"Lagavulin","floor":7,"turns":11},{"damage":0,"enemies":"Blue Slaver","floor":10,"turns":4},{"damage":6,"enemies":"Exordium Wildlife","floor":11,"turns":4},{"damage":9,"enemies":"3 Louse","floor":13,"turns":4},{"damage":53,"enemies":"The Guardian","floor":16,"turns":24},{"damage":6,"enemies":"2 Thieves","floor":18,"turns":4},{"damage":16,"enemies":"Shell Parasite","floor":22,"turns":4},{"damage":58,"enemies":"Gremlin Leader","floor":23,"turns":12}],"seed_played":"5307824307801743880","potions_obtained":[{"floor":1,"key":"Dexterity Potion"},{"floor":4,"key":"Strength Potion"},{"floor":7,"key":"SkillPotion"},{"floor":11,"key":"SteroidPotion"}],"is_trial":false,"path_per_floor":["M","M","?","M","?","R","E","R","T","M","M","R","M","T","R","B",null,"M","?","?","$","M","E"],"character_chosen":"DEFECT","items_purchased":["Runic Capacitor"],"campfire_rested":3,"item_purchase_floors":[21],"current_hp_per_floor":[53,53,53,43,32,54,37,59,59,59,53,75,66,66,66,13,75,69,69,69,69,53,0],"gold":136,"neow_bonus":"REMOVE_TWO","is_prod":false,"is_daily":false,"chose_seed":false,"campfire_upgraded":1,"win_rate":0,"timestamp":1565547738,"path_taken":["M","?","?","M","?","R","E","R","T","M","M","R","M","?","R","BOSS","M","?","?","$","?","E"],"build_version":"2019-07-17","purchased_purges":1,"victory":false,"max_hp_per_floor":[75,75,75,75,75,75,75,75,75,75,75,75,75,75,75,75,75,75,75,75,75,75,75],"card_choices":[{"not_picked":["Auto Shields","Leap"],"picked":"Double Energy","floor":1},{"not_picked":["BootSequence","Auto Shields"],"picked":"Heatsinks","floor":2},{"not_picked":["Conserve Battery","Rebound"],"picked":"Glacier","floor":4},{"not_picked":["Leap","Ball Lightning"],"picked":"Seek","floor":7},{"not_picked":["Redo","Streamline"],"picked":"Hologram","floor":10},{"not_picked":["Streamline","Go for the Eyes"],"picked":"Cold Snap","floor":11},{"not_picked":["Steam Power","Scrape"],"picked":"Hologram","floor":13},{"not_picked":["Thunder Strike","Reboot"],"picked":"Machine Learning","floor":16},{"not_picked":["Turbo","Gash"],"picked":"Hologram","floor":18},{"not_picked":["Storm","Go for the Eyes"],"picked":"Hologram+1","floor":22}],"player_experience":124683,"relics_obtained":[{"floor":7,"key":"Potion Belt"},{"floor":9,"key":"Smiling Mask"},{"floor":14,"key":"Bag of Marbles"}],"event_choices":[{"damage_healed":0,"gold_gain":0,"player_choice":"Grow","damage_taken":0,"max_hp_gain":0,"max_hp_loss":0,"event_name":"Living Wall","floor":3,"gold_loss":0,"cards_upgraded":["Double Energy"]},{"damage_healed":0,"gold_gain":75,"player_choice":"Gather Gold","damage_taken":11,"max_hp_gain":0,"max_hp_loss":0,"event_name":"World of Goop","floor":5,"gold_loss":0},{"damage_healed":0,"gold_gain":0,"player_choice":"Read","damage_taken":0,"max_hp_gain":0,"max_hp_loss":0,"event_name":"The Library","floor":19,"gold_loss":0,"cards_obtained":["Glacier"]},{"damage_healed":0,"gold_gain":0,"player_choice":"Upgraded Two","damage_taken":0,"max_hp_gain":0,"max_hp_loss":0,"event_name":"Designer","floor":20,"gold_loss":40,"cards_upgraded":["Machine Learning","Hello World"]}],"is_beta":false,"boss_relics":[{"not_picked":["Empty Cage","Busted Crown"],"picked":"Pandora\u0027s Box"}],"items_purged_floors":[21],"is_endless":false,"potions_floor_spawned":[1,4,7,11],"killed_by":"Gremlin Leader","ascension_level":1}