{"gold_per_floor":[113,125,200,217,228,256,256,284,284,311,323,19,19,38,38,142,142,142,67,67,67,0,0,0,0,0,0,0,0,0,0,0,0,0,0,0,0,0,0,0,0,0,0,0,0,0,0,0,0,0,0,0,0,0,0],"floor_reached":55,"playtime":4954,"items_purged":["Strike_B"],"score":832,"play_id":"bf90fb1a-53a4-4257-a226-e0151c149faf","local_time":"20190908201413","is_ascension_mode":false,"campfire_choices":[{"data":"Redo","floor":7,"key":"SMITH"},{"floor":13,"key":"REST"},{"data":"Dualcast","floor":15,"key":"SMITH"},{"data":"Go for the Eyes","floor":24,"key":"SMITH"},{"data":"Zap","floor":28,"key":"SMITH"},{"floor":32,"key":"REST"},{"data":"Lockon","floor":40,"key":"SMITH"},{"floor":42,"key":"RECALL"},{"data":"Glacier","floor":45,"key":"SMITH"},{"floor":49,"key":"REST"},{"data":"Auto Shields","floor":52,"key":"SMITH"}],"neow_cost":"NONE","seed_source_timestamp":3021191356600,"circlet_count":0,"master_deck":["Defend_B","Defend_B","Defend_B","Defend_B","Zap+1","Dualcast+1","Go for the Eyes+1","Cold Snap","Auto Shields+1","Doom and Gloom","Redo+1","Skim","Coolheaded","Defragment+1","Ball Lightning","Glacier+1","Capacitor+1","Loop+1","Loop+1","Biased Cognition+1","BootSequence","Barrage+1","Buffer+1","Electrodynamics+1","Ball Lightning+1","Lockon+1","Skim"],"relics":["Cracked Core","The Courier","Frozen Egg 2","Matryoshka","MawBank","Ectoplasm","MutagenicStrength","Sundial","Tiny Chest","Orichalcum","Pen Nib","Inserter","Red Mask","Singing Bowl","Centennial Puzzle","Bottled Tornado","Nunchaku"],"potions_floor_usage":[8,23,25,25,54,55,55,55],"damage_taken":[{"damage":0,"enemies":"Small Slimes","floor":1,"turns":2},{"damage":3,"enemies":"Jaw Worm","floor":2,"turns":3},{"damage":0,"enemies":"2 Louse","floor":4,"turns":2},{"damage":0,"enemies":"Large Slime","floor":5,"turns":5},{"damage":6,"enemies":"3 Sentries","floor":6,"turns":10},{"damage":19,"enemies":"Gremlin Nob","floor":8,"turns":6},{"damage":12,"enemies":"Lagavulin","floor":10,"turns":7},{"damage":2,"enemies":"Exordium Thugs","floor":14,"turns":5},{"damage":0,"enemies":"Slime Boss","floor":16,"turns":6},{"damage":1,"enemies":"Shell Parasite","floor":18,"turns":6},{"damage":11,"enemies":"2 Thieves","floor":22,"turns":4},{"damage":0,"enemies":"Book of Stabbing","floor":23,"turns":4},{"damage":15,"enemies":"Slavers","floor":25,"turns":3},{"damage":1,"enemies":"Shelled Parasite and Fungi","floor":27,"turns":5},{"damage":0,"enemies":"Snecko","floor":29,"turns":4},{"damage":0,"enemies":"Cultist and Chosen","floor":30,"turns":5},{"damage":1,"enemies":"3 Cultists","floor":31,"turns":3},{"damage":19,"enemies":"Automaton","floor":33,"turns":7},{"damage":0,"enemies":"3 Shapes","floor":35,"turns":3},{"damage":6,"enemies":"3 Darklings","floor":36,"turns":3},{"damage":0,"enemies":"Sphere and 2 Shapes","floor":38,"turns":3},{"damage":8,"enemies":"Nemesis","floor":41,"turns":5},{"damage":0,"enemies":"Maw","floor":44,"turns":5},{"damage":5,"enemies":"Writhing Mass","floor":47,"turns":4},{"damage":41,"enemies":"Awakened One","floor":50,"turns":12},{"damage":42,"enemies":"Shield and Spear","floor":54,"turns":6},{"damage":67,"enemies":"The Heart","floor":55,"turns":6}],"seed_played":"718659718761466136","potions_obtained":[{"floor":4,"key":"Swift Potion"},{"floor":6,"key":"FocusPotion"},{"floor":8,"key":"LiquidBronze"},{"floor":14,"key":"SkillPotion"},{"floor":18,"key":"Energy Potion"},{"floor":29,"key":"Dexterity Potion"},{"floor":31,"key":"FearPotion"},{"floor":33,"key":"FocusPotion"},{"floor":41,"key":"LiquidBronze"},{"floor":54,"key":"Block Potion"}],"is_trial":false,"path_per_floor":["M","M","?","M","M","E","R","E","T","E","?","$","R","M","R","B",null,"M","?","?","?","M","E","R","E","T","M","R","M","M","M","R","B",null,"M","M","?","M","?","R","E","R","T","M","R","$","M","T","R","B",null,"R","$","E","B"],"character_chosen":"DEFECT","items_purchased":["Defragment+1","Ball Lightning","Glacier","Capacitor+1","Loop+1"],"campfire_rested":3,"item_purchase_floors":[12,12,12,12,12],"current_hp_per_floor":[82,79,68,68,68,62,62,43,43,31,24,24,48,46,46,46,82,81,81,81,81,70,70,70,55,55,54,54,54,54,53,77,58,82,82,76,76,76,76,76,70,70,70,72,72,72,69,69,88,47,88,88,88,48,0],"gold":0,"neow_bonus":"TEN_PERCENT_HP_BONUS","is_prod":false,"is_daily":false,"chose_seed":false,"campfire_upgraded":7,"win_rate":0,"timestamp":1567970053,"path_taken":["M","M","?","M","M","E","R","E","T","E","?","$","R","M","R","BOSS","M","?","?","?","M","E","R","E","T","M","R","M","M","?","R","BOSS","M","M","?","?","?","R","E","R","T","M","R","$","M","?","R","BOSS","R","$","E","BOSS"],"build_version":"2019-07-17","purchased_purges":1,"victory":false,"max_hp_per_floor":[82,82,82,82,82,82,82,82,82,82,82,82,82,82,82,82,82,82,82,82,82,82,82,82,82,82,82,82,82,82,82,82,82,82,82,82,82,82,82,82,84,84,84,86,86,86,88,88,88,88,88,88,88,90,90],"card_choices":[{"not_picked":["Redo","Streamline"],"picked":"Go for the Eyes","floor":1},{"not_picked":["Undo","Reprogram"],"picked":"Cold Snap","floor":2},{"not_picked":["Steam","Skim"],"picked":"Auto Shields","floor":4},{"not_picked":["Turbo","White Noise"],"picked":"Doom and Gloom","floor":5},{"not_picked":["Beam Cell","Rebound"],"picked":"Redo","floor":6},{"not_picked":["Fission","Auto Shields"],"picked":"Skim","floor":8},{"not_picked":["Gash","Consume"],"picked":"Coolheaded","floor":10},{"not_picked":["Rebound","Stack"],"picked":"Loop+1","floor":14},{"not_picked":["Core Surge","Machine Learning+1"],"picked":"Biased Cognition+1","floor":16},{"not_picked":["Stack","Streamline"],"picked":"BootSequence","floor":18},{"not_picked":["Ball Lightning","Compile Driver+1"],"picked":"Barrage+1","floor":22},{"not_picked":["Aggregate","Hologram+1","Steam Power"],"picked":"SKIP","floor":23},{"not_picked":["Barrage","Leap"],"picked":"Buffer+1","floor":25},{"not_picked":["Leap","Stack","Genetic Algorithm+1"],"picked":"SKIP","floor":27},{"not_picked":["Turbo","Steam"],"picked":"Electrodynamics+1","floor":29},{"not_picked":["Beam Cell","FTL"],"picked":"Ball Lightning+1","floor":30},{"not_picked":["Blizzard","Chaos+1"],"picked":"Lockon","floor":31},{"not_picked":["Static Discharge+1","Gash","Steam"],"picked":"SKIP","floor":35},{"not_picked":["Streamline+1","Double Energy","White Noise"],"picked":"SKIP","floor":36},{"not_picked":["Ball Lightning","Glacier+1","Conserve Battery"],"picked":"SKIP","floor":38},{"not_picked":["Streamline+1","Rainbow","Barrage+1"],"picked":"Singing Bowl","floor":41},{"not_picked":["Go for the Eyes","BootSequence+1","Chill+1"],"picked":"Singing Bowl","floor":44},{"not_picked":["Stack","Gash","Chill"],"picked":"Singing Bowl","floor":47},{"not_picked":["Storm+1","Go for the Eyes","Beam Cell"],"picked":"Singing Bowl","floor":54}],"player_experience":149256,"relics_obtained":[{"floor":6,"key":"The Courier"},{"floor":8,"key":"Frozen Egg 2"},{"floor":9,"key":"Matryoshka"},{"floor":10,"key":"MawBank"},{"floor":23,"key":"Sundial"},{"floor":25,"key":"Tiny Chest"},{"floor":26,"key":"Orichalcum"},{"floor":26,"key":"Pen Nib"},{"floor":41,"key":"Singing Bowl"},{"floor":43,"key":"Centennial Puzzle"},{"floor":48,"key":"Bottled Tornado"},{"floor":54,"key":"Nunchaku"}],"event_choices":[{"damage_healed":0,"gold_gain":75,"player_choice":"Gather Gold","damage_taken":11,"max_hp_gain":0,"max_hp_loss":0,"event_name":"World of Goop","floor":3,"gold_loss":0},{"cards_removed":["Strike_B"],"damage_healed":0,"gold_gain":0,"player_choice":"Card Removal","damage_taken":7,"max_hp_gain":0,"max_hp_loss":0,"event_name":"Golden Wing","floor":11,"gold_loss":0},{"cards_removed":["Strike_B"],"damage_healed":0,"gold_gain":0,"player_choice":"Gave Gold","damage_taken":0,"max_hp_gain":0,"max_hp_loss":0,"event_name":"Beggar","floor":19,"gold_loss":75},{"damage_healed":0,"gold_gain":0,"player_choice":"Inject Mutagens","damage_taken":0,"relics_obtained":["MutagenicStrength"],"max_hp_gain":0,"max_hp_loss":0,"event_name":"Drug Dealer","floor":20,"gold_loss":0},{"damage_healed":0,"gold_gain":100,"player_choice":"Pray","damage_taken":0,"max_hp_gain":0,"max_hp_loss":0,"event_name":"Golden Shrine","floor":21,"gold_loss":0},{"damage_healed":0,"gold_gain":0,"cards_transformed":["Strike_B"],"player_choice":"Transformed","damage_taken":0,"max_hp_gain":0,"max_hp_loss":0,"event_name":"Transmorgrifier","floor":37,"gold_loss":0,"cards_obtained":["Skim"]},{"damage_healed":0,"gold_gain":0,"player_choice":"Paid","damage_taken":0,"relics_obtained":["Red Mask"],"max_hp_gain":0,"max_hp_loss":0,"event_name":"Tomb of Lord Red Mask","floor":39,"gold_loss":0}],"is_beta":false,"boss_relics":[{"not_picked":["Orrery","Snecko Eye"],"picked":"Ectoplasm"},{"not_picked":["Velvet Choker","Runic Dome"],"picked":"Inserter"}],"items_purged_floors":[12],"is_endless":false,"potions_floor_spawned":[4,6,8,14,18,29,31,33,41,47,54],"killed_by":"The Heart","ascension_level":0}