{"gold_per_floor":[19,38,56,74,149,149,149,175,175,175,14,34,34,53,53,157,157,175,100,100,110,110,110,76,89,135,135,154,169,195,208,208,309,309,328,328,184,197,16,16,16,35,61,11,11,21,34,45,45,45],"floor_reached":51,"playtime":3424,"items_purged":["Strike_B","Defend_B","Defend_B"],"score":962,"play_id":"7762e9e6-0f32-4dc4-bea2-424af67227ee","local_time":"20190910190143","is_ascension_mode":true,"campfire_choices":[{"data":"Fission","floor":7.0,"key":"SMITH"},{"floor":10.0,"key":"REST"},{"data":"Zap","floor":13.0,"key":"SMITH"},{"data":"Go for the Eyes","floor":15.0,"key":"SMITH"},{"data":"Biased Cognition","floor":23,"key":"SMITH"},{"data":"Dualcast","floor":27,"key":"SMITH"},{"floor":32,"key":"REST"},{"data":"Panacea","floor":40,"key":"SMITH"},{"data":"Biased Cognition","floor":45,"key":"SMITH"},{"floor":49,"key":"REST"}],"neow_cost":"NO_GOLD","seed_source_timestamp":349621616757600,"circlet_count":0,"master_deck":["Defend_B","Zap+1","Dualcast+1","Fission+1","Go for the Eyes+1","FTL","BootSequence","Machine Learning","Panacea+1","Biased Cognition+1","Chill+1","Capacitor","Cold Snap","Biased Cognition+1","Capacitor","Glacier","Defragment+1"],"special_seed":0,"relics":["Cracked Core","Pocketwatch","Mercury Hourglass","Empty Cage","Potion Belt","Dodecahedron","Busted Crown","Bag of Preparation","FaceOfCleric","Smiling Mask"],"potions_floor_usage":[21,25,28,33,33,33,42,47,50,50],"damage_taken":[{"damage":7.0,"enemies":"2 Louse","floor":1.0,"turns":2.0},{"damage":0.0,"enemies":"Small Slimes","floor":2.0,"turns":2.0},{"damage":4.0,"enemies":"Jaw Worm","floor":3.0,"turns":2.0},{"damage":1.0,"enemies":"Looter","floor":4.0,"turns":3.0},{"damage":48.0,"enemies":"Gremlin Nob","floor":8.0,"turns":5.0},{"damage":2.0,"enemies":"Exordium Wildlife","floor":12.0,"turns":3.0},{"damage":1.0,"enemies":"Exordium Thugs","floor":14.0,"turns":4.0},{"damage":15.0,"enemies":"The Guardian","floor":16.0,"turns":13.0},{"damage":8.0,"enemies":"Shell Parasite","floor":18.0,"turns":5.0},{"damage":0,"enemies":"Spheric Guardian","floor":21,"turns":4},{"damage":7,"enemies":"Centurion and Healer","floor":25,"turns":7},{"damage":6,"enemies":"3 Cultists","floor":28,"turns":5},{"damage":0,"enemies":"Cultist and Chosen","floor":29,"turns":6},{"damage":0,"enemies":"Book of Stabbing","floor":30,"turns":6},{"damage":0,"enemies":"Shelled Parasite and Fungi","floor":31,"turns":6},{"damage":49,"enemies":"Automaton","floor":33,"turns":13},{"damage":11,"enemies":"3 Darklings","floor":35,"turns":5},{"damage":1,"enemies":"3 Shapes","floor":38,"turns":5},{"damage":0,"enemies":"3 Darklings","floor":42,"turns":6},{"damage":0,"enemies":"Sphere and 2 Shapes","floor":46,"turns":5},{"damage":4,"enemies":"Jaw Worm Horde","floor":47,"turns":5},{"damage":0,"enemies":"Spire Growth","floor":48,"turns":5},{"damage":4,"enemies":"Time Eater","floor":50,"turns":10}],"seed_played":"3522011332290692454","potions_obtained":[{"floor":2.0,"key":"Regen Potion"},{"floor":8.0,"key":"Energy Potion"},{"floor":12.0,"key":"SkillPotion"},{"floor":16.0,"key":"Swift Potion"},{"floor":21,"key":"Explosive Potion"},{"floor":30,"key":"EssenceOfSteel"},{"floor":31,"key":"LiquidBronze"},{"floor":33,"key":"Block Potion"},{"floor":35,"key":"Strength Potion"},{"floor":38,"key":"AttackPotion"},{"floor":42,"key":"LiquidBronze"},{"floor":47,"key":"SmokeBomb"}],"is_trial":false,"path_per_floor":["M","M","M","M","?","?","R","E","T","R","$","M","R","M","R","B",null,"M","?","?","M","?","R","$","M","T","R","M","M","E","M","R","B",null,"M","?","$","M","$","R","?","M","T","$","R","M","M","M","R","B",null],"character_chosen":"DEFECT","items_purchased":["Panacea","Capacitor","Bag of Preparation","Glacier"],"campfire_rested":3,"item_purchase_floors":[11,24,37,39],"current_hp_per_floor":[61,61,57,56,45,45,45,9,9,31,31,29,29,28,28,13,60,52,52,52,52,52,52,52,45,45,45,39,39,39,39,61,12,59,48,48,48,47,47,47,47,48,48,48,48,49,46,47,70,67],"gold":45,"neow_bonus":"THREE_RARE_CARDS","is_prod":false,"is_daily":false,"chose_seed":false,"campfire_upgraded":7,"win_rate":0,"timestamp":1568134903,"path_taken":["M","M","M","M","?","?","R","E","T","R","$","M","R","M","R","BOSS","M","?","?","M","?","R","$","M","T","R","M","M","E","M","R","BOSS","M","?","$","M","$","R","?","M","T","$","R","?","M","M","R","BOSS"],"build_version":"2019-07-17","purchased_purges":3,"victory":true,"max_hp_per_floor":[75,75,75,75,75,75,75,75,75,75,75,75,75,75,75,75,75,75,75,75,75,75,75,75,75,75,75,75,75,75,75,75,75,75,75,75,75,75,75,75,75,76,76,76,76,77,78,79,79,80],"card_choices":[{"not_picked":["Seek","Thunder Strike"],"picked":"Fission","floor":0.0},{"not_picked":["Gash","Undo"],"picked":"Go for the Eyes","floor":1.0},{"not_picked":["Compile Driver","Static Discharge"],"picked":"FTL","floor":2.0},{"not_picked":["Double Energy","Doom and Gloom"],"picked":"BootSequence","floor":3.0},{"not_picked":["Streamline","Beam Cell","Leap"],"picked":"SKIP","floor":4.0},{"not_picked":["Loop","Go for the Eyes"],"picked":"Machine Learning","floor":8.0},{"not_picked":["Static Discharge","Heatsinks","Leap"],"picked":"SKIP","floor":12.0},{"not_picked":["Force Field","Stack","Compile Driver"],"picked":"SKIP","floor":14.0},{"not_picked":["Reboot","Multi-Cast"],"picked":"Biased Cognition","floor":16.0},{"not_picked":["Stack","Turbo","Barrage"],"picked":"SKIP","floor":18.0},{"not_picked":["Sweeping Beam+1","Steam"],"picked":"Chill+1","floor":21},{"not_picked":["All For One","Leap+1","Sweeping Beam"],"picked":"SKIP","floor":25},{"not_picked":["Genetic Algorithm","Fusion"],"picked":"Cold Snap","floor":28},{"not_picked":["Sunder","Leap","Turbo"],"picked":"SKIP","floor":29},{"not_picked":["Rainbow","Reinforced Body+1","Skim"],"picked":"SKIP","floor":30},{"not_picked":["Reinforced Body+1","Rip and Tear","Genetic Algorithm"],"picked":"SKIP","floor":31},{"not_picked":["All For One","Echo Form"],"picked":"Biased Cognition","floor":33},{"not_picked":[],"picked":"Capacitor","floor":35},{"not_picked":["Fusion"],"picked":"SKIP","floor":38},{"not_picked":["Beam Cell+1"],"picked":"SKIP","floor":42},{"not_picked":["Undo"],"picked":"SKIP","floor":46},{"not_picked":[],"picked":"Defragment+1","floor":47},{"not_picked":["Rip and Tear+1"],"picked":"SKIP","floor":48}],"player_experience":146530,"relics_obtained":[{"floor":8.0,"key":"Pocketwatch"},{"floor":9.0,"key":"Mercury Hourglass"},{"floor":26,"key":"Potion Belt"},{"floor":30,"key":"Dodecahedron"},{"floor":43,"key":"Smiling Mask"}],"event_choices":[{"damage_healed":0.0,"max_hp_gain":0.0,"max_hp_loss":0.0,"gold_gain":75.0,"event_name":"World of Goop","player_choice":"Gather Gold","floor":5.0,"gold_loss":0.0,"damage_taken":11.0},{"damage_healed":0.0,"max_hp_gain":0.0,"max_hp_loss":0.0,"gold_gain":0.0,"event_name":"Liars Game","player_choice":"Ignored","floor":6.0,"gold_loss":0.0,"damage_taken":0.0},{"cards_removed":["Strike_B"],"damage_healed":0.0,"max_hp_gain":0.0,"max_hp_loss":0.0,"gold_gain":0.0,"event_name":"Beggar","player_choice":"Gave Gold","floor":19.0,"gold_loss":75.0,"damage_taken":0.0},{"damage_healed":0,"gold_gain":0,"player_choice":"Ignored","damage_taken":0,"max_hp_gain":0,"max_hp_loss":0,"event_name":"The Mausoleum","floor":20,"gold_loss":0},{"damage_healed":0,"gold_gain":0,"player_choice":"Ignored","damage_taken":0,"max_hp_gain":0,"max_hp_loss":0,"event_name":"Ghosts","floor":22,"gold_loss":0},{"cards_removed":["Defend_B"],"damage_healed":0,"gold_gain":0,"player_choice":"Removed Skill","damage_taken":0,"max_hp_gain":0,"max_hp_loss":0,"event_name":"Falling","floor":36,"gold_loss":0},{"damage_healed":0,"gold_gain":0,"player_choice":"Trade","damage_taken":0,"relics_obtained":["FaceOfCleric"],"max_hp_gain":0,"max_hp_loss":0,"event_name":"FaceTrader","floor":41,"gold_loss":0}],"is_beta":false,"boss_relics":[{"not_picked":["FrozenCore","Nuclear Battery"],"picked":"Empty Cage"},{"not_picked":["Runic Dome","Orrery"],"picked":"Busted Crown"}],"items_purged_floors":[11,39,44],"is_endless":false,"potions_floor_spawned":[2,8,12,16,21,30,31,33,35,38,42,47],"ascension_level":9}