{"gold_per_floor":[115,115,17,36,49,81,95,105,105,105,105,133,146,23,23,100,100,117,42,55,67,67,67,97,372,399,414,434,434,434,450,450,528,528,546,565,14,114,114,144,144,144],"floor_reached":42,"playtime":2395,"items_purged":["Strike_B","Regret"],"score":918,"play_id":"b4756e10-9344-40b5-b75e-0da699a6e1f7","local_time":"20190907071856","is_ascension_mode":true,"campfire_choices":[{"data":"Defragment","floor":11.0,"key":"SMITH"},{"floor":15.0,"key":"REST"},{"floor":23.0,"key":"REST"},{"floor":29.0,"key":"REST"},{"data":"Recycle","floor":32.0,"key":"SMITH"},{"data":"Fusion","floor":41.0,"key":"PURGE"}],"neow_cost":"NONE","seed_source_timestamp":0,"circlet_count":0,"master_deck":["AscendersBane","Defend_B","Defend_B","Defend_B","Defend_B","Zap","Dualcast","Doom and Gloom","Defragment+1","Cold Snap","BootSequence","Undo","Loop","FTL","Consume+1","Machine Learning","Cold Snap","Capacitor","Recycle+1","Meteor Strike","Self Repair","Capacitor","Melter","Force Field","Glacier","Go for the Eyes+1","Ball Lightning","Echo Form","Hologram","Hologram","Madness","Madness","Fusion+1"],"special_seed":0,"relics":["Cracked Core","NeowsBlessing","Dodecahedron","Mercury Hourglass","Bottled Flame","Runic Pyramid","Ancient Tea Set","Strawberry","Busted Crown","Membership Card","Cables","Lantern","Peace Pipe","Shuriken"],"potions_floor_usage":[42,42],"damage_taken":[{"damage":0.0,"enemies":"Jaw Worm","floor":1.0,"turns":1.0},{"damage":0.0,"enemies":"Cultist","floor":4.0,"turns":1.0},{"damage":0.0,"enemies":"Small Slimes","floor":5.0,"turns":1.0},{"damage":22.0,"enemies":"Lagavulin","floor":6.0,"turns":7.0},{"damage":0.0,"enemies":"Gremlin Gang","floor":7.0,"turns":2.0},{"damage":0.0,"enemies":"2 Fungi Beasts","floor":8.0,"turns":2.0},{"damage":10.0,"enemies":"3 Sentries","floor":12.0,"turns":5.0},{"damage":2.0,"enemies":"Red Slaver","floor":13.0,"turns":3.0},{"damage":26.0,"enemies":"The Guardian","floor":16.0,"turns":8.0},{"damage":6.0,"enemies":"Chosen","floor":18.0,"turns":5.0},{"damage":21.0,"enemies":"3 Byrds","floor":20.0,"turns":4.0},{"damage":29.0,"enemies":"Snake Plant","floor":21.0,"turns":5.0},{"damage":7.0,"enemies":"Gremlin Leader","floor":24.0,"turns":10.0},{"damage":6.0,"enemies":"Cultist and Chosen","floor":27.0,"turns":10.0},{"damage":12.0,"enemies":"Snecko","floor":28.0,"turns":8.0},{"damage":23.0,"enemies":"Snake Plant","floor":31.0,"turns":3.0},{"damage":26.0,"enemies":"Champ","floor":33.0,"turns":10.0},{"damage":5.0,"enemies":"3 Shapes","floor":35.0,"turns":8.0},{"damage":19.0,"enemies":"Orb Walker","floor":36.0,"turns":5.0},{"damage":0.0,"enemies":"Mind Bloom Boss Battle","floor":38.0,"turns":10.0},{"damage":6.0,"enemies":"Nemesis","floor":40.0,"turns":9.0},{"damage":72,"enemies":"Reptomancer","floor":42,"turns":3}],"seed_played":"632651624843738344","potions_obtained":[{"floor":4.0,"key":"Explosive Potion"},{"floor":8.0,"key":"Explosive Potion"},{"floor":12.0,"key":"SkillPotion"},{"floor":13.0,"key":"Weak Potion"},{"floor":18.0,"key":"Swift Potion"},{"floor":24.0,"key":"Fire Potion"},{"floor":31.0,"key":"Fire Potion"},{"floor":36.0,"key":"Swift Potion"}],"is_trial":false,"path_per_floor":["M","?","$","M","M","E","M","M","T","?","R","E","M","$","R","B",null,"M","$","M","M","?","R","E","?","T","M","M","R","?","M","R","B",null,"M","M","$","?","?","E","R","E"],"character_chosen":"DEFECT","items_purchased":["Defragment","Cold Snap","Capacitor","Recycle","Membership Card","Cables","Hologram","Lantern","FocusPotion"],"campfire_rested":3,"item_purchase_floors":[3,3,14,14,37,37,37,37,37],"current_hp_per_floor":[64,64,64,64,64,42,42,42,42,42,42,32,30,30,51,25,60,54,54,33,11,11,32,32,32,39,40,35,58,58,42,42,23,64,73,68,68,78,64,72,72,0],"gold":144,"neow_bonus":"THREE_ENEMY_KILL","is_prod":false,"is_daily":false,"chose_seed":false,"campfire_upgraded":2,"win_rate":0,"timestamp":1567804736,"path_taken":["M","?","$","?","?","E","M","M","T","?","R","E","?","$","R","BOSS","M","$","?","M","?","R","E","?","T","M","?","R","?","M","R","BOSS","M","M","$","?","?","E","R","E"],"build_version":"2019-07-17","purchased_purges":2,"victory":false,"max_hp_per_floor":[71,71,71,71,71,71,71,71,71,71,71,71,71,71,71,71,71,71,71,71,71,71,71,71,71,78,78,78,78,78,78,78,78,78,78,78,78,78,78,78,78,78],"card_choices":[{"not_picked":["Redo","Static Discharge"],"picked":"Doom and Gloom","floor":1.0},{"not_picked":["Rip and Tear","Sweeping Beam"],"picked":"BootSequence","floor":4.0},{"not_picked":["Turbo","Heatsinks"],"picked":"Undo","floor":5.0},{"not_picked":["Stack","Compile Driver"],"picked":"Loop","floor":6.0},{"not_picked":["Beam Cell","Chaos"],"picked":"FTL","floor":7.0},{"not_picked":["Redo","Streamline"],"picked":"Consume","floor":8.0},{"not_picked":["Steam Power","Heatsinks"],"picked":"Machine Learning","floor":12.0},{"not_picked":["Conserve Battery","Streamline"],"picked":"Cold Snap","floor":13.0},{"not_picked":["Buffer","Machine Learning"],"picked":"Meteor Strike","floor":16.0},{"not_picked":["Gash+1","Coolheaded"],"picked":"Self Repair","floor":18.0},{"not_picked":["Fusion","Rebound"],"picked":"Capacitor","floor":20.0},{"not_picked":["Streamline","Compile Driver","Go for the Eyes"],"picked":"SKIP","floor":21.0},{"not_picked":["Biased Cognition","Compile Driver"],"picked":"Glacier","floor":24.0},{"not_picked":["Gash","Streamline"],"picked":"Fusion","floor":27.0},{"not_picked":["Cold Snap","Compile Driver"],"picked":"Go for the Eyes+1","floor":28.0},{"not_picked":["Leap","Coolheaded"],"picked":"Ball Lightning","floor":31.0},{"not_picked":["Thunder Strike","Creative AI"],"picked":"Echo Form","floor":33.0},{"not_picked":["Capacitor"],"picked":"SKIP","floor":35.0},{"not_picked":["Gash"],"picked":"SKIP","floor":36.0},{"not_picked":[],"picked":"Hologram","floor":38.0},{"not_picked":[],"picked":"Fusion+1","floor":40.0}],"player_experience":1260680,"relics_obtained":[{"floor":6.0,"key":"Dodecahedron"},{"floor":9.0,"key":"Mercury Hourglass"},{"floor":12.0,"key":"Bottled Flame"},{"floor":24.0,"key":"Ancient Tea Set"},{"floor":26.0,"key":"Strawberry"},{"floor":38.0,"key":"Peace Pipe"},{"floor":40.0,"key":"Shuriken"}],"event_choices":[{"cards_removed":["Strike_B"],"damage_healed":0.0,"max_hp_gain":0.0,"max_hp_loss":0.0,"gold_gain":0.0,"event_name":"Purifier","player_choice":"Purged","floor":2.0,"gold_loss":0.0,"damage_taken":0.0},{"damage_healed":0.0,"max_hp_gain":0.0,"max_hp_loss":0.0,"gold_gain":0.0,"event_name":"Upgrade Shrine","player_choice":"Upgraded","floor":10.0,"gold_loss":0.0,"damage_taken":0.0,"cards_upgraded":["Consume"]},{"damage_healed":0.0,"max_hp_gain":0.0,"max_hp_loss":0.0,"gold_gain":0.0,"cards_transformed":["Strike_B","Strike_B"],"event_name":"Drug Dealer","player_choice":"Became Test Subject","floor":22.0,"gold_loss":0.0,"damage_taken":0.0,"cards_obtained":["Melter","Force Field"]},{"damage_healed":0.0,"max_hp_gain":0.0,"max_hp_loss":0.0,"gold_gain":275.0,"event_name":"Golden Shrine","player_choice":"Desecrate","floor":25.0,"gold_loss":0.0,"damage_taken":0.0,"cards_obtained":["Regret"]},{"damage_healed":0.0,"max_hp_gain":0.0,"max_hp_loss":0.0,"gold_gain":0.0,"event_name":"Ghosts","player_choice":"Ignored","floor":30.0,"gold_loss":0.0,"damage_taken":0.0},{"damage_healed":0.0,"max_hp_gain":0.0,"max_hp_loss":0.0,"gold_gain":0.0,"event_name":"MindBloom","player_choice":"Fight","floor":38.0,"gold_loss":0.0,"damage_taken":0.0},{"damage_healed":0.0,"max_hp_gain":0.0,"max_hp_loss":0.0,"gold_gain":0.0,"event_name":"Winding Halls","player_choice":"Embrace Madness","floor":39.0,"gold_loss":0.0,"damage_taken":14.0,"cards_obtained":["Madness","Madness"]}],"is_beta":false,"boss_relics":[{"not_picked":["Astrolabe","Sozu"],"picked":"Runic Pyramid"},{"not_picked":["Runic Dome","Pandora\u0027s Box"],"picked":"Busted Crown"}],"items_purged_floors":[19,37],"is_endless":false,"potions_floor_spawned":[4,8,12,13,18,24,27,31,36,38],"killed_by":"Reptomancer","ascension_level":18}