{"gold_per_floor":[112,131,131,150,164,164,196,196,222,235,261,34,34,44,44,140,140,159,177,177,177,187,187,204,204,204,218,118,118,118,143,143,246,246,262,137,137,137,156,156,174,188,215,260,272,298,330,362,374,386],"floor_reached":51,"playtime":2999,"items_purged":["Strike_G","Decay","Regret"],"score":1006,"play_id":"c64928e1-46dc-4c60-ac65-f838bc47da68","local_time":"20180802181512","is_ascension_mode":true,"campfire_choices":[{"data":"Underhanded Strike","floor":6,"key":"SMITH"},{"data":"Endless Agony","floor":8,"key":"SMITH"},{"floor":13,"key":"REST"},{"data":"Neutralize","floor":15,"key":"SMITH"},{"floor":23,"key":"REST"},{"data":"Corpse Explosion","floor":25,"key":"SMITH"},{"data":"Survivor","floor":32,"key":"SMITH"},{"floor":45,"key":"REST"},{"floor":49,"key":"REST"}],"neow_cost":"","seed_source_timestamp":1895106728159275,"circlet_count":0,"master_deck":["Defend_G","Defend_G","Defend_G","Defend_G","Defend_G","Strike_G","Strike_G","Strike_G","Survivor+1","Neutralize+1","Underhanded Strike+1","Dagger Throw","PiercingWail","Endless Agony+1","Prepared+1","Corpse Explosion+1","Quick Slash","After Image","Backstab","Poisoned Stab+1","Flying Knee","Quick Slash+1","PiercingWail+1","Blade Dance+1","Malaise+1","Injury","Injury","Cloak And Dagger+1","Trip","Mind Blast","Panache","Madness","Madness","Dodge and Roll+1","Endless Agony","Parasite","Blur+1","Deadly Poison+1","Concentrate+1"],"relics":["Ring of the Snake","Mercury Hourglass","Dead Branch","Potion Belt","Art of War","Juzu Bracelet","Cursed Key","Blood Vial","Shuriken","Centennial Puzzle","Calling Bell","War Paint","Question Card","Sundial","Spirit Poop","MawBank","Darkstone Periapt"],"potions_floor_usage":[16,31,33,33,41,44,47,50,50,50,50],"damage_taken":[{"damage":0,"enemies":"Cultist","floor":1,"turns":4},{"damage":0,"enemies":"2 Louse","floor":2,"turns":2},{"damage":0,"enemies":"Jaw Worm","floor":4,"turns":3},{"damage":1,"enemies":"Looter","floor":5,"turns":3},{"damage":15,"enemies":"3 Sentries","floor":7,"turns":6},{"damage":3,"enemies":"Exordium Thugs","floor":10,"turns":4},{"damage":16,"enemies":"Gremlin Nob","floor":11,"turns":3},{"damage":0,"enemies":"Large Slime","floor":14,"turns":3},{"damage":18,"enemies":"The Guardian","floor":16,"turns":10},{"damage":5,"enemies":"Shell Parasite","floor":18,"turns":5},{"damage":1,"enemies":"Chosen","floor":19,"turns":4},{"damage":25,"enemies":"Sentry and Sphere","floor":22,"turns":6},{"damage":0,"enemies":"3 Cultists","floor":24,"turns":2},{"damage":0,"enemies":"Snake Plant","floor":27,"turns":3},{"damage":2,"enemies":"Slavers","floor":31,"turns":3},{"damage":0,"enemies":"Collector","floor":33,"turns":6},{"damage":0,"enemies":"Orb Walker","floor":35,"turns":3},{"damage":2,"enemies":"3 Shapes","floor":39,"turns":7},{"damage":41,"enemies":"Flame Bruiser 2 Orb","floor":41,"turns":3},{"damage":10,"enemies":"Maw","floor":42,"turns":6},{"damage":15,"enemies":"2 Orb Walkers","floor":44,"turns":2},{"damage":0,"enemies":"4 Shapes","floor":46,"turns":4},{"damage":0,"enemies":"Transient","floor":47,"turns":5},{"damage":15,"enemies":"Spire Growth","floor":48,"turns":4},{"damage":39,"enemies":"Donu and Deca","floor":50,"turns":4}],"seed_played":"-1154628699642378807","potions_obtained":[{"floor":7,"key":"FairyPotion"},{"floor":10,"key":"Energy Potion"},{"floor":11,"key":"Explosive Potion"},{"floor":16,"key":"Energy Potion"},{"floor":19,"key":"Weak Potion"},{"floor":24,"key":"Dexterity Potion"},{"floor":33,"key":"EntropicBrew"},{"floor":42,"key":"Poison Potion"},{"floor":44,"key":"SteroidPotion"},{"floor":46,"key":"Poison Potion"}],"is_trial":false,"path_per_floor":["M","M","T","M","M","R","E","R","T","M","E","$","R","M","R","B",null,"M","M","?","?","M","R","M","R","T","M","$","?","?","E","R","B",null,"M","$","?","?","M","?","M","M","T","E","R","M","M","M","R","B"],"character_chosen":"THE_SILENT","items_purchased":["Juzu Bracelet"],"campfire_rested":4,"item_purchase_floors":[12],"current_hp_per_floor":[63,63,63,63,62,62,47,47,47,44,28,28,49,49,49,31,60,55,54,54,54,31,52,54,54,54,56,56,43,68,68,68,70,74,75,75,65,56,56,56,17,9,9,7,29,31,33,20,42,17],"gold":398,"neow_bonus":"","is_prod":false,"is_daily":false,"chose_seed":false,"campfire_upgraded":5,"win_rate":0,"timestamp":1533248112,"path_taken":["M","M","?","M","?","R","E","R","T","M","E","?","R","M","R","BOSS","M","M","?","?","M","R","M","R","T","M","$","?","?","E","R","BOSS","M","$","?","?","M","?","M","M","T","E","R","M","M","M","R","BOSS"],"build_version":"2018-07-26","purchased_purges":3,"victory":true,"max_hp_per_floor":[70,70,70,70,70,70,70,70,70,70,70,70,70,70,70,70,70,70,70,70,70,70,70,70,70,70,70,70,75,75,75,75,75,75,75,75,75,75,75,75,75,75,75,75,75,75,75,75,75,75],"card_choices":[{"not_picked":["Poisoned Stab","Slice"],"picked":"Underhanded Strike","floor":1},{"not_picked":["Dagger Spray","Slice"],"picked":"Dagger Throw","floor":2},{"not_picked":["Choke","Backflip"],"picked":"PiercingWail","floor":4},{"not_picked":["Concentrate","Poisoned Stab","Deadly Poison"],"picked":"SKIP","floor":5},{"not_picked":["All Out Attack","Bane"],"picked":"Endless Agony","floor":7},{"not_picked":["Slice","Infinite Blades"],"picked":"Prepared","floor":10},{"not_picked":["Slice","Infinite Blades"],"picked":"Corpse Explosion","floor":11},{"not_picked":["Slice","Predator"],"picked":"Quick Slash","floor":14},{"not_picked":["Adrenaline","Night Terror"],"picked":"After Image","floor":16},{"not_picked":["Distraction","Footwork"],"picked":"Backstab","floor":18},{"not_picked":["Outmaneuver","Prepared"],"picked":"Poisoned Stab+1","floor":19},{"not_picked":["Dagger Spray","Predator"],"picked":"Flying Knee","floor":22},{"not_picked":["Cloak And Dagger","Footwork"],"picked":"Quick Slash+1","floor":24},{"not_picked":["Dagger Spray","Cloak And Dagger"],"picked":"PiercingWail+1","floor":27},{"not_picked":["Eviscerate","Setup"],"picked":"Blade Dance+1","floor":31},{"not_picked":["Night Terror","Unload"],"picked":"Malaise","floor":33},{"not_picked":["Footwork+1","Bane","Deflect"],"picked":"Cloak And Dagger+1","floor":35},{"not_picked":["Blind","Dramatic Entrance","Madness"],"picked":"Trip","floor":37},{"not_picked":["Good Instincts","Madness","Swift Strike"],"picked":"Mind Blast","floor":37},{"not_picked":["Secret Technique","Dark Shackles","Thinking Ahead"],"picked":"Panache","floor":37},{"not_picked":["Slice","Backflip","Dagger Throw","Setup"],"picked":"SKIP","floor":39},{"not_picked":["Sucker Punch+1","All Out Attack","Poisoned Stab+1"],"picked":"Dodge and Roll+1","floor":41},{"not_picked":["Flying Knee","Tactician","Well Laid Plans+1"],"picked":"Endless Agony","floor":42},{"not_picked":["Accuracy","All Out Attack","Flying Knee+1"],"picked":"Blur+1","floor":44},{"not_picked":["Deflect","Riddle With Holes+1","Backflip"],"picked":"Deadly Poison+1","floor":46},{"not_picked":["Dodge and Roll","Acrobatics","Unload"],"picked":"Concentrate+1","floor":47},{"not_picked":["Deflect","Flying Knee","PiercingWail","Distraction"],"picked":"SKIP","floor":48}],"player_experience":364366,"relics_obtained":[{"floor":3,"key":"Mercury Hourglass"},{"floor":7,"key":"Dead Branch"},{"floor":9,"key":"Potion Belt"},{"floor":11,"key":"Art of War"},{"floor":26,"key":"Shuriken"},{"floor":31,"key":"Centennial Puzzle"},{"floor":34,"key":"War Paint"},{"floor":34,"key":"Question Card"},{"floor":34,"key":"Sundial"},{"floor":43,"key":"MawBank"},{"floor":44,"key":"Darkstone Periapt"}],"event_choices":[{"event_name":"Back to Basics","player_choice":"Elegance","floor":20,"damage_taken":0},{"event_name":"The Mausoleum","player_choice":"Yes","floor":21,"damage_taken":0},{"event_name":"Forgotten Altar","player_choice":"Shed Blood","floor":29,"damage_taken":0},{"event_name":"The Library","player_choice":"Heal","floor":30,"damage_taken":0},{"event_name":"SensoryStone","player_choice":"Memory 3","floor":37,"damage_taken":0},{"event_name":"Winding Halls","player_choice":"Embrace Madness","floor":38,"damage_taken":0},{"event_name":"Bonfire Elementals","player_choice":"CURSE","floor":40,"damage_taken":0}],"is_beta":false,"boss_relics":[{"not_picked":["Black Star","Lizard Tail"],"picked":"Cursed Key"},{"not_picked":["Sozu","Orrery"],"picked":"Calling Bell"}],"items_purged_floors":[12,28,36],"is_endless":false,"potions_floor_spawned":[7,10,11,16,19,24,31,33,42,44,46],"ascension_level":6}