{"gold_per_floor":[109,109,34,54,54,89,89,108,108,108,125,125,155,172,172,267,267,281,281,28,38,58,58,90,90,90,101,129,129,144,163,163,261,261,281,137,137,153,170,202,202,202,202,202,77,94,316,332,332,332],"floor_reached":51,"playtime":3189,"items_purged":["Doubt","Strike_R","Regret"],"score":945,"play_id":"032db25f-8cc4-44e5-9183-bb7adc5e92b9","local_time":"20180810115745","is_ascension_mode":true,"campfire_choices":[{"data":"Uppercut","floor":10,"key":"SMITH"},{"data":"Flame Barrier","floor":15,"key":"SMITH"},{"data":"Strike_R","floor":23,"key":"PURGE"},{"data":"Second Wind","floor":25,"key":"SMITH"},{"data":"Havoc","floor":29,"key":"SMITH"},{"data":"Flex","floor":32,"key":"SMITH"},{"data":"Double Tap","floor":41,"key":"SMITH"},{"data":"Armaments","floor":44,"key":"SMITH"},{"floor":49,"key":"REST"}],"neow_cost":"CURSE","seed_source_timestamp":2563527498631427,"circlet_count":0,"master_deck":["Strike_R","Strike_R","Defend_R","Defend_R","Defend_R","Bash","Immolate","Thunderclap","Uppercut+1","Flex+1","Armaments+1","Sentinel+1","Flame Barrier+1","Havoc+1","Second Wind+1","Impervious","Twin Strike+1","Armaments+1","Iron Wave+1","Double Tap+1","Dropkick+1","Pummel+1","Bludgeon+1","Finesse","Iron Wave+1","Intimidate+1"],"relics":["Burning Blood","Molten Egg 2","Question Card","Peace Pipe","Strawberry","Velvet Choker","Bag of Preparation","Bronze Scales","Red Mask","Letter Opener","Kunai","Cursed Key","Oddly Smooth Stone","Anchor","Toxic Egg 2"],"potions_floor_usage":[13,16,16,16,28,33,50,50],"damage_taken":[{"damage":0,"enemies":"Small Slimes","floor":1,"turns":2},{"damage":1,"enemies":"2 Louse","floor":4,"turns":2},{"damage":22,"enemies":"3 Sentries","floor":6,"turns":3},{"damage":0,"enemies":"Cultist","floor":8,"turns":3},{"damage":3,"enemies":"Looter","floor":11,"turns":2},{"damage":12,"enemies":"Gremlin Nob","floor":13,"turns":3},{"damage":6,"enemies":"Blue Slaver","floor":14,"turns":5},{"damage":29,"enemies":"Hexaghost","floor":16,"turns":11},{"damage":9,"enemies":"Shell Parasite","floor":18,"turns":7},{"damage":1,"enemies":"2 Thieves","floor":21,"turns":3},{"damage":0,"enemies":"3 Cultists","floor":22,"turns":5},{"damage":24,"floor":24,"turns":5},{"damage":3,"enemies":"Chosen and Byrds","floor":27,"turns":3},{"damage":14,"enemies":"Slavers","floor":28,"turns":3},{"damage":20,"enemies":"Centurion and Healer","floor":30,"turns":5},{"damage":5,"enemies":"Snecko","floor":31,"turns":3},{"damage":36,"enemies":"Collector","floor":33,"turns":9},{"damage":0,"enemies":"3 Shapes","floor":35,"turns":2},{"damage":0,"enemies":"Flame Bruiser 1 Orb","floor":38,"turns":3},{"damage":16,"enemies":"4 Shapes","floor":39,"turns":5},{"damage":5,"enemies":"2 Orb Walkers","floor":40,"turns":3},{"damage":27,"enemies":"Flame Bruiser 2 Orb","floor":46,"turns":3},{"damage":5,"enemies":"3 Darklings","floor":48,"turns":4},{"damage":77,"enemies":"Donu and Deca","floor":50,"turns":10}],"seed_played":"1587821037898606092","potions_obtained":[{"floor":6,"key":"Poison Potion"},{"floor":8,"key":"LiquidBronze"},{"floor":11,"key":"SpeedPotion"},{"floor":14,"key":"PowerPotion"},{"floor":16,"key":"SteroidPotion"},{"floor":22,"key":"BloodPotion"},{"floor":24,"key":"AttackPotion"},{"floor":30,"key":"FairyPotion"},{"floor":33,"key":"FearPotion"}],"is_trial":false,"path_per_floor":["M","?","$","M","?","E","?","M","T","R","M","?","E","M","R","B",null,"M","?","$","M","M","R","?","R","T","M","E","R","M","M","R","B",null,"M","$","?","M","M","E","R","?","T","R","$","M","?","M","R","B"],"character_chosen":"IRONCLAD","items_purchased":["Bronze Scales","Oddly Smooth Stone"],"campfire_rested":1,"item_purchase_floors":[20,36],"current_hp_per_floor":[78,78,78,80,85,69,62,68,68,68,71,71,72,72,72,49,81,78,78,78,83,89,89,71,71,71,74,66,66,52,53,53,32,77,83,83,83,89,79,80,80,71,71,71,71,50,50,51,78,7],"gold":332,"neow_bonus":"TRANSFORM_TWO_CARDS","is_prod":false,"is_daily":false,"chose_seed":false,"campfire_upgraded":7,"win_rate":0,"timestamp":1533916665,"path_taken":["M","?","$","M","?","E","?","M","T","R","M","?","E","?","R","BOSS","M","?","$","?","M","R","?","R","T","M","E","R","M","M","R","BOSS","M","$","?","M","M","E","R","?","T","R","$","?","?","M","R","BOSS"],"build_version":"2018-08-09","purchased_purges":3,"victory":true,"max_hp_per_floor":[80,80,80,80,85,85,85,85,85,85,85,85,92,92,92,92,92,92,92,92,92,92,92,92,92,92,92,92,92,92,92,92,92,92,92,92,92,92,92,92,92,92,92,92,92,92,92,92,92,92],"card_choices":[{"not_picked":["Wild Strike","Havoc"],"picked":"Uppercut","floor":1},{"not_picked":["Body Slam","Entrench"],"picked":"Flex","floor":4},{"not_picked":["Thunderclap","Impervious"],"picked":"Armaments","floor":6},{"not_picked":["Second Wind","Flex","Pommel Strike+1"],"picked":"Sentinel","floor":8},{"not_picked":["Warcry","True Grit","Clothesline+1"],"picked":"Flame Barrier","floor":11},{"not_picked":["True Grit","Body Slam+1","Rupture"],"picked":"Havoc","floor":13},{"not_picked":["Headbutt+1","Flex","Thunderclap+1"],"picked":"Second Wind","floor":14},{"not_picked":["Reaper+1","Exhume","Juggernaut"],"picked":"Impervious","floor":16},{"not_picked":["True Grit","Metallicize","Sword Boomerang+1"],"picked":"Twin Strike+1","floor":18},{"not_picked":["Headbutt+1","Rupture","Uppercut+1"],"picked":"Armaments+1","floor":21},{"not_picked":["Intimidate","Body Slam+1","Headbutt+1","Perfected Strike+1"],"picked":"SKIP","floor":22},{"not_picked":["Anger+1","Havoc","Carnage+1"],"picked":"Iron Wave+1","floor":24},{"not_picked":["Perfected Strike+1","Heavy Blade+1","Wild Strike+1","Dual Wield"],"picked":"SKIP","floor":27},{"not_picked":["Twin Strike+1","Shrug It Off","Exhume"],"picked":"Double Tap","floor":28},{"not_picked":["Havoc","Disarm","Clash+1"],"picked":"Dropkick+1","floor":30},{"not_picked":["Thunderclap+1","True Grit","Anger+1"],"picked":"Pummel+1","floor":31},{"not_picked":["Barricade","Immolate+1","Exhume"],"picked":"Bludgeon+1","floor":33},{"not_picked":["Sentinel+1","Pummel+1","Twin Strike+1","Dual Wield"],"picked":"SKIP","floor":35},{"not_picked":["Panache","Secret Weapon","Deep Breath"],"picked":"Finesse","floor":37},{"not_picked":["Body Slam+1","Anger+1","Perfected Strike+1"],"picked":"Iron Wave+1","floor":38},{"not_picked":["Power Through+1","Pommel Strike+1","Rampage+1","Iron Wave+1"],"picked":"SKIP","floor":39},{"not_picked":["Twin Strike+1","Thunderclap+1","Inflame+1"],"picked":"Intimidate+1","floor":40},{"not_picked":["Iron Wave+1","Fire Breathing","Infernal Blade+1","Heavy Blade+1"],"picked":"SKIP","floor":46},{"not_picked":["Sentinel+1","Warcry+1","Bludgeon+1","Pommel Strike+1"],"picked":"SKIP","floor":48}],"player_experience":401624,"relics_obtained":[{"floor":6,"key":"Molten Egg 2"},{"floor":9,"key":"Peace Pipe"},{"floor":13,"key":"Strawberry"},{"floor":24,"key":"Red Mask"},{"floor":26,"key":"Letter Opener"},{"floor":28,"key":"Kunai"},{"floor":40,"key":"Anchor"},{"floor":43,"key":"Toxic Egg 2"}],"event_choices":[{"event_name":"Liars Game","player_choice":"disagreed","floor":2,"damage_taken":0},{"event_name":"Big Fish","player_choice":"Donut","floor":5,"damage_taken":0},{"event_name":"Scrap Ooze","player_choice":"success","floor":7,"damage_taken":7},{"event_name":"Upgrade Shrine","player_choice":"Upgraded","floor":12,"damage_taken":0},{"event_name":"The Mausoleum","player_choice":"Yes","floor":19,"damage_taken":0},{"event_name":"Masked Bandits","player_choice":"Fought Bandits","floor":24,"damage_taken":0},{"event_name":"SensoryStone","player_choice":"Memory 1","floor":37,"damage_taken":0},{"event_name":"Wheel of Change","player_choice":"Damage","floor":42,"damage_taken":0},{"event_name":"Tomb of Lord Red Mask","player_choice":"Wore Mask","floor":47,"damage_taken":0}],"is_beta":false,"boss_relics":[{"not_picked":["Pandora\u0027s Box","Mark of Pain"],"picked":"Velvet Choker"},{"not_picked":["Philosopher\u0027s Stone","Orrery"],"picked":"Cursed Key"}],"items_purged_floors":[3,20,45],"is_endless":false,"potions_floor_spawned":[6,8,11,14,16,22,24,30,33,39,40],"ascension_level":8}