{"path_per_floor":["M","?","M","?","?","R","$","M","T","E","$","R","$","E","R"],"character_chosen":"THE_SILENT","items_purchased":["Prepared","Slice","Underhanded Strike","Backflip"],"gold_per_floor":[112,112,132,207,157,157,4,18,45,74,48,48,26,51,51,51],"floor_reached":16,"campfire_rested":2,"playtime":746,"item_purchase_floors":[7,7,11,13],"current_hp_per_floor":[70,70,70,59,59,59,59,59,59,29,29,50,50,41,62,0],"items_purged":["Strike_G"],"gold":51,"score":127,"play_id":"63671f56-4b3d-48d6-b7b7-4595b7e5177e","local_time":"20180619164619","is_prod":false,"is_daily":false,"chose_seed":false,"is_ascension_mode":true,"campfire_upgraded":1,"win_rate":0,"timestamp":1529441179,"campfire_choices":[{"data":"Crippling Poison","floor":6,"key":"SMITH"},{"floor":12,"key":"REST"},{"floor":15,"key":"REST"}],"path_taken":["M","?","M","?","?","R","$","?","T","E","$","R","?","E","R","BOSS"],"build_version":"2018-06-14v2","seed_source_timestamp":393168700117954,"purchased_purges":1,"victory":false,"master_deck":["Defend_G","Defend_G","Defend_G","Defend_G","Strike_G","Strike_G","Strike_G","Survivor","Neutralize","Crippling Poison+1","Dagger Spray","Prepared","Slice","Underhanded Strike","Endless Agony","Underhanded Strike","Backflip","Distraction"],"max_hp_per_floor":[70,70,70,70,70,70,70,70,70,70,70,70,70,70,70,70],"relics":["Ring of the Snake","NeowsBlessing","Ancient Tea Set","Singing Bowl","Happy Flower"],"card_choices":[{"not_picked":["Well Laid Plans","Malaise"],"picked":"Crippling Poison","floor":1},{"not_picked":["PiercingWail","Malaise"],"picked":"Dagger Spray","floor":3},{"not_picked":["Deadly Poison","Sucker Punch"],"picked":"Underhanded Strike","floor":8},{"not_picked":["Outmaneuver","Slice"],"picked":"Endless Agony","floor":10},{"not_picked":["Terror","Wraith Form v2"],"picked":"Distraction","floor":14}],"player_experience":227846,"potions_floor_usage":[16,16],"damage_taken":[{"damage":0,"enemies":"2 Louse","floor":1,"turns":2},{"damage":0,"enemies":"Small Slimes","floor":3,"turns":1},{"damage":0,"enemies":"Jaw Worm","floor":8,"turns":1},{"damage":30,"enemies":"Lagavulin","floor":10,"turns":7},{"damage":9,"enemies":"3 Sentries","floor":14,"turns":8},{"damage":77,"enemies":"Hexaghost","floor":16,"turns":11}],"relics_obtained":[{"floor":9,"key":"Ancient Tea Set"},{"floor":10,"key":"Singing Bowl"},{"floor":14,"key":"Happy Flower"}],"event_choices":[{"event_name":"Living Wall","player_choice":"Forget","floor":2,"damage_taken":0},{"event_name":"World of Goop","player_choice":"Gather Gold","floor":4,"damage_taken":0},{"event_name":"The Cleric","player_choice":"Card Removal","floor":5,"damage_taken":0}],"boss_relics":[],"items_purged_floors":[7],"is_endless":false,"potions_floor_spawned":[1,10],"seed_played":"7068407448614031434","killed_by":"Hexaghost","ascension_level":4,"potions_obtained":[{"floor":1,"key":"Dexterity Potion"},{"floor":10,"key":"Regen Potion"}],"is_trial":false}