{"gold_per_floor":[118,118,131,141,101,101,117,117,141,160,160,231,231,251,251,353,353,293,70,70],"floor_reached":20,"playtime":985,"items_purged":["Strike_G"],"score":211,"play_id":"6b8a103c-eb2e-45a1-8c5c-dd2159c664a8","local_time":"20190819144202","is_ascension_mode":true,"campfire_choices":[{"data":"Footwork","floor":6.0,"key":"SMITH"},{"data":"Tools of the Trade","floor":8.0,"key":"SMITH"},{"data":"Neutralize","floor":13.0,"key":"SMITH"},{"data":"Predator","floor":15.0,"key":"SMITH"}],"neow_cost":"NONE","seed_source_timestamp":349603127368900,"circlet_count":0,"master_deck":["Strike_G","Strike_G","Strike_G","Defend_G","Defend_G","Defend_G","Defend_G","Survivor","Neutralize+1","Dodge and Roll","Tools of the Trade+1","Predator+1","Footwork+1","Envenom","Tactician+1"],"special_seed":0,"relics":["Ring of the Snake","Oddly Smooth Stone","Juzu Bracelet","Question Card","Eternal Feather","Happy Flower"],"potions_floor_usage":[],"damage_taken":[{"damage":0.0,"enemies":"Small Slimes","floor":1.0,"turns":4.0},{"damage":0.0,"enemies":"Cultist","floor":3.0,"turns":4.0},{"damage":0.0,"enemies":"Jaw Worm","floor":4.0,"turns":4.0},{"damage":0.0,"enemies":"Blue Slaver","floor":7.0,"turns":4.0},{"damage":0.0,"enemies":"2 Fungi Beasts","floor":10.0,"turns":5.0},{"damage":1.0,"enemies":"Lots of Slimes","floor":14.0,"turns":7.0},{"damage":40.0,"enemies":"Hexaghost","floor":16.0,"turns":15.0},{"damage":13.0,"enemies":"2 Thieves","floor":18.0,"turns":4.0},{"damage":0,"enemies":"Shell Parasite","floor":20,"turns":1}],"seed_played":"-1997671392367791160","potions_obtained":[{"floor":1.0,"key":"LiquidBronze"},{"floor":3.0,"key":"SpeedPotion"},{"floor":4.0,"key":"EssenceOfSteel"}],"is_trial":false,"path_per_floor":["M","?","M","M","$","R","M","R","T","M","?","T","R","M","R","B",null,"M","$","M"],"character_chosen":"THE_SILENT","items_purchased":["Footwork","Happy Flower"],"campfire_rested":0,"item_purchase_floors":[5,19],"current_hp_per_floor":[63,63,63,63,63,63,63,63,63,63,56,56,56,55,55,15,56,43,43,43],"gold":70,"neow_bonus":"RANDOM_COMMON_RELIC","is_prod":false,"is_daily":false,"chose_seed":false,"campfire_upgraded":4,"win_rate":0,"timestamp":1566218522,"path_taken":["M","?","M","?","$","R","M","R","T","M","?","?","R","M","R","BOSS","M","$","M"],"build_version":"2019-07-17","purchased_purges":1,"victory":false,"max_hp_per_floor":[70,70,70,70,70,70,70,70,70,70,70,70,70,70,70,70,70,70,70,70],"card_choices":[{"not_picked":["Prepared","Accuracy"],"picked":"Dodge and Roll","floor":1.0},{"not_picked":["Cloak And Dagger","Prepared"],"picked":"Predator","floor":3.0},{"not_picked":["Dagger Throw","Masterful Stab","Blade Dance"],"picked":"SKIP","floor":4.0},{"not_picked":["Deflect","Dagger Spray","Cloak And Dagger"],"picked":"SKIP","floor":7.0},{"not_picked":["Predator","Skewer","Outmaneuver"],"picked":"SKIP","floor":10.0},{"not_picked":["Dagger Spray","Terror","All Out Attack","PiercingWail"],"picked":"SKIP","floor":14.0},{"not_picked":["Bullet Time","Phantasmal Killer","Malaise"],"picked":"Envenom","floor":16.0},{"not_picked":["Prepared","Blade Dance","Predator"],"picked":"Tactician+1","floor":18.0}],"player_experience":103490,"relics_obtained":[{"floor":9.0,"key":"Juzu Bracelet"},{"floor":12.0,"key":"Question Card"}],"event_choices":[{"damage_healed":0.0,"max_hp_gain":0.0,"max_hp_loss":0.0,"gold_gain":0.0,"cards_transformed":["Strike_G"],"event_name":"Transmorgrifier","player_choice":"Transformed","floor":2.0,"gold_loss":0.0,"damage_taken":0.0,"cards_obtained":["Tools of the Trade"]},{"cards_removed":["Defend_G"],"damage_healed":0.0,"max_hp_gain":0.0,"max_hp_loss":0.0,"gold_gain":0.0,"event_name":"Golden Wing","player_choice":"Card Removal","floor":11.0,"gold_loss":0.0,"damage_taken":7.0}],"is_beta":false,"boss_relics":[{"not_picked":["Coffee Dripper","Calling Bell"],"picked":"Eternal Feather"}],"items_purged_floors":[19],"is_endless":false,"potions_floor_spawned":[1,3,4],"killed_by":"Shell Parasite","ascension_level":6}