{"gold_per_floor":[116,43,61,75,92,92,124,124,124,124,89,101,132,145,145,245,245,262,279,290,310,324,324,101,101,128,128,163,183,183],"floor_reached":30,"playtime":2913,"items_purged":["Strike_G"],"score":289,"play_id":"15d399df-0953-4a04-a30f-9a7da5351feb","local_time":"20190713022424","is_ascension_mode":false,"campfire_choices":[{"data":"Noxious Fumes","floor":6.0,"key":"SMITH"},{"floor":8.0,"key":"REST"},{"data":"Deadly Poison","floor":15.0,"key":"SMITH"},{"floor":23,"key":"REST"},{"floor":27,"key":"REST"}],"neow_cost":"NONE","seed_source_timestamp":0,"circlet_count":0,"master_deck":["Defend_G","Defend_G","Defend_G","Defend_G","Defend_G","Survivor","Neutralize","Blind","Quick Slash","Noxious Fumes+1","Bane","Bane","Well Laid Plans","Dagger Throw","Backflip","Flying Knee","Deadly Poison+1","Tools of the Trade","Unload+1","Die Die Die+1","Dagger Throw+1","Flying Knee","Poisoned Stab","Blur","Leg Sweep+1","Catalyst","Bane+1","Bane","Deadly Poison","Deadly Poison","Dagger Spray","Escape Plan","Dodge and Roll","Dodge and Roll"],"special_seed":0,"relics":["Ring of the Snake","Blood Vial","Pantograph","Prayer Wheel","Astrolabe","Pen Nib","MutagenicStrength","Ancient Tea Set","Juzu Bracelet"],"potions_floor_usage":[28,28],"damage_taken":[{"damage":0.0,"enemies":"Jaw Worm","floor":1.0,"turns":5.0},{"damage":1.0,"enemies":"Small Slimes","floor":3.0,"turns":3.0},{"damage":0.0,"enemies":"2 Louse","floor":4.0,"turns":2.0},{"damage":7.0,"enemies":"Large Slime","floor":5.0,"turns":6.0},{"damage":26.0,"enemies":"Gremlin Nob","floor":7.0,"turns":5.0},{"damage":3.0,"enemies":"Exordium Wildlife","floor":12.0,"turns":4.0},{"damage":27.0,"enemies":"3 Sentries","floor":13.0,"turns":8.0},{"damage":4.0,"enemies":"Looter","floor":14.0,"turns":4.0},{"damage":39.0,"enemies":"The Guardian","floor":16.0,"turns":10.0},{"damage":26.0,"enemies":"2 Thieves","floor":18.0,"turns":4.0},{"damage":8,"enemies":"Shell Parasite","floor":19,"turns":5},{"damage":17,"enemies":"Snecko","floor":20,"turns":6},{"damage":21,"enemies":"Snake Plant","floor":21,"turns":4},{"damage":16,"enemies":"Centurion and Healer","floor":22,"turns":5},{"damage":24,"enemies":"Slavers","floor":28,"turns":6},{"damage":0,"enemies":"Chosen and Byrds","floor":29,"turns":6},{"damage":33,"enemies":"Colosseum Slavers","floor":30,"turns":4}],"seed_played":"8287239754122094218","potions_obtained":[{"floor":3.0,"key":"SpeedPotion"},{"floor":7.0,"key":"Poison Potion"},{"floor":16.0,"key":"PowerPotion"},{"floor":18,"key":"FairyPotion"},{"floor":22,"key":"EssenceOfSteel"}],"is_trial":false,"path_per_floor":["M","$","M","M","M","R","E","R","T","?","?","M","E","M","R","B",null,"M","M","M","M","M","R","$","?","T","R","E","M","?"],"character_chosen":"THE_SILENT","items_purchased":["Noxious Fumes","Pen Nib"],"campfire_rested":3,"item_purchase_floors":[2,24],"current_hp_per_floor":[70,70,69,69,62,62,36,57,57,50,67,66,41,39,39,27,70,44,38,23,4,5,26,26,26,26,47,25,27,0],"gold":183,"neow_bonus":"RANDOM_COLORLESS","is_prod":false,"is_daily":false,"chose_seed":false,"campfire_upgraded":2,"win_rate":0.0,"timestamp":1562981064,"path_taken":["M","$","M","M","M","R","E","R","T","?","?","M","E","?","R","BOSS","M","M","M","M","M","R","$","?","T","R","E","M","?"],"build_version":"2019-07-05","purchased_purges":1,"victory":false,"max_hp_per_floor":[70,70,70,70,70,70,70,70,70,70,70,70,70,70,70,70,70,70,70,70,70,70,70,70,70,70,70,70,70,70],"card_choices":[{"not_picked":["Deflect","Tactician"],"picked":"Quick Slash","floor":1.0},{"not_picked":["Well Laid Plans","Flying Knee"],"picked":"Bane","floor":3.0},{"not_picked":["Backflip","Skewer"],"picked":"Bane","floor":4.0},{"not_picked":["Outmaneuver","Deflect"],"picked":"Well Laid Plans","floor":5.0},{"not_picked":["Distraction","Outmaneuver","Blade Dance"],"picked":"SKIP","floor":7.0},{"not_picked":["Backstab","Prepared"],"picked":"Dagger Throw","floor":12.0},{"not_picked":["Backstab","Underhanded Strike"],"picked":"Backflip","floor":13.0},{"not_picked":["Wraith Form v2","Blade Dance"],"picked":"Flying Knee","floor":14.0},{"not_picked":["Bane","Underhanded Strike"],"picked":"Deadly Poison","floor":14.0},{"not_picked":["Malaise","Phantasmal Killer"],"picked":"Tools of the Trade","floor":16.0},{"not_picked":["Slice","Masterful Stab"],"picked":"Flying Knee","floor":18},{"not_picked":["Expertise+1","Distraction"],"picked":"Poisoned Stab","floor":18},{"not_picked":["Footwork","Reflex+1"],"picked":"Blur","floor":19},{"not_picked":["Backstab+1","Outmaneuver"],"picked":"Leg Sweep+1","floor":19},{"not_picked":["Poisoned Stab","Masterful Stab+1"],"picked":"Catalyst","floor":20},{"not_picked":["Outmaneuver","Flying Knee"],"picked":"Bane+1","floor":20},{"not_picked":["Eviscerate","Underhanded Strike"],"picked":"Bane","floor":21},{"not_picked":["Underhanded Strike","Quick Slash"],"picked":"Deadly Poison","floor":21},{"not_picked":["Backflip","Escape Plan+1"],"picked":"Deadly Poison","floor":22},{"not_picked":["PiercingWail","Quick Slash"],"picked":"Dagger Spray","floor":22},{"not_picked":["Tactician","Predator"],"picked":"Escape Plan","floor":28},{"not_picked":["Sucker Punch","Backstab"],"picked":"Dodge and Roll","floor":29},{"not_picked":["Crippling Poison","Dagger Spray"],"picked":"Dodge and Roll","floor":29}],"player_experience":32774,"relics_obtained":[{"floor":7.0,"key":"Blood Vial"},{"floor":9.0,"key":"Pantograph"},{"floor":13.0,"key":"Prayer Wheel"},{"floor":26,"key":"Ancient Tea Set"},{"floor":28,"key":"Juzu Bracelet"}],"event_choices":[{"cards_removed":["Strike_G"],"damage_healed":0.0,"max_hp_gain":0.0,"max_hp_loss":0.0,"gold_gain":0.0,"event_name":"Golden Wing","player_choice":"Card Removal","floor":10.0,"gold_loss":0.0,"damage_taken":7.0},{"damage_healed":17.0,"max_hp_gain":0.0,"max_hp_loss":0.0,"gold_gain":0.0,"event_name":"The Cleric","player_choice":"Healed","floor":11.0,"gold_loss":35.0,"damage_taken":0.0},{"damage_healed":0,"gold_gain":0,"player_choice":"Inject Mutagens","damage_taken":0,"relics_obtained":["MutagenicStrength"],"max_hp_gain":0,"max_hp_loss":0,"event_name":"Drug Dealer","floor":25,"gold_loss":0},{"damage_healed":0,"gold_gain":0,"player_choice":"Fight","damage_taken":0,"max_hp_gain":0,"max_hp_loss":0,"event_name":"Colosseum","floor":30,"gold_loss":0}],"is_beta":false,"boss_relics":[{"not_picked":["Busted Crown","Runic Dome"],"picked":"Astrolabe"}],"items_purged_floors":[24],"is_endless":false,"potions_floor_spawned":[3,7,16,18,22],"killed_by":"Colosseum Slavers","ascension_level":0}