{"gold_per_floor":[111,61,61,76,93,93,93,119,119,134,59,79,79],"floor_reached":13,"playtime":526,"items_purged":["Strike_R"],"score":162,"play_id":"23ef29d8-ca9a-4e53-ac6f-a00c2b429dcd","local_time":"20190530012054","is_ascension_mode":true,"campfire_choices":[{"data":"Sword Boomerang","floor":6,"key":"SMITH"}],"neow_cost":"NONE","seed_source_timestamp":882087067210614,"circlet_count":0,"master_deck":["AscendersBane","Strike_R","Strike_R","Strike_R","Defend_R","Defend_R","Defend_R","Defend_R","Bash","Sword Boomerang+1","Twin Strike","Flex+1","Pommel Strike","Disarm","Dropkick"],"relics":["Burning Blood","Paper Frog","Molten Egg 2"],"potions_floor_usage":[8,13],"damage_taken":[{"damage":16,"enemies":"Jaw Worm","floor":1,"turns":5},{"damage":0,"enemies":"2 Louse","floor":4,"turns":3},{"damage":0,"enemies":"Cultist","floor":5,"turns":2},{"damage":15,"enemies":"Lagavulin","floor":8,"turns":3},{"damage":25,"enemies":"Gremlin Gang","floor":10,"turns":4},{"damage":12,"enemies":"3 Louse","floor":12,"turns":4},{"damage":45,"enemies":"3 Sentries","floor":13,"turns":7}],"seed_played":"-9041700361281294021","potions_obtained":[{"floor":4,"key":"AttackPotion"},{"floor":10,"key":"Swift Potion"}],"is_trial":false,"path_per_floor":["M","$","?","M","M","R","?","E","T","M","$","M","E"],"character_chosen":"IRONCLAD","items_purchased":["Flex"],"campfire_rested":0,"item_purchase_floors":[2],"current_hp_per_floor":[58,58,58,64,70,70,70,61,61,42,42,36,0],"gold":79,"neow_bonus":"THREE_CARDS","is_prod":false,"is_daily":false,"chose_seed":false,"campfire_upgraded":1,"win_rate":0,"timestamp":1559193654,"path_taken":["M","$","?","M","M","R","?","E","T","?","$","?","E"],"build_version":"2019-01-23","purchased_purges":1,"victory":false,"max_hp_per_floor":[75,75,75,75,75,75,75,75,75,75,75,75,75],"card_choices":[{"not_picked":["Clash","Iron Wave"],"picked":"Sword Boomerang","floor":0},{"not_picked":["Shrug It Off","Pommel Strike"],"picked":"Twin Strike","floor":1},{"not_picked":["Perfected Strike","Clothesline"],"picked":"Pommel Strike","floor":4},{"not_picked":["Infernal Blade","Dual Wield"],"picked":"Disarm","floor":5},{"not_picked":["Brutality","Twin Strike"],"picked":"Dropkick","floor":8},{"not_picked":["Body Slam+1","Seeing Red","Battle Trance"],"picked":"SKIP","floor":10},{"not_picked":["Anger+1","Pommel Strike+1","Carnage+1"],"picked":"SKIP","floor":12}],"player_experience":1565470,"relics_obtained":[{"floor":8,"key":"Paper Frog"},{"floor":9,"key":"Molten Egg 2"}],"event_choices":[{"damage_healed":0,"gold_gain":0,"player_choice":"Grow","damage_taken":0,"max_hp_gain":0,"max_hp_loss":0,"event_name":"Living Wall","floor":3,"gold_loss":0,"cards_upgraded":["Flex"]},{"cards_removed":["Strike_R"],"damage_healed":0,"gold_gain":0,"player_choice":"Offered Basic","damage_taken":0,"max_hp_gain":0,"max_hp_loss":0,"event_name":"Bonfire Elementals","floor":7,"gold_loss":0}],"is_beta":false,"boss_relics":[],"items_purged_floors":[11],"is_endless":false,"potions_floor_spawned":[4,10],"killed_by":"3 Sentries","ascension_level":18}