{"gold_per_floor":[109,384,36,55,72,72,100,120,170,198,33,33,66,79,79,155,155,173,187,207,207],"floor_reached":21,"playtime":3323,"items_purged":["Regret"],"score":402,"play_id":"8912050a-8061-4087-87c0-a679423083e1","local_time":"20190803163017","is_ascension_mode":true,"campfire_choices":[{"data":"Doom and Gloom","floor":6,"key":"SMITH"},{"floor":12,"key":"REST"},{"data":"Redo","floor":15,"key":"SMITH"}],"neow_cost":"NONE","seed_source_timestamp":605868149908280,"circlet_count":0,"master_deck":["AscendersBane","Strike_B","Strike_B","Strike_B","Strike_B","Defend_B","Defend_B","Defend_B","Defend_B","Zap","Dualcast","Multi-Cast","BootSequence","Sweeping Beam","Coolheaded","Doom and Gloom+1","Conserve Battery","Redo+1","Reboot","Rebound","Core Surge","Go for the Eyes"],"special_seed":0,"relics":["Cracked Core","ClockworkSouvenir","Matryoshka","Singing Bowl","Bag of Marbles","Question Card","Lantern","Sundial","Coffee Dripper"],"potions_floor_usage":[8,16,16],"damage_taken":[{"damage":2,"enemies":"Jaw Worm","floor":1,"turns":3},{"damage":1,"enemies":"Cultist","floor":4,"turns":3},{"damage":0,"enemies":"Small Slimes","floor":5,"turns":3},{"damage":16,"enemies":"Gremlin Nob","floor":7,"turns":4},{"damage":6,"enemies":"Gremlin Gang","floor":8,"turns":4},{"damage":20,"enemies":"Lagavulin","floor":10,"turns":6},{"damage":8,"enemies":"3 Sentries","floor":13,"turns":4},{"damage":4,"enemies":"2 Fungi Beasts","floor":14,"turns":4},{"damage":11,"enemies":"Hexaghost","floor":16,"turns":9},{"damage":13,"enemies":"Spheric Guardian","floor":18,"turns":4},{"damage":6,"enemies":"Shell Parasite","floor":19,"turns":5},{"damage":9,"enemies":"Snake Plant","floor":20,"turns":3},{"damage":36,"enemies":"Centurion and Healer","floor":21,"turns":4}],"seed_played":"975048782688760247","potions_obtained":[{"floor":1,"key":"Fire Potion"},{"floor":10,"key":"Strength Potion"},{"floor":13,"key":"Strength Potion"},{"floor":14,"key":"Weak Potion"},{"floor":16,"key":"LiquidBronze"},{"floor":18,"key":"Ancient Potion"}],"is_trial":false,"path_per_floor":["M","?","$","M","M","R","E","M","T","E","$","R","E","M","R","B",null,"M","M","M","M"],"character_chosen":"DEFECT","items_purchased":["ClockworkSouvenir","Sweeping Beam","Lantern"],"campfire_rested":1,"item_purchase_floors":[3,3,11],"current_hp_per_floor":[62,62,62,61,61,61,45,39,39,21,21,42,34,30,30,19,60,49,43,36,0],"gold":207,"neow_bonus":"ONE_RANDOM_RARE_CARD","is_prod":false,"is_daily":false,"chose_seed":false,"campfire_upgraded":2,"win_rate":0,"timestamp":1564864217,"path_taken":["M","?","$","?","M","R","E","M","T","E","?","R","E","M","R","BOSS","M","?","M","M"],"build_version":"2019-07-17","purchased_purges":1,"victory":false,"max_hp_per_floor":[71,71,71,71,71,71,71,71,71,73,73,73,73,73,73,73,73,75,75,77,77],"card_choices":[{"not_picked":["Hello World","Steam"],"picked":"BootSequence","floor":1},{"not_picked":["Gash","Leap"],"picked":"Coolheaded","floor":4},{"not_picked":["Beam Cell","Barrage"],"picked":"Doom and Gloom","floor":5},{"not_picked":["FTL","Chaos"],"picked":"Conserve Battery","floor":7},{"not_picked":["Self Repair","Hello World"],"picked":"Redo","floor":8},{"not_picked":["Streamline","Conserve Battery","Tempest"],"picked":"Singing Bowl","floor":10},{"not_picked":["Aggregate","Rebound","Steam"],"picked":"Reboot","floor":13},{"not_picked":["Conserve Battery","Gash","Self Repair"],"picked":"Rebound","floor":14},{"not_picked":["Rainbow","Thunder Strike","Meteor Strike"],"picked":"Core Surge","floor":16},{"not_picked":["Force Field","Conserve Battery","White Noise","Coolheaded"],"picked":"Singing Bowl","floor":18},{"not_picked":["Reinforced Body","Streamline","Ball Lightning"],"picked":"Go for the Eyes","floor":19},{"not_picked":["Fusion","Streamline","Stack","Rebound"],"picked":"Singing Bowl","floor":20}],"player_experience":1687442,"relics_obtained":[{"floor":7,"key":"Matryoshka"},{"floor":9,"key":"Singing Bowl"},{"floor":9,"key":"Bag of Marbles"},{"floor":10,"key":"Question Card"},{"floor":13,"key":"Sundial"}],"event_choices":[{"damage_healed":0,"gold_gain":275,"player_choice":"Desecrate","damage_taken":0,"max_hp_gain":0,"max_hp_loss":0,"event_name":"Golden Shrine","floor":2,"gold_loss":0,"cards_obtained":["Regret"]}],"is_beta":false,"boss_relics":[{"not_picked":["Runic Pyramid","Empty Cage"],"picked":"Coffee Dripper"}],"items_purged_floors":[3],"is_endless":false,"potions_floor_spawned":[1,10,13,14,16,18],"killed_by":"Centurion and Healer","ascension_level":20}