{"gold_per_floor":[215,231,62,78,78,103,103,119,119,129,129,129,129,146,146,243,243,256,256,268,85,85,85,119,119],"floor_reached":25,"playtime":1107,"items_purged":["Strike_R"],"score":323,"play_id":"0d2d81cc-5058-4c1d-a410-6dbb3b3b44eb","local_time":"20180801203148","is_ascension_mode":true,"campfire_choices":[{"data":"Feel No Pain","floor":7,"key":"SMITH"},{"data":"True Grit","floor":11,"key":"SMITH"},{"data":"True Grit","floor":13,"key":"SMITH"},{"floor":15,"key":"REST"},{"data":"Dark Embrace","floor":23,"key":"SMITH"}],"neow_cost":"NONE","seed_source_timestamp":1818848410230486,"circlet_count":0,"master_deck":["Defend_R","Defend_R","Defend_R","Defend_R","Bash","Pommel Strike","Feel No Pain+1","True Grit+1","Havoc","Pommel Strike","Infernal Blade","Warcry","True Grit+1","Juggernaut","Dark Embrace+1","Body Slam","Bite","Bite","Bite","Bite","Bite","Thinking Ahead","Shrug It Off"],"relics":["Burning Blood","Dodecahedron","Paper Frog","Bird Faced Urn","Sozu","Meat on the Bone"],"potions_floor_usage":[6,8,16,16,16,18],"damage_taken":[{"damage":10,"enemies":"Small Slimes","floor":1,"turns":4},{"damage":1,"enemies":"Cultist","floor":2,"turns":3},{"damage":3,"enemies":"Jaw Worm","floor":4,"turns":5},{"damage":43,"enemies":"Lagavulin","floor":6,"turns":8},{"damage":11,"enemies":"Exordium Wildlife","floor":8,"turns":5},{"damage":2,"enemies":"2 Fungi Beasts","floor":10,"turns":4},{"damage":3,"enemies":"Blue Slaver","floor":14,"turns":4},{"damage":20,"enemies":"The Guardian","floor":16,"turns":10},{"damage":37,"enemies":"3 Byrds","floor":18,"turns":6},{"damage":19,"enemies":"Spheric Guardian","floor":20,"turns":4},{"damage":42,"enemies":"Book of Stabbing","floor":24,"turns":6},{"damage":38,"enemies":"Snecko","floor":25,"turns":5}],"seed_played":"-8151109008447371785","potions_obtained":[{"floor":4,"key":"AttackPotion"},{"floor":5,"key":"Dexterity Potion"},{"floor":5,"key":"Poison Potion"},{"floor":6,"key":"Explosive Potion"},{"floor":10,"key":"Swift Potion"},{"floor":14,"key":"Energy Potion"},{"floor":16,"key":"SkillPotion"}],"is_trial":false,"path_per_floor":["M","M","$","M","?","E","R","M","T","M","R","T","R","M","R","B",null,"M","?","M","$","?","R","E"],"character_chosen":"IRONCLAD","items_purchased":["True Grit","Havoc","Thinking Ahead"],"campfire_rested":1,"item_purchase_floors":[3,3,21],"current_hp_per_floor":[68,73,73,76,76,39,39,34,34,38,38,38,38,43,67,57,74,49,49,45,45,36,36,18,0],"gold":119,"neow_bonus":"HUNDRED_GOLD","is_prod":false,"is_daily":false,"chose_seed":false,"campfire_upgraded":4,"win_rate":0,"timestamp":1533169908,"path_taken":["M","M","$","M","?","E","R","M","T","M","R","?","R","M","R","BOSS","M","?","M","$","?","R","E","M"],"build_version":"2018-07-26","purchased_purges":1,"victory":false,"max_hp_per_floor":[80,80,80,80,80,80,80,80,80,80,80,80,80,80,80,80,80,80,56,56,56,61,61,61,61],"card_choices":[{"not_picked":["Thunderclap","Heavy Blade"],"picked":"Pommel Strike","floor":1},{"not_picked":["Anger","Havoc"],"picked":"Feel No Pain","floor":2},{"not_picked":["Heavy Blade","Anger"],"picked":"Pommel Strike","floor":4},{"not_picked":["True Grit","Rupture"],"picked":"Infernal Blade","floor":6},{"not_picked":["Pommel Strike","Thunderclap"],"picked":"Warcry","floor":8},{"not_picked":["Whirlwind","Entrench"],"picked":"True Grit","floor":10},{"not_picked":["Thunderclap","Body Slam"],"picked":"Juggernaut","floor":14},{"not_picked":["Barricade","Offering"],"picked":"Dark Embrace","floor":16},{"not_picked":["Carnage","Thunderclap"],"picked":"Body Slam","floor":18},{"not_picked":["Anger","Whirlwind","Clothesline"],"picked":"SKIP","floor":20},{"not_picked":["Armaments","Warcry"],"picked":"Shrug It Off","floor":24}],"player_experience":342152,"relics_obtained":[{"floor":6,"key":"Dodecahedron"},{"floor":9,"key":"Paper Frog"},{"floor":12,"key":"Bird Faced Urn"},{"floor":24,"key":"Meat on the Bone"}],"event_choices":[{"event_name":"The Lab","player_choice":"Got Potions","floor":5,"damage_taken":0},{"event_name":"Vampires","player_choice":"Became a vampire","floor":19,"damage_taken":0},{"event_name":"Forgotten Altar","player_choice":"Shed Blood","floor":22,"damage_taken":0}],"is_beta":false,"boss_relics":[{"not_picked":["Velvet Choker","Runic Pyramid"],"picked":"Sozu"}],"items_purged_floors":[3],"is_endless":false,"potions_floor_spawned":[4,6,10,14,16],"killed_by":"Snecko","ascension_level":7}