{"path_per_floor":["M","M","M","M","?","E","R","M","T","M","M","M","M","M","R"],"character_chosen":"THE_SILENT","items_purchased":[],"gold_per_floor":[116,127,138,151,151,184,184,205,205,225,240,259,273,292,292,292],"floor_reached":16,"campfire_rested":0,"playtime":1352,"current_hp_per_floor":[68,68,68,52,52,44,44,44,44,40,35,35,35,35,35,0],"items_purged":[],"gold":292,"score":121,"play_id":"ed717a6f-531f-4c7f-ac9b-748c7bd1c2fd","local_time":"20180323132300","is_prod":false,"is_daily":false,"is_ascension_mode":true,"campfire_upgraded":2,"timestamp":1521825780,"path_taken":["M","M","M","M","?","E","R","M","T","M","M","?","M","M","R","BOSS"],"build_version":"2018-03-22","purchased_purges":0,"victory":false,"master_deck":["Defend_G","Defend_G","Defend_G","Defend_G","Defend_G","Strike_G","Strike_G","Strike_G","Strike_G","Strike_G","Survivor","Neutralize","Choke+1","Prepared","Slice+1","Well Laid Plans","Prepared","Outmaneuver","Underhanded Strike","Calculated Gamble","Deflect","Prepared"],"max_hp_per_floor":[70,70,70,70,65,65,65,65,65,65,65,65,65,65,65,65],"relics":["Ring of the Snake","Golden Idol","Matryoshka","Lantern","Ice Cream"],"card_choices":[{"not_picked":["Acrobatics","Deadly Poison"],"picked":"Choke","floor":1},{"not_picked":["Flying Knee","Accuracy"],"picked":"Prepared","floor":2},{"not_picked":["Bane","Unload"],"picked":"Slice","floor":3},{"not_picked":["Predator","Expertise"],"picked":"Well Laid Plans","floor":4},{"not_picked":["Bane","Flying Knee"],"picked":"Prepared","floor":6},{"not_picked":["Catalyst","PiercingWail"],"picked":"Outmaneuver","floor":8},{"not_picked":["Dash","Envenom"],"picked":"Underhanded Strike","floor":10},{"not_picked":["Prepared","Dodge and Roll"],"picked":"Calculated Gamble","floor":11},{"not_picked":["Quick Slash","Backflip"],"picked":"Deflect","floor":13},{"not_picked":["Deadly Poison","Poisoned Stab"],"picked":"Prepared","floor":14}],"player_experience":74717,"potions_floor_usage":[6,8,16,16],"damage_taken":[{"damage":2,"enemies":"Jaw Worm","floor":1,"turns":5},{"damage":0,"enemies":"Cultist","floor":2,"turns":3},{"damage":0,"enemies":"Small Slimes","floor":3,"turns":4},{"damage":16,"enemies":"Exordium Wildlife","floor":4,"turns":6},{"damage":23,"enemies":"3 Sentries","floor":6,"turns":9},{"damage":0,"enemies":"Gremlin Gang","floor":8,"turns":5},{"damage":4,"enemies":"3 Louse","floor":10,"turns":3},{"damage":5,"enemies":"Exordium Thugs","floor":11,"turns":5},{"damage":0,"enemies":"Large Slime","floor":12,"turns":4},{"damage":0,"enemies":"Exordium Wildlife","floor":13,"turns":3},{"damage":0,"enemies":"Red Slaver","floor":14,"turns":3},{"damage":35,"enemies":"Hexaghost","floor":16,"turns":11}],"event_choices":[{"event_name":"Golden Idol","player_choice":"Lose Max HP","floor":5,"damage_taken":0}],"boss_relics":[],"potions_floor_spawned":[1,6,10,13],"seed_played":"5280003747512452009","killed_by":"Hexaghost","ascension_level":2,"is_trial":false}