{"gold_per_floor":[119,119,119,44,57,93,93,119,143,166,209,223,259,275,275,370,370,384,400,144,144,168,168,211,211,211,211,211,250,275,318,318,413,413,433,452,452,471,804,804,834,834,834,865,884,884,515,22,22,22],"floor_reached":51,"playtime":2233,"items_purged":["Injury","Strike_R"],"score":1398,"play_id":"ffe76085-de28-4a5c-a9fa-b456d42b0824","local_time":"20190529040931","is_ascension_mode":true,"campfire_choices":[{"data":"Cleave","floor":7,"key":"SMITH"},{"data":"Sword Boomerang","floor":15,"key":"SMITH"},{"floor":23,"key":"REST"},{"floor":25,"key":"REST"},{"floor":32,"key":"REST"},{"floor":40,"key":"REST"},{"floor":42,"key":"REST"},{"data":"Demon Form","floor":46,"key":"SMITH"},{"data":"Flame Barrier","floor":49,"key":"SMITH"}],"neow_cost":"NONE","seed_source_timestamp":804084411357905,"circlet_count":0,"master_deck":["AscendersBane","Strike_R+1","Strike_R+1","Strike_R+1","Strike_R+1","Defend_R+1","Defend_R+1","Defend_R+1","Defend_R+1","Bash","Flex","Cleave+1","Dropkick","Sword Boomerang+1","Reckless Charge","Headbutt","Pummel","Demon Form+1","Shockwave","Ghostly Armor+1","Twin Strike","Anger","Flex","RitualDagger","Shrug It Off","Brutality+1","Metallicize+1","Anger","Thunderclap","Corruption+1","Flame Barrier+1","Rage","Dark Shackles"],"relics":["Burning Blood","NeowsBlessing","Shuriken","Boot","PreservedInsect","Omamori","Dream Catcher","Lizard Tail","Bronze Scales","Lantern","Letter Opener","Mango","Frozen Egg 2","Runic Cube","Calipers","Centennial Puzzle","Art of War","Membership Card","Pantograph","Paper Frog"],"potions_floor_usage":[11,12,18,18,24,29,36,41,44],"damage_taken":[{"damage":0,"enemies":"Jaw Worm","floor":1,"turns":1},{"damage":0,"enemies":"Small Slimes","floor":5,"turns":1},{"damage":0,"enemies":"3 Sentries","floor":6,"turns":2},{"damage":2,"enemies":"2 Louse","floor":10,"turns":3},{"damage":10,"enemies":"Gremlin Nob","floor":11,"turns":3},{"damage":7,"enemies":"Exordium Wildlife","floor":12,"turns":3},{"damage":10,"enemies":"3 Sentries","floor":13,"turns":3},{"damage":11,"enemies":"Looter","floor":14,"turns":2},{"damage":2,"enemies":"Slime Boss","floor":16,"turns":7},{"damage":25,"enemies":"Shell Parasite","floor":18,"turns":4},{"damage":28,"enemies":"Spheric Guardian","floor":19,"turns":4},{"damage":12,"enemies":"Chosen and Byrds","floor":22,"turns":5},{"damage":19,"enemies":"Book of Stabbing","floor":24,"turns":4},{"damage":7,"enemies":"Slavers","floor":29,"turns":3},{"damage":15,"enemies":"Centurion and Healer","floor":30,"turns":4},{"damage":27,"enemies":"Book of Stabbing","floor":31,"turns":3},{"damage":81,"enemies":"Champ","floor":33,"turns":10},{"damage":5,"enemies":"Orb Walker","floor":35,"turns":3},{"damage":4,"enemies":"3 Shapes","floor":36,"turns":4},{"damage":41,"enemies":"Jaw Worm Horde","floor":38,"turns":5},{"damage":46,"enemies":"Reptomancer","floor":41,"turns":6},{"damage":43,"enemies":"Nemesis","floor":44,"turns":5},{"damage":23,"enemies":"Sphere and 2 Shapes","floor":45,"turns":5},{"damage":49,"enemies":"Time Eater","floor":50,"turns":6}],"seed_played":"3186353138596592334","potions_obtained":[{"floor":10,"key":"Swift Potion"},{"floor":11,"key":"Energy Potion"},{"floor":13,"key":"LiquidBronze"},{"floor":14,"key":"Swift Potion"},{"floor":16,"key":"SkillPotion"},{"floor":22,"key":"Block Potion"},{"floor":24,"key":"Strength Potion"},{"floor":29,"key":"Explosive Potion"},{"floor":38,"key":"EssenceOfSteel"},{"floor":41,"key":"Explosive Potion"}],"is_trial":false,"path_per_floor":["M","?","?","$","M","E","R","T","T","M","E","M","E","M","R","B",null,"M","M","$","?","M","R","E","R","T","?","?","E","M","E","R","B",null,"M","M","?","M","?","R","E","R","T","E","M","R","$","$","R","B",null],"character_chosen":"IRONCLAD","items_purchased":["Bronze Scales","Corruption+1","Flame Barrier","Rage","Art of War","Membership Card","Pantograph","Paper Frog","Dark Shackles"],"campfire_rested":5,"item_purchase_floors":[20,47,47,47,47,48,48,48,48],"current_hp_per_floor":[74,74,79,79,80,80,80,80,80,80,76,75,71,66,66,70,78,59,37,37,37,31,55,42,66,66,60,76,89,80,59,87,12,74,75,77,77,42,42,70,30,58,58,21,53,53,53,53,53,35],"gold":22,"neow_bonus":"THREE_ENEMY_KILL","is_prod":false,"is_daily":false,"chose_seed":false,"campfire_upgraded":4,"win_rate":0,"timestamp":1559117371,"path_taken":["M","?","?","$","M","E","R","?","T","M","E","M","E","M","R","BOSS","M","M","$","?","M","R","E","R","T","?","?","E","M","E","R","BOSS","M","M","?","M","?","R","E","R","T","E","M","R","?","$","R","BOSS"],"build_version":"2019-01-23","purchased_purges":2,"victory":true,"max_hp_per_floor":[75,75,80,80,80,80,80,80,80,80,80,80,80,80,80,80,80,80,80,80,80,80,80,80,80,80,80,80,94,94,94,94,94,94,94,94,94,94,94,94,94,94,94,94,94,94,94,94,94,94],"card_choices":[{"not_picked":["Sentinel","Power Through"],"picked":"Flex","floor":1},{"not_picked":["Inflame","Sword Boomerang"],"picked":"Cleave","floor":5},{"not_picked":["Cleave","Anger"],"picked":"Dropkick","floor":6},{"not_picked":["Clothesline","Flex"],"picked":"Sword Boomerang","floor":10},{"not_picked":["Demon Form","Evolve"],"picked":"Reckless Charge","floor":11},{"not_picked":["Anger","Cleave"],"picked":"Headbutt","floor":12},{"not_picked":["Twin Strike","Combust"],"picked":"Pummel","floor":13},{"not_picked":["Headbutt","Warcry","Blood for Blood"],"picked":"SKIP","floor":14},{"not_picked":["Dark Embrace","Exhume"],"picked":"Demon Form","floor":16},{"not_picked":["Infernal Blade","Headbutt"],"picked":"Shockwave","floor":18},{"not_picked":["Heavy Blade","Perfected Strike"],"picked":"Ghostly Armor+1","floor":19},{"not_picked":["Warcry","True Grit"],"picked":"Twin Strike","floor":22},{"not_picked":["Inflame","Hemokinesis"],"picked":"Anger","floor":23},{"not_picked":["Twin Strike","Armaments"],"picked":"Flex","floor":24},{"not_picked":["Metallicize","Anger"],"picked":"Pummel","floor":25},{"not_picked":["Body Slam","Hemokinesis","Wild Strike"],"picked":"SKIP","floor":29},{"not_picked":["True Grit","Iron Wave","Shockwave+1"],"picked":"SKIP","floor":30},{"not_picked":["Headbutt","Burning Pact"],"picked":"Shrug It Off","floor":31},{"not_picked":["Demon Form+1","Fiend Fire"],"picked":"Brutality+1","floor":33},{"not_picked":["Sword Boomerang+1","Pommel Strike+1","Shrug It Off"],"picked":"SKIP","floor":35},{"not_picked":["Power Through+1","Body Slam"],"picked":"Metallicize+1","floor":36},{"not_picked":["Warcry","Perfected Strike"],"picked":"Anger","floor":38},{"not_picked":["Body Slam","Immolate","Headbutt"],"picked":"SKIP","floor":41},{"not_picked":["Pommel Strike","Flex"],"picked":"Thunderclap","floor":44},{"not_picked":["Berserk+1","Cleave+1","Warcry"],"picked":"SKIP","floor":45}],"player_experience":1547119,"relics_obtained":[{"floor":6,"key":"Shuriken"},{"floor":8,"key":"Boot"},{"floor":9,"key":"PreservedInsect"},{"floor":11,"key":"Omamori"},{"floor":13,"key":"Dream Catcher"},{"floor":24,"key":"Lantern"},{"floor":26,"key":"Letter Opener"},{"floor":29,"key":"Mango"},{"floor":31,"key":"Frozen Egg 2"},{"floor":41,"key":"Calipers"},{"floor":44,"key":"Centennial Puzzle"}],"event_choices":[{"damage_healed":0,"gold_gain":0,"player_choice":"Take Wound","damage_taken":0,"relics_obtained":["Golden Idol"],"max_hp_gain":0,"max_hp_loss":0,"event_name":"Golden Idol","floor":2,"gold_loss":0,"cards_obtained":["Injury"]},{"damage_healed":0,"gold_gain":0,"player_choice":"Donut","damage_taken":0,"max_hp_gain":5,"max_hp_loss":0,"event_name":"Big Fish","floor":3,"gold_loss":0},{"damage_healed":0,"gold_gain":0,"player_choice":"Simplicity","damage_taken":0,"max_hp_gain":0,"max_hp_loss":0,"event_name":"Back to Basics","floor":21,"gold_loss":0,"cards_upgraded":["Strike_R","Strike_R","Strike_R","Strike_R","Defend_R","Defend_R","Defend_R","Defend_R"]},{"damage_healed":0,"gold_gain":0,"player_choice":"Joined the Cult","damage_taken":6,"max_hp_gain":0,"max_hp_loss":0,"event_name":"Nest","floor":27,"gold_loss":0,"cards_obtained":["RitualDagger"]},{"damage_healed":16,"gold_gain":0,"player_choice":"Heal","damage_taken":0,"max_hp_gain":0,"max_hp_loss":0,"event_name":"The Library","floor":28,"gold_loss":0},{"cards_removed":["Pummel"],"damage_healed":0,"gold_gain":0,"player_choice":"Removed Attack","damage_taken":0,"max_hp_gain":0,"max_hp_loss":0,"event_name":"Falling","floor":37,"gold_loss":0},{"damage_healed":0,"gold_gain":333,"player_choice":"Gave Idol","damage_taken":0,"max_hp_gain":0,"max_hp_loss":0,"event_name":"The Moai Head","floor":39,"relics_lost":["Golden Idol"],"gold_loss":0}],"is_beta":false,"boss_relics":[{"not_picked":["Snecko Eye","Runic Dome"],"picked":"Lizard Tail"},{"not_picked":["Orrery","Pandora\u0027s Box"],"picked":"Runic Cube"}],"items_purged_floors":[4,20],"is_endless":false,"potions_floor_spawned":[10,11,13,14,16,22,24,29,38,41],"ascension_level":15}