{"gold_per_floor":[110,130,130,130,17,52,52,71,71,104,120,131,144,169,169,169],"floor_reached":16,"playtime":865,"items_purged":[],"score":244,"play_id":"3ef01597-03cc-40d5-8d20-4bad241693b7","local_time":"20190806132247","is_ascension_mode":true,"campfire_choices":[{"floor":7.0,"key":"REST"},{"floor":15,"key":"REST"}],"neow_cost":"NONE","seed_source_timestamp":856268815034358,"circlet_count":0,"master_deck":["AscendersBane","Strike_B","Strike_B","Strike_B","Strike_B","Defend_B","Defend_B","Defend_B","Defend_B","Zap","Dualcast","Scrape","Compile Driver","Loop","Streamline","Machine Learning","Go for the Eyes","Cold Snap","All For One","Beam Cell","Chill"],"special_seed":0,"relics":["Cracked Core","Dodecahedron","Ornamental Fan","Bronze Scales","Matryoshka"],"potions_floor_usage":[13,14],"damage_taken":[{"damage":4.0,"enemies":"Jaw Worm","floor":1.0,"turns":4.0},{"damage":0.0,"enemies":"2 Louse","floor":2.0,"turns":4.0},{"damage":35.0,"enemies":"Lagavulin","floor":6.0,"turns":7.0},{"damage":1.0,"enemies":"Cultist","floor":8.0,"turns":3.0},{"damage":16.0,"enemies":"Gremlin Nob","floor":10.0,"turns":4.0},{"damage":1.0,"enemies":"Large Slime","floor":11.0,"turns":5.0},{"damage":0.0,"enemies":"2 Fungi Beasts","floor":12.0,"turns":3.0},{"damage":4,"enemies":"Exordium Thugs","floor":13,"turns":3},{"damage":4,"enemies":"Lagavulin","floor":14,"turns":7},{"damage":34,"enemies":"The Guardian","floor":16,"turns":9}],"seed_played":"8004073691161102269","potions_obtained":[{"floor":0.0,"key":"SteroidPotion"},{"floor":0.0,"key":"EntropicBrew"},{"floor":8.0,"key":"SpeedPotion"},{"floor":10.0,"key":"Strength Potion"},{"floor":13,"key":"Swift Potion"}],"is_trial":false,"path_per_floor":["M","M","?","?","$","E","R","M","T","E","M","M","M","E","R","B"],"character_chosen":"DEFECT","items_purchased":["Loop","Streamline"],"campfire_rested":2,"item_purchase_floors":[5,5],"current_hp_per_floor":[60,60,60,53,53,18,39,38,38,22,21,21,17,13,34,0],"gold":169,"neow_bonus":"THREE_SMALL_POTIONS","is_prod":false,"is_daily":false,"chose_seed":false,"campfire_upgraded":0,"win_rate":0,"timestamp":1565112167,"path_taken":["M","M","?","?","?","E","R","M","T","E","M","M","M","E","R","BOSS"],"build_version":"2019-07-17","purchased_purges":0,"victory":false,"max_hp_per_floor":[71,71,71,71,71,71,71,71,71,71,71,71,71,71,71,71],"card_choices":[{"not_picked":["Leap","Heatsinks"],"picked":"Scrape","floor":1.0},{"not_picked":["Aggregate","Barrage"],"picked":"Compile Driver","floor":2.0},{"not_picked":["Loop","Fusion"],"picked":"Machine Learning","floor":6.0},{"not_picked":["Stack","Gash"],"picked":"Go for the Eyes","floor":8.0},{"not_picked":["Tempest","Leap"],"picked":"Cold Snap","floor":10.0},{"not_picked":["Compile Driver","Streamline"],"picked":"All For One","floor":11.0},{"not_picked":["Coolheaded","Darkness"],"picked":"Beam Cell","floor":12.0},{"not_picked":["Sweeping Beam","Beam Cell"],"picked":"Chill","floor":13},{"not_picked":["Reprogram","Melter","Fusion"],"picked":"SKIP","floor":14}],"player_experience":1719357,"relics_obtained":[{"floor":6.0,"key":"Ornamental Fan"},{"floor":9.0,"key":"Bronze Scales"},{"floor":10.0,"key":"Matryoshka"}],"event_choices":[{"damage_healed":0.0,"max_hp_gain":0.0,"max_hp_loss":0.0,"gold_gain":0.0,"event_name":"Big Fish","player_choice":"Box","floor":3.0,"gold_loss":0.0,"damage_taken":0.0,"relics_obtained":["Dodecahedron"],"cards_obtained":["Regret"]},{"cards_removed":["Regret"],"damage_healed":0.0,"max_hp_gain":0.0,"max_hp_loss":0.0,"gold_gain":0.0,"event_name":"Golden Wing","player_choice":"Card Removal","floor":4.0,"gold_loss":0.0,"damage_taken":7.0}],"is_beta":false,"boss_relics":[],"items_purged_floors":[],"is_endless":false,"potions_floor_spawned":[2,8,10,13],"killed_by":"The Guardian","ascension_level":20}