{"gold_per_floor":[115,126,126,106,124,124,153,171,224,224,6,42,71,25,25,124,124,135,154,11,11,60,60,92,92,115,115,125,125,156,156],"floor_reached":31,"playtime":1482,"items_purged":["Strike_P"],"score":346,"play_id":"b811b658-1c14-4745-81da-0031c5ca7093","local_time":"20190910212941","is_ascension_mode":true,"campfire_choices":[{"data":"Eruption","floor":6.0,"key":"SMITH"},{"data":"WaveOfTheHand","floor":10.0,"key":"SMITH"},{"floor":15.0,"key":"REST"},{"data":"ReachHeaven","floor":23,"key":"SMITH"},{"data":"ForeignInfluence","floor":25,"key":"SMITH"},{"data":"ClearTheMind","floor":27,"key":"SMITH"}],"neow_cost":"NONE","seed_source_timestamp":11196362378651,"circlet_count":0,"master_deck":["Defend_P","Defend_P","Defend_P","Defend_P","Eruption+1","Vigilance","FollowUp","Sanctity","Halt","EmptyFist","WaveOfTheHand+1","ForeignInfluence+1","ClearTheMind+1","ThirdEye","ReachHeaven+1","Worship+1","FearNoEvil","Bite","Bite","Bite","Bite","Bite","Meditate","FlyingSleeves+1","Decay","MasterReality"],"special_seed":0,"relics":["PureWater","Pen Nib","Bronze Scales","Tiny Chest","Strawberry","InkBottle","Snecko Eye","Smiling Mask","Melange","Dream Catcher","The Courier"],"potions_floor_usage":[24,30],"damage_taken":[{"damage":6.0,"enemies":"2 Louse","floor":1.0,"turns":3.0},{"damage":7.0,"enemies":"Cultist","floor":2.0,"turns":3.0},{"damage":0.0,"enemies":"Jaw Worm","floor":5.0,"turns":1.0},{"damage":28.0,"enemies":"Lagavulin","floor":7.0,"turns":4.0},{"damage":9.0,"enemies":"Exordium Thugs","floor":8.0,"turns":4.0},{"damage":14.0,"enemies":"Lots of Slimes","floor":12.0,"turns":4.0},{"damage":10.0,"enemies":"Gremlin Nob","floor":13.0,"turns":4.0},{"damage":12.0,"enemies":"Hexaghost","floor":16.0,"turns":7.0},{"damage":19,"enemies":"2 Thieves","floor":18,"turns":4},{"damage":0,"enemies":"3 Byrds","floor":19,"turns":3},{"damage":21,"enemies":"Gremlin Leader","floor":24,"turns":5},{"damage":4,"enemies":"Snecko","floor":28,"turns":4},{"damage":36,"enemies":"Slavers","floor":30,"turns":6},{"damage":23,"enemies":"Snake Plant","floor":31,"turns":2}],"seed_played":"6481505313413149890","potions_obtained":[{"floor":2.0,"key":"Fire Potion"},{"floor":4.0,"key":"Dexterity Potion"},{"floor":5.0,"key":"Weak Potion"},{"floor":12.0,"key":"Weak Potion"},{"floor":13.0,"key":"LiquidBronze"},{"floor":16.0,"key":"EssenceOfSteel"},{"floor":18,"key":"Explosive Potion"},{"floor":30,"key":"Explosive Potion"}],"is_trial":false,"path_per_floor":["M","M","?","?","M","R","E","M","T","R","$","M","E","$","R","B",null,"M","M","$","?","T","R","E","R","T","R","M","?","E","M"],"character_chosen":"WATCHER","items_purchased":["ForeignInfluence","Strawberry","ThirdEye","FearNoEvil"],"campfire_rested":1,"item_purchase_floors":[11,11,14,20],"current_hp_per_floor":[65,58,55,55,55,55,27,18,18,18,25,11,1,1,24,12,78,59,59,59,54,54,54,43,43,43,43,45,45,21,0],"gold":156,"neow_bonus":"TEN_PERCENT_HP_BONUS","is_prod":false,"is_daily":false,"chose_seed":false,"campfire_upgraded":5,"win_rate":0,"timestamp":1568114981,"path_taken":["M","M","?","?","?","R","E","M","T","R","?","M","E","?","R","BOSS","M","M","$","?","?","R","E","R","T","R","?","?","E","M"],"build_version":"2019-09-09v2","purchased_purges":1,"victory":false,"max_hp_per_floor":[71,71,71,71,71,71,71,71,71,71,78,78,78,78,78,78,78,78,78,78,54,54,54,54,54,54,54,54,54,54,54],"card_choices":[{"not_picked":["EmptyFist","CrushJoints"],"picked":"FollowUp","floor":1.0},{"not_picked":["EmptyFist","FlurryOfBlows"],"picked":"Sanctity","floor":2.0},{"not_picked":["Swivel","JustLucky"],"picked":"Halt","floor":5.0},{"not_picked":["Protect","Swivel"],"picked":"EmptyFist","floor":7.0},{"not_picked":["Protect","FlyingSleeves"],"picked":"WaveOfTheHand","floor":8.0},{"not_picked":["Scrawl","Halt"],"picked":"ClearTheMind","floor":12.0},{"not_picked":["Weave","Halt","ForeignInfluence"],"picked":"SKIP","floor":13.0},{"not_picked":["Alpha","SignatureMove"],"picked":"ReachHeaven","floor":16.0},{"not_picked":["InnerPeace","JustLucky"],"picked":"Worship+1","floor":18},{"not_picked":["Halt","Weave","FlyingSleeves"],"picked":"SKIP","floor":19},{"not_picked":["Weave","EmptyMind+1"],"picked":"Meditate","floor":24},{"not_picked":["StepAndStrike","EmptyBody+1"],"picked":"FlyingSleeves+1","floor":28},{"not_picked":["CrushJoints","WindmillStrike"],"picked":"MasterReality","floor":30}],"player_experience":1280304,"relics_obtained":[{"floor":7.0,"key":"Bronze Scales"},{"floor":9.0,"key":"Tiny Chest"},{"floor":13.0,"key":"InkBottle"},{"floor":22,"key":"Smiling Mask"},{"floor":24,"key":"Melange"},{"floor":26,"key":"Dream Catcher"},{"floor":30,"key":"The Courier"}],"event_choices":[{"damage_healed":0.0,"max_hp_gain":0.0,"max_hp_loss":0.0,"gold_gain":0.0,"event_name":"Scrap Ooze","player_choice":"Success","floor":3.0,"gold_loss":0.0,"damage_taken":3.0,"relics_obtained":["Pen Nib"]},{"damage_healed":0.0,"max_hp_gain":0.0,"max_hp_loss":0.0,"gold_gain":0.0,"event_name":"The Woman in Blue","player_choice":"Bought 1 Potion","floor":4.0,"gold_loss":0.0,"damage_taken":0.0},{"damage_healed":0,"gold_gain":0,"player_choice":"Became a vampire","damage_taken":0,"max_hp_gain":0,"max_hp_loss":24,"event_name":"Vampires","floor":21,"gold_loss":0,"cards_obtained":["Bite","Bite","Bite","Bite","Bite"]},{"damage_healed":0,"gold_gain":0,"player_choice":"Smashed Altar","damage_taken":0,"max_hp_gain":0,"max_hp_loss":0,"event_name":"Forgotten Altar","floor":29,"gold_loss":0,"cards_obtained":["Decay"]}],"is_beta":true,"boss_relics":[{"not_picked":["Coffee Dripper","Black Star"],"picked":"Snecko Eye"}],"items_purged_floors":[20],"is_endless":false,"potions_floor_spawned":[2,5,12,13,16,18,30],"killed_by":"Snake Plant","ascension_level":1}