{"gold_per_floor":[109,122,22,297,311,338,338,364,364,364,375,387,4,15,15,92,92,110,35,35,45,45,45,57,84,84,84,101,120,120,132,132,132],"floor_reached":33,"playtime":1253,"items_purged":["Strike_B","Regret"],"score":488,"play_id":"7a13a8ab-1bf4-4fb5-9985-57e6f08b410c","local_time":"20190727010439","is_ascension_mode":true,"campfire_choices":[{"data":"Zap","floor":7,"key":"SMITH"},{"floor":10,"key":"REST"},{"floor":15,"key":"REST"},{"floor":23,"key":"REST"},{"floor":27,"key":"REST"},{"floor":30,"key":"REST"},{"data":"Defragment","floor":32,"key":"SMITH"}],"neow_cost":"NONE","seed_source_timestamp":32881630826786,"circlet_count":0,"master_deck":["AscendersBane","Strike_B+1","Strike_B+1","Defend_B+1","Defend_B+1","Defend_B+1","Defend_B+1","Zap+1","Dualcast","Tempest","Lockon","Hologram+1","Auto Shields+1","White Noise","Biased Cognition","Self Repair","Ball Lightning+1","Rainbow","Reinforced Body","Electrodynamics","Coolheaded","Cold Snap+1","Defragment+1","Recycle","Compile Driver+1","Lockon+1"],"relics":["Cracked Core","NeowsBlessing","War Paint","Question Card","Molten Egg 2","Snecko Eye","Dodecahedron","Strawberry"],"potions_floor_usage":[6,11,16,28,28,33],"damage_taken":[{"damage":0,"enemies":"Cultist","floor":1,"turns":1},{"damage":0,"enemies":"2 Louse","floor":2,"turns":1},{"damage":0,"enemies":"Jaw Worm","floor":5,"turns":1},{"damage":13,"enemies":"Lagavulin","floor":6,"turns":7},{"damage":50,"enemies":"3 Sentries","floor":8,"turns":12},{"damage":3,"enemies":"Blue Slaver","floor":11,"turns":4},{"damage":0,"enemies":"Exordium Thugs","floor":12,"turns":3},{"damage":13,"enemies":"Large Slime","floor":14,"turns":3},{"damage":19,"enemies":"Hexaghost","floor":16,"turns":9},{"damage":13,"enemies":"3 Byrds","floor":18,"turns":3},{"damage":33,"enemies":"2 Thieves","floor":21,"turns":3},{"damage":0,"enemies":"Snecko","floor":24,"turns":2},{"damage":41,"enemies":"Slavers","floor":25,"turns":5},{"damage":6,"enemies":"Snake Plant","floor":28,"turns":2},{"damage":4,"enemies":"Cultist and Chosen","floor":29,"turns":4},{"damage":7,"enemies":"Centurion and Healer","floor":31,"turns":3},{"damage":75,"enemies":"Champ","floor":33,"turns":5}],"seed_played":"-7983869453124100519","potions_obtained":[{"floor":2,"key":"Weak Potion"},{"floor":5,"key":"SneckoOil"},{"floor":14,"key":"Strength Potion"},{"floor":16,"key":"Strength Potion"},{"floor":25,"key":"AttackPotion"},{"floor":29,"key":"PowerPotion"}],"is_trial":false,"path_per_floor":["M","M","$","?","M","E","R","E","T","R","M","M","$","M","R","B",null,"M","?","$","M","?","R","M","E","T","R","M","M","R","M","R","B"],"character_chosen":"DEFECT","items_purchased":["Hologram","Ball Lightning+1","Ancient Potion","Rainbow"],"campfire_rested":5,"item_purchase_floors":[3,13,13,13],"current_hp_per_floor":[64,64,64,64,64,51,51,1,1,22,19,19,19,13,34,22,59,46,46,46,20,20,41,48,7,14,37,31,27,50,50,50,0],"gold":132,"neow_bonus":"THREE_ENEMY_KILL","is_prod":false,"is_daily":false,"chose_seed":false,"campfire_upgraded":2,"win_rate":0,"timestamp":1564153479,"path_taken":["M","?","?","?","?","E","R","E","T","R","M","M","$","M","R","BOSS","M","?","$","M","?","R","M","E","T","R","M","M","R","M","R","BOSS"],"build_version":"2019-07-17","purchased_purges":2,"victory":false,"max_hp_per_floor":[71,71,71,71,71,71,71,71,71,71,71,71,71,71,71,71,71,71,71,71,71,71,71,71,71,78,78,78,78,78,78,78,78],"card_choices":[{"not_picked":["Stack","Redo"],"picked":"Tempest","floor":1},{"not_picked":["Rip and Tear","Storm"],"picked":"Lockon","floor":2},{"not_picked":["Turbo","Cold Snap"],"picked":"Auto Shields","floor":5},{"not_picked":["Self Repair","Reprogram"],"picked":"White Noise","floor":6},{"not_picked":["Gash","Leap","Hello World"],"picked":"SKIP","floor":8},{"not_picked":["Rebound+1","Conserve Battery","Fusion"],"picked":"Biased Cognition","floor":11},{"not_picked":["Defragment","Sweeping Beam+1","Redo"],"picked":"Self Repair","floor":12},{"not_picked":["Streamline+1","Lockon+1","Barrage+1"],"picked":"Reinforced Body","floor":14},{"not_picked":["Buffer","Meteor Strike+1","All For One+1"],"picked":"Electrodynamics","floor":16},{"not_picked":["Turbo","Reinforced Body+1","Gash+1","Skim"],"picked":"SKIP","floor":18},{"not_picked":["Reinforced Body","Turbo","Beam Cell+1"],"picked":"Coolheaded","floor":21},{"not_picked":["Hyperbeam+1","BootSequence","Lockon+1"],"picked":"Cold Snap+1","floor":24},{"not_picked":["Cold Snap+1","Hologram","Beam Cell+1"],"picked":"Defragment","floor":25},{"not_picked":["Beam Cell+1","Leap","Blizzard+1"],"picked":"Recycle","floor":28},{"not_picked":["Ball Lightning+1","Gash+1","Conserve Battery"],"picked":"Compile Driver+1","floor":29},{"not_picked":["Go for the Eyes+1","Beam Cell+1","Streamline+1"],"picked":"Lockon+1","floor":31}],"player_experience":1095550,"relics_obtained":[{"floor":6,"key":"War Paint"},{"floor":8,"key":"Question Card"},{"floor":9,"key":"Molten Egg 2"},{"floor":25,"key":"Dodecahedron"},{"floor":26,"key":"Strawberry"}],"event_choices":[{"damage_healed":0,"gold_gain":275,"player_choice":"Desecrate","damage_taken":0,"max_hp_gain":0,"max_hp_loss":0,"event_name":"Golden Shrine","floor":4,"gold_loss":0,"cards_obtained":["Regret"]},{"cards_removed":["Strike_B"],"damage_healed":0,"gold_gain":0,"player_choice":"Gave Gold","damage_taken":0,"max_hp_gain":0,"max_hp_loss":0,"event_name":"Beggar","floor":19,"gold_loss":75},{"damage_healed":0,"gold_gain":0,"player_choice":"Simplicity","damage_taken":0,"max_hp_gain":0,"max_hp_loss":0,"event_name":"Back to Basics","floor":22,"gold_loss":0,"cards_upgraded":["Strike_B","Strike_B","Defend_B","Defend_B","Defend_B","Defend_B"]}],"is_beta":false,"boss_relics":[{"not_picked":["Nuclear Battery","Calling Bell"],"picked":"Snecko Eye"}],"items_purged_floors":[3,13],"is_endless":false,"potions_floor_spawned":[2,5,14,16,25,29],"killed_by":"Champ","ascension_level":15}