{"path_per_floor":["M","M","M","M","?","E","M","M","T","?","M","R","M","?","R","B",null,"M","$","M","?","?","R","M","R","T","?","M","M"],"character_chosen":"THE_SILENT","items_purchased":["Catalyst"],"gold_per_floor":[110,127,145,158,158,184,201,219,219,184,204,204,219,219,219,319,349,359,210,230,155,155,155,168,168,191,191,210,230,230],"floor_reached":30,"campfire_rested":1,"playtime":1860,"current_hp_per_floor":[70,70,66,64,64,52,50,49,49,66,55,55,34,20,41,11,75,62,62,55,55,55,55,45,45,45,45,21,3,0],"items_purged":["Strike_G"],"gold":230,"score":260,"play_id":"9ae6858a-7f7d-4310-a931-b92a1367c8a9","local_time":"20180326192613","is_prod":false,"is_daily":false,"is_ascension_mode":true,"campfire_upgraded":0,"timestamp":1522106773,"path_taken":["M","M","M","M","?","E","M","M","T","?","M","R","M","?","R","BOSS","M","$","M","?","?","R","M","R","T","?","M","?","?"],"build_version":"2018-03-22v2","purchased_purges":1,"victory":false,"master_deck":["Defend_G","Defend_G+1","Strike_G","Strike_G","Strike_G","Survivor","Neutralize","Acrobatics+1","Bane","Backflip+1","Poisoned Stab","Endless Agony","Prepared","Expertise+1","Well Laid Plans","Adrenaline","Poisoned Stab","Catalyst","Noxious Fumes","Poisoned Stab","Deadly Poison","Concentrate+1"],"max_hp_per_floor":[70,70,70,70,70,70,70,70,70,70,70,70,70,70,70,70,75,75,75,75,75,75,75,75,75,75,75,75,75,75],"relics":["Runic Dome","Gambling Chip","Peace Pipe","Tiny House","Vajra"],"card_choices":[{"not_picked":["All Out Attack","Slice"],"picked":"Acrobatics","floor":1},{"not_picked":["Outmaneuver","Well Laid Plans"],"picked":"Bane","floor":2},{"not_picked":["Dagger Spray","Deflect"],"picked":"Backflip","floor":3},{"not_picked":["Backflip","Endless Agony"],"picked":"Poisoned Stab","floor":4},{"not_picked":["Dagger Spray","Setup"],"picked":"Endless Agony","floor":6},{"not_picked":["Sucker Punch","Concentrate"],"picked":"Prepared","floor":7},{"not_picked":["Leg Sweep","Dagger Spray"],"picked":"Expertise","floor":8},{"not_picked":["Prepared","Dodge and Roll"],"picked":"Well Laid Plans","floor":13},{"not_picked":["Glass Knife","Die Die Die"],"picked":"Adrenaline","floor":16},{"not_picked":["Slice","Flechettes"],"picked":"Poisoned Stab","floor":18},{"not_picked":["Riddle With Holes","Sucker Punch"],"picked":"Poisoned Stab","floor":24},{"not_picked":["Dagger Throw","Acrobatics"],"picked":"Deadly Poison","floor":28},{"not_picked":["Dagger Throw","Deadly Poison"],"picked":"Concentrate","floor":29}],"player_experience":93503,"potions_floor_usage":[6,16,16,16,30,30],"damage_taken":[{"damage":0,"enemies":"Cultist","floor":1,"turns":4},{"damage":0,"enemies":"Small Slimes","floor":2,"turns":5},{"damage":4,"enemies":"Jaw Worm","floor":3,"turns":4},{"damage":2,"enemies":"3 Louse","floor":4,"turns":4},{"damage":12,"enemies":"Gremlin Nob","floor":6,"turns":5},{"damage":2,"enemies":"Gremlin Gang","floor":7,"turns":5},{"damage":1,"enemies":"Large Slime","floor":8,"turns":4},{"damage":11,"enemies":"Looter","floor":11,"turns":2},{"damage":21,"enemies":"Exordium Thugs","floor":13,"turns":6},{"damage":30,"enemies":"The Guardian","floor":16,"turns":13},{"damage":13,"enemies":"Shell Parasite","floor":18,"turns":4},{"damage":7,"enemies":"Chosen","floor":20,"turns":3},{"damage":10,"enemies":"Sentry and Sphere","floor":24,"turns":5},{"damage":24,"enemies":"Cultist and Chosen","floor":28,"turns":5},{"damage":18,"enemies":"Snake Plant","floor":29,"turns":3},{"damage":21,"enemies":"Chosen and Byrds","floor":30,"turns":2}],"event_choices":[{"event_name":"Accursed Blacksmith","player_choice":"Forge","floor":5,"damage_taken":0},{"event_name":"The Cleric","player_choice":"Healed","floor":10,"damage_taken":0},{"event_name":"Shining Light","player_choice":"Entered Light","floor":14,"damage_taken":0},{"event_name":"Beggar","player_choice":"Gave Gold","floor":21,"damage_taken":0},{"event_name":"The Library","player_choice":"Read","floor":22,"damage_taken":0},{"event_name":"Vampires","player_choice":"Ignored","floor":27,"damage_taken":0}],"boss_relics":[{"not_picked":["Calling Bell","Cursed Key"],"picked":"Tiny House"}],"potions_floor_spawned":[1,3,7,11,13,29],"seed_played":"-1905705174535698927","killed_by":"Chosen and Byrds","ascension_level":2,"is_trial":false}