{"gold_per_floor":[114,126,145,145,163,163,188,200,226,226,226,226,250,283,283,374,374,390,390,4,4],"floor_reached":21,"playtime":536,"items_purged":[],"score":340,"play_id":"d79a1c3c-dffb-40dd-bb97-3bcf2ac3c7d7","local_time":"20190808011816","is_ascension_mode":true,"campfire_choices":[{"floor":6,"key":"REST"},{"floor":10,"key":"REST"},{"data":"Zap","floor":15,"key":"SMITH"}],"neow_cost":"NONE","seed_source_timestamp":74923876060980,"circlet_count":0,"master_deck":["AscendersBane","Strike_B+1","Defend_B","Defend_B+1","Defend_B","Defend_B","Zap+1","Dualcast","Sweeping Beam","Capacitor","Cold Snap","Ball Lightning","Doom and Gloom+1","Undo","Recycle","Conserve Battery","Thunder Strike+1","Ball Lightning+1","Go for the Eyes+1","Go for the Eyes+1","Tempest","Defragment","Genetic Algorithm+1"],"relics":["Cracked Core","NeowsBlessing","Molten Egg 2","Ancient Tea Set","Golden Idol","Blood Vial","Astrolabe","Toxic Egg 2"],"potions_floor_usage":[7,14,16,16,16,21],"damage_taken":[{"damage":0,"enemies":"2 Louse","floor":1,"turns":1},{"damage":0,"enemies":"Jaw Worm","floor":2,"turns":1},{"damage":0,"enemies":"Cultist","floor":3,"turns":1},{"damage":7,"enemies":"Red Slaver","floor":5,"turns":3},{"damage":19,"enemies":"Lagavulin","floor":7,"turns":5},{"damage":3,"enemies":"Blue Slaver","floor":8,"turns":3},{"damage":5,"enemies":"Large Slime","floor":13,"turns":5},{"damage":11,"enemies":"3 Sentries","floor":14,"turns":6},{"damage":36,"enemies":"Slime Boss","floor":16,"turns":8},{"damage":15,"enemies":"Shell Parasite","floor":18,"turns":6},{"damage":44,"enemies":"3 Byrds","floor":21,"turns":3}],"seed_played":"3067677264349977080","potions_obtained":[{"floor":1,"key":"EntropicBrew"},{"floor":2,"key":"AttackPotion"},{"floor":8,"key":"FocusPotion"},{"floor":16,"key":"Weak Potion"}],"is_trial":false,"path_per_floor":["M","M","M","?","M","R","E","M","T","R","?","?","M","E","R","B",null,"M","?","$","M"],"character_chosen":"DEFECT","items_purchased":["Toxic Egg 2","Defragment","Genetic Algorithm+1"],"campfire_rested":2,"item_purchase_floors":[20,20,20],"current_hp_per_floor":[64,64,64,43,36,57,38,35,35,56,56,56,51,40,40,6,55,42,42,42,0],"gold":4,"neow_bonus":"THREE_ENEMY_KILL","is_prod":false,"is_daily":false,"chose_seed":false,"campfire_upgraded":1,"win_rate":0,"timestamp":1565191096,"path_taken":["M","M","M","?","M","R","E","M","T","R","?","?","M","E","R","BOSS","M","?","?","M"],"build_version":"2019-07-17","purchased_purges":0,"victory":false,"max_hp_per_floor":[71,71,71,71,71,71,71,71,71,71,71,71,71,71,71,71,71,71,71,71,71],"card_choices":[{"not_picked":["Force Field","Rebound"],"picked":"Sweeping Beam","floor":1},{"not_picked":["Steam","Cold Snap"],"picked":"Capacitor","floor":2},{"not_picked":["Static Discharge","Compile Driver"],"picked":"Cold Snap","floor":3},{"not_picked":["Steam","Gash"],"picked":"Ball Lightning","floor":5},{"not_picked":["Reboot","Compile Driver"],"picked":"Doom and Gloom","floor":7},{"not_picked":["Steam","Turbo"],"picked":"Undo","floor":8},{"not_picked":["Darkness","Beam Cell+1"],"picked":"Recycle","floor":13},{"not_picked":["Turbo","Rebound+1"],"picked":"Conserve Battery","floor":14},{"not_picked":["Amplify","Hyperbeam+1"],"picked":"Thunder Strike+1","floor":16},{"not_picked":["Steam","Rebound+1"],"picked":"Tempest","floor":18}],"player_experience":1163485,"relics_obtained":[{"floor":7,"key":"Molten Egg 2"},{"floor":9,"key":"Ancient Tea Set"},{"floor":14,"key":"Blood Vial"}],"event_choices":[{"damage_healed":0,"gold_gain":0,"player_choice":"Entered Light","damage_taken":21,"max_hp_gain":0,"max_hp_loss":0,"event_name":"Shining Light","floor":4,"gold_loss":0,"cards_upgraded":["Strike_B","Defend_B"]},{"damage_healed":0,"gold_gain":0,"player_choice":"Take Wound","damage_taken":0,"relics_obtained":["Golden Idol"],"max_hp_gain":0,"max_hp_loss":0,"event_name":"Golden Idol","floor":11,"gold_loss":0,"cards_obtained":["Injury"]},{"damage_healed":0,"gold_gain":0,"player_choice":"Ignored","damage_taken":0,"max_hp_gain":0,"max_hp_loss":0,"event_name":"Liars Game","floor":12,"gold_loss":0},{"cards_removed":["Injury"],"damage_healed":0,"gold_gain":0,"player_choice":"Removed Curses","damage_taken":0,"max_hp_gain":0,"max_hp_loss":0,"event_name":"Fountain of Cleansing","floor":19,"gold_loss":0}],"is_beta":false,"boss_relics":[{"not_picked":["Ectoplasm","Black Star"],"picked":"Astrolabe"}],"items_purged_floors":[],"is_endless":false,"potions_floor_spawned":[1,2,8,16],"killed_by":"3 Byrds","ascension_level":16}