{"gold_per_floor":[111,130,147,147,165,165,201,201,201,201,216,254,0,19,19,142,142,161,174,174,199,214,214,253,25,75,75,96,96,96,96,96,96],"floor_reached":33,"playtime":1422,"items_purged":["Injury"],"score":438,"play_id":"3346188d-515d-47a3-ae70-c966a00a0360","local_time":"20190601203118","is_ascension_mode":true,"campfire_choices":[{"floor":6,"key":"REST"},{"data":"Neutralize","floor":8,"key":"SMITH"},{"data":"Venomology","floor":10,"key":"SMITH"},{"floor":15,"key":"REST"},{"data":"Ghostly","floor":23,"key":"SMITH"},{"data":"Storm of Steel","floor":27,"key":"SMITH"},{"data":"Secret Weapon","floor":30,"key":"SMITH"},{"data":"Well Laid Plans","floor":32,"key":"SMITH"}],"neow_cost":"NONE","seed_source_timestamp":6835476091527,"circlet_count":0,"master_deck":["Defend_G","Defend_G","Defend_G","Defend_G","Defend_G","Strike_G","Strike_G","Strike_G","Strike_G","Strike_G","Survivor","Neutralize+1","Storm of Steel+1","Dagger Spray","Heel Hook","Well Laid Plans+1","Dagger Throw","Venomology+1","Quick Slash","Escape Plan","Secret Weapon+1","Bandage Up","Underhanded Strike","Corpse Explosion","Poisoned Stab","Flying Knee","Ghostly+1","Ghostly","Ghostly","Ghostly","Ghostly","PiercingWail","Backflip","Slice+1","Poisoned Stab"],"relics":["Ring of the Snake","Golden Idol","Dodecahedron","Ninja Scroll","Letter Opener","Busted Crown","Bronze Scales","Pen Nib","Anchor","MutagenicStrength"],"potions_floor_usage":[7,7,7,7,12,14,16,16,18,18,22,24,24,24,33,33,33],"damage_taken":[{"damage":1,"enemies":"Small Slimes","floor":1,"turns":4},{"damage":6,"enemies":"2 Louse","floor":2,"turns":3},{"damage":15,"enemies":"Jaw Worm","floor":3,"turns":6},{"damage":10,"enemies":"Looter","floor":5,"turns":4},{"damage":5,"enemies":"Gremlin Nob","floor":7,"turns":4},{"damage":0,"enemies":"Large Slime","floor":11,"turns":7},{"damage":16,"enemies":"Lagavulin","floor":12,"turns":7},{"damage":4,"enemies":"Exordium Wildlife","floor":14,"turns":5},{"damage":16,"enemies":"Slime Boss","floor":16,"turns":10},{"damage":10,"enemies":"Spheric Guardian","floor":18,"turns":4},{"damage":0,"enemies":"3 Byrds","floor":19,"turns":2},{"damage":0,"enemies":"Snake Plant","floor":21,"turns":5},{"damage":0,"enemies":"Centurion and Healer","floor":22,"turns":4},{"damage":2,"enemies":"Slavers","floor":24,"turns":4},{"damage":0,"enemies":"Chosen and Byrds","floor":28,"turns":4},{"damage":44,"enemies":"Champ","floor":33,"turns":8}],"seed_played":"5133559746946703408","potions_obtained":[{"floor":2,"key":"Fire Potion"},{"floor":3,"key":"EntropicBrew"},{"floor":5,"key":"SkillPotion"},{"floor":22,"key":"Weak Potion"},{"floor":24,"key":"Energy Potion"}],"is_trial":false,"path_per_floor":["M","M","M","?","M","R","E","R","T","R","M","E","$","M","R","B",null,"M","M","?","M","M","R","E","$","T","R","M","?","R","?","R","B"],"character_chosen":"THE_SILENT","items_purchased":["Secret Weapon","Bandage Up","Pen Nib"],"campfire_rested":2,"item_purchase_floors":[13,13,25],"current_hp_per_floor":[62,56,41,41,31,52,47,47,47,47,47,31,31,31,52,40,63,57,61,35,35,35,35,33,33,33,33,35,35,35,35,35,0],"gold":96,"neow_bonus":"ONE_RANDOM_RARE_CARD","is_prod":false,"is_daily":false,"chose_seed":false,"campfire_upgraded":6,"win_rate":0,"timestamp":1559385078,"path_taken":["M","M","M","?","M","R","E","R","T","R","M","E","$","M","R","BOSS","M","M","?","M","M","R","E","$","T","R","M","?","R","?","R","BOSS"],"build_version":"2019-01-23","purchased_purges":1,"victory":false,"max_hp_per_floor":[70,70,70,70,70,70,70,70,70,70,70,70,70,70,70,70,70,70,70,35,35,35,35,35,35,35,35,35,35,35,35,35,35],"card_choices":[{"not_picked":["PiercingWail","Backflip"],"picked":"Dagger Spray","floor":1},{"not_picked":["Terror","Riddle With Holes"],"picked":"Heel Hook","floor":2},{"not_picked":["Prepared","All Out Attack"],"picked":"Well Laid Plans","floor":3},{"not_picked":["Skewer","Cloak And Dagger"],"picked":"Dagger Throw","floor":5},{"not_picked":["Deadly Poison","Escape Plan"],"picked":"Venomology","floor":7},{"not_picked":["Tactician","Finisher"],"picked":"Quick Slash","floor":11},{"not_picked":["Dagger Spray","Sucker Punch"],"picked":"Escape Plan","floor":12},{"not_picked":["Sucker Punch","Dagger Spray"],"picked":"Underhanded Strike","floor":14},{"not_picked":["Doppelganger","Venomology"],"picked":"Corpse Explosion","floor":16},{"not_picked":[],"picked":"Poisoned Stab","floor":18},{"not_picked":[],"picked":"Flying Knee","floor":19},{"not_picked":[],"picked":"PiercingWail","floor":21},{"not_picked":[],"picked":"Backflip","floor":22},{"not_picked":[],"picked":"Slice+1","floor":24},{"not_picked":[],"picked":"Poisoned Stab","floor":28}],"player_experience":774439,"relics_obtained":[{"floor":7,"key":"Dodecahedron"},{"floor":9,"key":"Ninja Scroll"},{"floor":12,"key":"Letter Opener"},{"floor":24,"key":"Bronze Scales"},{"floor":26,"key":"Anchor"}],"event_choices":[{"damage_healed":0,"gold_gain":0,"player_choice":"Take Wound","damage_taken":0,"relics_obtained":["Golden Idol"],"max_hp_gain":0,"max_hp_loss":0,"event_name":"Golden Idol","floor":4,"gold_loss":0,"cards_obtained":["Injury"]},{"damage_healed":0,"gold_gain":0,"player_choice":"Became a Ghost","damage_taken":0,"max_hp_gain":0,"max_hp_loss":35,"event_name":"Ghosts","floor":20,"gold_loss":0,"cards_obtained":["Ghostly","Ghostly","Ghostly","Ghostly","Ghostly"]},{"damage_healed":0,"gold_gain":0,"player_choice":"Ignored","damage_taken":0,"max_hp_gain":0,"max_hp_loss":0,"event_name":"Vampires","floor":29,"gold_loss":0},{"damage_healed":0,"gold_gain":0,"player_choice":"Inject Mutagens","damage_taken":0,"relics_obtained":["MutagenicStrength"],"max_hp_gain":0,"max_hp_loss":0,"event_name":"Drug Dealer","floor":31,"gold_loss":0}],"is_beta":false,"boss_relics":[{"not_picked":["Fusion Hammer","Runic Dome"],"picked":"Busted Crown"}],"items_purged_floors":[25],"is_endless":false,"potions_floor_spawned":[2,3,5,12,14,22,24,28],"killed_by":"Champ","ascension_level":8}