{"gold_per_floor":[360,372,372,372,4,4,47,47,96,135,135,135,135,150,150,275,275,288,302,302,327,345,388,388],"floor_reached":24,"playtime":1287,"items_purged":["Injury"],"score":244,"play_id":"79c88b7a-6ed8-48f6-9113-1cd9b8eedfd5","local_time":"20190913112529","is_ascension_mode":true,"campfire_choices":[{"floor":6,"key":"REST"},{"floor":8,"key":"REST"},{"floor":15,"key":"REST"}],"neow_cost":"PERCENT_DAMAGE","seed_source_timestamp":2665836881918,"circlet_count":0,"master_deck":["Strike_P+1","Strike_P+1","Defend_P+1","Defend_P+1","Defend_P+1","Eruption","Vigilance","DeceiveReality","CutThroughFate","WaveOfTheHand+1","Establishment+1","WindmillStrike","Halt+1","Prostrate+1","Crescendo+1","CrushJoints","MasterReality","Halt+1","Consecrate+1","CarveReality+1","FlyingSleeves","InnerPeace+1","Evaluate+1"],"relics":["PureWater","Golden Idol","Toxic Egg 2","Oddly Smooth Stone","TungstenRod","Happy Flower","Astrolabe","Vajra","Blood Vial"],"potions_floor_usage":[7,10,10,16,22,23,23],"damage_taken":[{"damage":19,"enemies":"Small Slimes","floor":1,"turns":2},{"damage":1,"enemies":"2 Louse","floor":2,"turns":4},{"damage":35,"enemies":"3 Sentries","floor":7,"turns":9},{"damage":18,"enemies":"Gremlin Nob","floor":10,"turns":5},{"damage":0,"enemies":"Jaw Worm","floor":14,"turns":3},{"damage":44,"enemies":"Slime Boss","floor":16,"turns":12},{"damage":5,"enemies":"Chosen","floor":18,"turns":4},{"damage":6,"enemies":"Spheric Guardian","floor":19,"turns":4},{"damage":11,"enemies":"Centurion and Healer","floor":22,"turns":5},{"damage":42,"enemies":"Slavers","floor":23,"turns":5},{"damage":5,"enemies":"Masked Bandits","floor":24,"turns":1}],"seed_played":"-7736894715913765549","potions_obtained":[{"floor":2,"key":"Weak Potion"},{"floor":7,"key":"EntropicBrew"},{"floor":16,"key":"EssenceOfSteel"},{"floor":18,"key":"FearPotion"},{"floor":19,"key":"DuplicationPotion"}],"is_trial":false,"path_per_floor":["M","M","?","?","$","R","E","R","T","E","?","?","?","M","R","B",null,"M","M","?","T","M","E","?"],"character_chosen":"WATCHER","items_purchased":["WaveOfTheHand+1","Establishment","WindmillStrike","Halt+1"],"campfire_rested":3,"item_purchase_floors":[5,5,5,5],"current_hp_per_floor":[28,27,27,20,20,39,4,23,23,5,26,26,26,26,45,1,65,60,54,54,54,43,1,0],"gold":388,"neow_bonus":"TWO_FIFTY_GOLD","is_prod":false,"is_daily":false,"chose_seed":false,"campfire_upgraded":0,"win_rate":0,"timestamp":1568337929,"path_taken":["M","M","?","?","$","R","E","R","T","E","?","?","?","?","R","BOSS","M","M","?","?","M","E","?"],"build_version":"2019-09-11v2","purchased_purges":1,"victory":false,"max_hp_per_floor":[65,65,65,65,65,65,65,65,65,65,65,65,65,65,65,65,65,65,65,65,65,65,65,65],"card_choices":[{"not_picked":["FollowUp","Tantrum"],"picked":"DeceiveReality","floor":1},{"not_picked":["Halt","Adaptation"],"picked":"CutThroughFate","floor":2},{"not_picked":["Sanctity+1","DeceiveReality+1"],"picked":"Prostrate+1","floor":7},{"not_picked":["Crescendo+1","Prostrate+1","JustLucky"],"picked":"SKIP","floor":10},{"not_picked":["Prostrate+1","JustLucky"],"picked":"Crescendo+1","floor":10},{"not_picked":["Fasting","Prostrate+1"],"picked":"CrushJoints","floor":14},{"not_picked":["Pray+1","Ragnarok"],"picked":"MasterReality","floor":16},{"not_picked":["Fasting+1","BowlingBash"],"picked":"FlyingSleeves","floor":18},{"not_picked":["CarveReality","Scrawl+1","Halt+1"],"picked":"SKIP","floor":19},{"not_picked":["Blasphemy+1","Weave"],"picked":"InnerPeace+1","floor":22},{"not_picked":["PathToVictory+1","Scrawl+1"],"picked":"Evaluate+1","floor":23}],"player_experience":1317563,"relics_obtained":[{"floor":7,"key":"Oddly Smooth Stone"},{"floor":9,"key":"TungstenRod"},{"floor":10,"key":"Happy Flower"},{"floor":21,"key":"Vajra"},{"floor":23,"key":"Blood Vial"}],"event_choices":[{"damage_healed":0,"gold_gain":0,"player_choice":"Take Wound","damage_taken":0,"relics_obtained":["Golden Idol"],"max_hp_gain":0,"max_hp_loss":0,"event_name":"Golden Idol","floor":3,"gold_loss":0,"cards_obtained":["Injury"]},{"damage_healed":0,"gold_gain":0,"player_choice":"Success","damage_taken":7,"relics_obtained":["Toxic Egg 2"],"max_hp_gain":0,"max_hp_loss":0,"event_name":"Scrap Ooze","floor":4,"gold_loss":0},{"damage_healed":21,"gold_gain":0,"player_choice":"Banana","damage_taken":0,"max_hp_gain":0,"max_hp_loss":0,"event_name":"Big Fish","floor":11,"gold_loss":0},{"damage_healed":0,"gold_gain":0,"player_choice":"Grow","damage_taken":0,"max_hp_gain":0,"max_hp_loss":0,"event_name":"Living Wall","floor":12,"gold_loss":0,"cards_upgraded":["Establishment"]},{"damage_healed":0,"gold_gain":0,"player_choice":"Ignored","damage_taken":0,"max_hp_gain":0,"max_hp_loss":0,"event_name":"Liars Game","floor":13,"gold_loss":0},{"damage_healed":0,"gold_gain":0,"player_choice":"Simplicity","damage_taken":0,"max_hp_gain":0,"max_hp_loss":0,"event_name":"Back to Basics","floor":20,"gold_loss":0,"cards_upgraded":["Strike_P","Strike_P","Defend_P","Defend_P"]},{"damage_healed":0,"gold_gain":0,"player_choice":"Fought Bandits","damage_taken":0,"max_hp_gain":0,"max_hp_loss":0,"event_name":"Masked Bandits","floor":24,"gold_loss":0}],"is_beta":true,"boss_relics":[{"not_picked":["Ectoplasm","SlaversCollar"],"picked":"Astrolabe"}],"items_purged_floors":[5],"is_endless":false,"potions_floor_spawned":[2,7,16,18,19],"killed_by":"Masked Bandits","ascension_level":2}