{"gold_per_floor":[111,122,135,135,145,173,184,184,210,226,252,6,6,21,21,126,126,141,141,22,22,9,9,43,56,108,108,122,134,146,166,166,166],"floor_reached":33,"playtime":1449,"items_purged":[],"score":312,"play_id":"a90629a5-e0d4-4fa6-97a5-5aaaa85c848c","local_time":"20190430152939","is_ascension_mode":true,"campfire_choices":[{"data":"Zap","floor":8,"key":"SMITH"},{"floor":15,"key":"REST"},{"data":"Panacea","floor":23,"key":"SMITH"},{"data":"Lockon","floor":27,"key":"SMITH"},{"floor":32,"key":"REST"}],"neow_cost":"NONE","seed_source_timestamp":26524176522254,"circlet_count":0,"master_deck":["Strike_B+1","Strike_B+1","Strike_B+1","Defend_B+1","Defend_B+1","Defend_B+1","Defend_B+1","Zap+1","Dualcast","Cold Snap","Rebound","Hologram","Lockon+1","Chaos","Melter","Self Repair","Redo","Conserve Battery","Biased Cognition+1","Redo+1","Panacea+1","Rip and Tear","Creative AI+1","Conserve Battery","Aggregate","Darkness","Steam Power","Coolheaded+1","Self Repair+1"],"relics":["Cracked Core","NeowsBlessing","Orichalcum","Juzu Bracelet","Oddly Smooth Stone","Odd Mushroom","Membership Card","Frozen Egg 2","Sozu","Regal Pillow","Lantern","PreservedInsect"],"potions_floor_usage":[7,16,24,24],"damage_taken":[{"damage":0,"enemies":"Small Slimes","floor":1,"turns":1},{"damage":0,"enemies":"Jaw Worm","floor":2,"turns":1},{"damage":0,"enemies":"2 Louse","floor":3,"turns":1},{"damage":0,"enemies":"Large Slime","floor":5,"turns":4},{"damage":25,"enemies":"Gremlin Nob","floor":6,"turns":4},{"damage":13,"enemies":"Gremlin Gang","floor":7,"turns":2},{"damage":10,"enemies":"2 Fungi Beasts","floor":10,"turns":3},{"damage":12,"enemies":"The Mushroom Lair","floor":11,"turns":5},{"damage":3,"enemies":"Blue Slaver","floor":14,"turns":4},{"damage":14,"enemies":"The Guardian","floor":16,"turns":12},{"damage":3,"enemies":"Spheric Guardian","floor":18,"turns":3},{"damage":35,"enemies":"Slavers","floor":24,"turns":6},{"damage":9,"enemies":"Shell Parasite","floor":25,"turns":4},{"damage":22,"enemies":"3 Cultists","floor":28,"turns":5},{"damage":18,"enemies":"Snake Plant","floor":29,"turns":4},{"damage":4,"enemies":"Shelled Parasite and Fungi","floor":30,"turns":5},{"damage":5,"enemies":"3 Cultists","floor":31,"turns":5},{"damage":70,"enemies":"Automaton","floor":33,"turns":12}],"seed_played":"1646201925223620890","potions_obtained":[{"floor":3,"key":"FocusPotion"},{"floor":5,"key":"Fire Potion"},{"floor":6,"key":"Ancient Potion"},{"floor":16,"key":"FearPotion"}],"is_trial":false,"path_per_floor":["M","M","M","?","M","E","M","R","T","M","?","$","T","M","R","B",null,"M","?","$","?","$","R","E","M","T","R","M","M","M","M","R","B"],"character_chosen":"DEFECT","items_purchased":["Membership Card","Self Repair","Redo","Panacea","Regal Pillow","Conserve Battery"],"campfire_rested":2,"item_purchase_floors":[12,12,12,20,20,22],"current_hp_per_floor":[75,75,75,72,72,47,34,34,34,24,12,12,12,16,38,31,75,75,75,75,75,75,75,47,38,38,38,23,12,15,17,54,0],"gold":166,"neow_bonus":"THREE_ENEMY_KILL","is_prod":false,"is_daily":false,"chose_seed":false,"campfire_upgraded":3,"win_rate":0,"timestamp":1556602179,"path_taken":["M","M","M","?","M","E","M","R","T","M","?","$","?","M","R","BOSS","M","?","$","?","?","R","E","M","T","R","M","M","M","M","R","BOSS"],"build_version":"2019-01-23","purchased_purges":0,"victory":false,"max_hp_per_floor":[75,75,75,75,75,75,75,75,75,75,75,75,75,75,75,75,75,75,75,75,75,75,75,75,75,75,75,75,75,75,75,75,75],"card_choices":[{"not_picked":["Stack","Steam"],"picked":"Cold Snap","floor":1},{"not_picked":["Stack","Steam"],"picked":"Rebound","floor":2},{"not_picked":["Streamline","Reinforced Body"],"picked":"Hologram","floor":3},{"not_picked":["Cold Snap","Reinforced Body"],"picked":"Lockon","floor":5},{"not_picked":["Rebound","Consume"],"picked":"Chaos","floor":6},{"not_picked":["Rebound","Cold Snap"],"picked":"Melter","floor":7},{"not_picked":["Tempest","Amplify"],"picked":"Coolheaded","floor":10},{"not_picked":["Chaos","Go for the Eyes"],"picked":"Conserve Battery","floor":14},{"not_picked":["Multi-Cast","Creative AI+1"],"picked":"Biased Cognition+1","floor":16},{"not_picked":["Undo","White Noise"],"picked":"Redo+1","floor":18},{"not_picked":["Streamline+1","Rebound"],"picked":"Aggregate","floor":24},{"not_picked":["Redo","Turbo"],"picked":"Darkness","floor":25},{"not_picked":["Blizzard","Conserve Battery","Steam"],"picked":"SKIP","floor":28},{"not_picked":["Recycle","Ball Lightning"],"picked":"Steam Power","floor":29},{"not_picked":["Compile Driver","Blizzard+1"],"picked":"Coolheaded+1","floor":30},{"not_picked":["Ball Lightning","Barrage"],"picked":"Self Repair+1","floor":31}],"player_experience":529032,"relics_obtained":[{"floor":6,"key":"Juzu Bracelet"},{"floor":9,"key":"Oddly Smooth Stone"},{"floor":11,"key":"Odd Mushroom"},{"floor":13,"key":"Frozen Egg 2"},{"floor":24,"key":"Lantern"},{"floor":26,"key":"PreservedInsect"}],"event_choices":[{"damage_healed":0,"gold_gain":0,"player_choice":"Success","damage_taken":3,"relics_obtained":["Orichalcum"],"max_hp_gain":0,"max_hp_loss":0,"event_name":"Scrap Ooze","floor":4,"gold_loss":0},{"damage_healed":0,"gold_gain":0,"player_choice":"Fought Mushrooms","damage_taken":0,"max_hp_gain":0,"max_hp_loss":0,"event_name":"Mushrooms","floor":11,"gold_loss":0},{"damage_healed":0,"gold_gain":0,"player_choice":"Simplicity","damage_taken":0,"max_hp_gain":0,"max_hp_loss":0,"event_name":"Back to Basics","floor":19,"gold_loss":0,"cards_upgraded":["Strike_B","Strike_B","Strike_B","Strike_B","Defend_B","Defend_B","Defend_B","Defend_B"]},{"damage_healed":0,"gold_gain":0,"cards_transformed":["Strike_B","Coolheaded"],"player_choice":"Became Test Subject","damage_taken":0,"max_hp_gain":0,"max_hp_loss":0,"event_name":"Drug Dealer","floor":21,"gold_loss":0,"cards_obtained":["Rip and Tear","Creative AI"]}],"is_beta":false,"boss_relics":[{"not_picked":["Orrery","Tiny House"],"picked":"Sozu"}],"items_purged_floors":[],"is_endless":false,"potions_floor_spawned":[3,5,6,16,18,24,29,31],"killed_by":"Automaton","ascension_level":3}