{"gold_per_floor":[117,130,130,130,305,305,323,323,323,356,1,39,326,338],"floor_reached":14,"playtime":395,"items_purged":["Doubt"],"score":96,"play_id":"9fec3cec-6ef7-4fca-b7f7-57c85c56f3c7","local_time":"20190326151608","is_ascension_mode":false,"campfire_choices":[{"data":"Redo","floor":6,"key":"SMITH"},{"data":"Ball Lightning","floor":8,"key":"SMITH"}],"neow_cost":"TEN_PERCENT_HP_LOSS","seed_source_timestamp":71725987553180,"circlet_count":0,"master_deck":["Strike_B","Strike_B","Strike_B","Strike_B","Defend_B","Defend_B","Defend_B","Defend_B","Zap","Dualcast","Electrodynamics","Redo+1","Fusion","Ball Lightning+1","White Noise","Tempest","Coolheaded","Regret"],"relics":["Cracked Core","Golden Idol","Gremlin Horn","Mummified Hand","Question Card","MawBank"],"potions_floor_usage":[10,14],"damage_taken":[{"damage":1,"enemies":"2 Louse","floor":1,"turns":2},{"damage":8,"enemies":"Small Slimes","floor":2,"turns":3},{"damage":1,"enemies":"Cultist","floor":7,"turns":4},{"damage":31,"enemies":"Gremlin Nob","floor":10,"turns":4},{"damage":17,"enemies":"3 Sentries","floor":12,"turns":5},{"damage":3,"enemies":"2 Fungi Beasts","floor":14,"turns":1}],"seed_played":"-2822693041431190939","potions_obtained":[{"floor":1,"key":"Poison Potion"},{"floor":12,"key":"SkillPotion"}],"is_trial":false,"path_per_floor":["M","M","?","?","?","R","M","R","T","E","$","E","?","M"],"character_chosen":"DEFECT","items_purchased":["Question Card","Tempest"],"campfire_rested":0,"item_purchase_floors":[11,11],"current_hp_per_floor":[67,59,59,52,52,52,51,51,51,20,20,3,3,0],"gold":338,"neow_bonus":"THREE_RARE_CARDS","is_prod":false,"is_daily":false,"chose_seed":false,"campfire_upgraded":2,"win_rate":0,"timestamp":1553577368,"path_taken":["M","M","?","?","?","R","M","R","T","E","$","E","?","M"],"build_version":"2019-01-23","purchased_purges":1,"victory":false,"max_hp_per_floor":[68,68,68,68,68,68,68,68,68,68,68,68,68,68],"card_choices":[{"not_picked":["Fission","Seek"],"picked":"Electrodynamics","floor":0},{"not_picked":["Tempest","Steam Power"],"picked":"Redo","floor":1},{"not_picked":["Barrage","Streamline"],"picked":"Fusion","floor":2},{"not_picked":["Go for the Eyes","Recycle"],"picked":"Ball Lightning","floor":7},{"not_picked":["Tempest","Streamline"],"picked":"White Noise","floor":10},{"not_picked":["Compile Driver","Turbo","Reboot"],"picked":"Coolheaded","floor":12}],"player_experience":178185,"relics_obtained":[{"floor":9,"key":"Gremlin Horn"},{"floor":10,"key":"Mummified Hand"},{"floor":12,"key":"MawBank"}],"event_choices":[{"damage_healed":0,"gold_gain":0,"player_choice":"Take Wound","damage_taken":0,"relics_obtained":["Golden Idol"],"max_hp_gain":0,"max_hp_loss":0,"event_name":"Golden Idol","floor":3,"gold_loss":0,"cards_obtained":["Injury"]},{"cards_removed":["Injury"],"damage_healed":0,"gold_gain":0,"player_choice":"Card Removal","damage_taken":7,"max_hp_gain":0,"max_hp_loss":0,"event_name":"Golden Wing","floor":4,"gold_loss":0},{"damage_healed":0,"gold_gain":175,"player_choice":"AGREE","damage_taken":0,"max_hp_gain":0,"max_hp_loss":0,"event_name":"Liars Game","floor":5,"gold_loss":0,"cards_obtained":["Doubt"]},{"damage_healed":0,"gold_gain":275,"player_choice":"Desecrate","damage_taken":0,"max_hp_gain":0,"max_hp_loss":0,"event_name":"Golden Shrine","floor":13,"gold_loss":0,"cards_obtained":["Regret"]}],"is_beta":false,"boss_relics":[],"items_purged_floors":[11],"is_endless":false,"potions_floor_spawned":[1,12],"killed_by":"2 Fungi Beasts","ascension_level":0}