{"gold_per_floor":[109,61,78,93,107,107,123,123,123,123,143,159,186,219,219,323,373,386,397,245,260,275,275,275,292,319,331,343],"floor_reached":28,"playtime":1075,"items_purged":["Strike_R"],"score":325,"play_id":"41f952ea-74f5-4af4-bab0-7a32f02e41a8","local_time":"20180917161912","is_ascension_mode":true,"campfire_choices":[{"data":"Limit Break","floor":6,"key":"SMITH"},{"data":"Power Through","floor":8,"key":"SMITH"},{"data":"Inflame","floor":10,"key":"SMITH"},{"floor":15,"key":"REST"},{"data":"Flex","floor":23,"key":"SMITH"},{"data":"Pummel","floor":27,"key":"SMITH"}],"neow_cost":"NONE","seed_source_timestamp":380760501627411,"circlet_count":0,"master_deck":["Strike_R","Strike_R","Strike_R","Strike_R","Defend_R","Defend_R","Defend_R","Defend_R","Bash","Limit Break+1","Iron Wave+1","Flex+1","Inflame+1","Power Through+1","Cleave","Sword Boomerang","Warcry","Shrug It Off","Flame Barrier","Battle Trance","Limit Break","Pummel+1"],"relics":["Burning Blood","Ginger","Anchor","Matryoshka","Tiny House","Omamori","MawBank"],"potions_floor_usage":[14,14,16,19,19],"damage_taken":[{"damage":15,"enemies":"Cultist","floor":1,"turns":5},{"damage":9,"enemies":"Jaw Worm","floor":3,"turns":5},{"damage":5,"enemies":"Small Slimes","floor":4,"turns":3},{"damage":25,"enemies":"Gremlin Gang","floor":5,"turns":6},{"damage":11,"enemies":"Blue Slaver","floor":7,"turns":5},{"damage":0,"enemies":"Large Slime","floor":11,"turns":3},{"damage":0,"enemies":"2 Fungi Beasts","floor":12,"turns":3},{"damage":15,"enemies":"Lagavulin","floor":14,"turns":5},{"damage":3,"enemies":"Slime Boss","floor":16,"turns":7},{"damage":25,"enemies":"2 Thieves","floor":18,"turns":5},{"damage":8,"enemies":"3 Byrds","floor":19,"turns":5},{"damage":0,"enemies":"3 Cultists","floor":21,"turns":4},{"damage":27,"enemies":"Snake Plant","floor":22,"turns":5},{"damage":18,"enemies":"Snecko","floor":25,"turns":5},{"damage":35,"enemies":"Sentry and Sphere","floor":28,"turns":3}],"seed_played":"-7566810330711886801","potions_obtained":[{"floor":3,"key":"Energy Potion"},{"floor":5,"key":"PowerPotion"},{"floor":12,"key":"Fire Potion"},{"floor":16,"key":"Fire Potion"},{"floor":17,"key":"Fire Potion"},{"floor":22,"key":"Fire Potion"}],"is_trial":false,"path_per_floor":["M","$","M","M","M","R","M","R","T","R","M","M","T","E","R","B",null,"M","M","$","M","M","R","?","M","T","R"],"character_chosen":"IRONCLAD","items_purchased":["Flex","Battle Trance"],"campfire_rested":1,"item_purchase_floors":[2,20],"current_hp_per_floor":[63,63,60,61,42,42,37,37,37,37,43,49,49,40,64,67,82,63,61,61,67,46,46,46,34,34,34,0],"gold":343,"neow_bonus":"ONE_RANDOM_RARE_CARD","is_prod":false,"is_daily":false,"chose_seed":false,"campfire_upgraded":5,"win_rate":0,"timestamp":1537215552,"path_taken":["M","?","M","M","M","R","?","R","T","R","M","?","?","E","R","BOSS","M","M","$","M","M","R","?","M","T","R","M"],"build_version":"2018-09-06","purchased_purges":1,"victory":false,"max_hp_per_floor":[80,80,80,80,80,80,80,80,80,80,80,80,80,80,80,80,85,85,85,85,85,85,85,85,85,85,85,85],"card_choices":[{"not_picked":["Pommel Strike","Entrench"],"picked":"Iron Wave","floor":1},{"not_picked":["Warcry","Iron Wave"],"picked":"Inflame","floor":3},{"not_picked":["Pommel Strike","Iron Wave"],"picked":"Power Through","floor":4},{"not_picked":["Rampage","Twin Strike"],"picked":"Cleave","floor":5},{"not_picked":["Armaments","Body Slam"],"picked":"Sword Boomerang","floor":7},{"not_picked":["Wild Strike","Armaments","Entrench"],"picked":"SKIP","floor":11},{"not_picked":["Perfected Strike","Clothesline","Headbutt"],"picked":"SKIP","floor":12},{"not_picked":["Combust","Iron Wave"],"picked":"Warcry","floor":14},{"not_picked":["Flex","True Grit"],"picked":"Shrug It Off","floor":17},{"not_picked":["Entrench","Iron Wave"],"picked":"Flame Barrier","floor":18},{"not_picked":["Cleave","Iron Wave","Rampage"],"picked":"SKIP","floor":19},{"not_picked":["Carnage","Cleave","Reckless Charge"],"picked":"SKIP","floor":21},{"not_picked":["Pommel Strike","Berserk","Fire Breathing"],"picked":"SKIP","floor":22},{"not_picked":["Sword Boomerang+1","Havoc"],"picked":"Pummel","floor":25}],"player_experience":537370,"relics_obtained":[{"floor":9,"key":"Ginger"},{"floor":13,"key":"Anchor"},{"floor":14,"key":"Matryoshka"},{"floor":26,"key":"Omamori"},{"floor":26,"key":"MawBank"}],"event_choices":[{"event_name":"Match and Keep!","player_choice":"1 cards matched","floor":24,"damage_taken":0}],"is_beta":false,"boss_relics":[{"not_picked":["Snecko Eye","Black Star"],"picked":"Tiny House"}],"items_purged_floors":[20],"is_endless":false,"potions_floor_spawned":[3,5,12,16,22],"killed_by":"Sentry and Sphere","ascension_level":9}