{"gold_per_floor":[20,33,46,65,65,65,81,81,157,189,199,199,274,298,298,298],"floor_reached":16,"playtime":1194,"items_purged":[],"score":104,"play_id":"1b463c26-7791-4690-989e-8998b1ac5bc5","local_time":"20190816194856","is_ascension_mode":false,"campfire_choices":[{"data":"PiercingWail","floor":6,"key":"SMITH"},{"data":"Catalyst","floor":8,"key":"SMITH"},{"floor":15,"key":"REST"}],"neow_cost":"NO_GOLD","seed_source_timestamp":33965862454369,"circlet_count":0,"master_deck":["Strike_G","Strike_G","Strike_G","Strike_G","Defend_G","Defend_G","Defend_G","Defend_G","Survivor","Neutralize","PiercingWail+1","PiercingWail","Flechettes","Dodge and Roll","Catalyst+1","Acrobatics","Reflex","Injury","Dash"],"relics":["Ring of the Snake","Question Card","Ice Cream","Golden Idol"],"potions_floor_usage":[10,10,16],"damage_taken":[{"damage":0,"enemies":"Jaw Worm","floor":1,"turns":5},{"damage":2,"enemies":"Small Slimes","floor":2,"turns":3},{"damage":0,"enemies":"2 Louse","floor":3,"turns":4},{"damage":0,"enemies":"Looter","floor":4,"turns":4},{"damage":0,"enemies":"Large Slime","floor":7,"turns":6},{"damage":20,"enemies":"Lagavulin","floor":10,"turns":10},{"damage":0,"enemies":"2 Fungi Beasts","floor":11,"turns":5},{"damage":0,"enemies":"Red Slaver","floor":14,"turns":6},{"damage":59,"enemies":"Hexaghost","floor":16,"turns":16}],"seed_played":"2477071716959086114","potions_obtained":[{"floor":1,"key":"Fire Potion"},{"floor":2,"key":"GhostInAJar"},{"floor":7,"key":"GhostInAJar"}],"is_trial":false,"path_per_floor":["M","M","M","M","$","R","M","R","T","E","M","?","?","M","R","B"],"character_chosen":"THE_SILENT","items_purchased":[],"campfire_rested":1,"item_purchase_floors":[],"current_hp_per_floor":[70,68,68,68,68,68,68,68,68,48,48,48,37,37,58,0],"gold":298,"neow_bonus":"REMOVE_TWO","is_prod":false,"is_daily":false,"chose_seed":false,"campfire_upgraded":2,"win_rate":0.0,"timestamp":1566002936,"path_taken":["M","M","M","M","$","R","M","R","T","E","M","?","?","M","R","BOSS"],"build_version":"2019-07-17","purchased_purges":0,"victory":false,"max_hp_per_floor":[70,70,70,70,70,70,70,70,70,70,70,70,70,70,70,70],"card_choices":[{"not_picked":["Concentrate","Dagger Throw"],"picked":"PiercingWail","floor":1},{"not_picked":["Flying Knee","Dagger Throw"],"picked":"PiercingWail","floor":2},{"not_picked":["Masterful Stab","Predator"],"picked":"Flechettes","floor":3},{"not_picked":["Flying Knee","Finisher"],"picked":"Dodge and Roll","floor":4},{"not_picked":["Sucker Punch","Outmaneuver"],"picked":"Catalyst","floor":7},{"not_picked":["Terror","Backstab","Venomology"],"picked":"Acrobatics","floor":10},{"not_picked":["Slice","Skewer","Deadly Poison"],"picked":"Reflex","floor":11},{"not_picked":["Infinite Blades","Bane","Underhanded Strike"],"picked":"Dash","floor":14}],"player_experience":184135,"relics_obtained":[{"floor":9,"key":"Question Card"},{"floor":10,"key":"Ice Cream"}],"event_choices":[{"damage_healed":0,"gold_gain":0,"player_choice":"Take Wound","damage_taken":0,"relics_obtained":["Golden Idol"],"max_hp_gain":0,"max_hp_loss":0,"event_name":"Golden Idol","floor":12,"gold_loss":0,"cards_obtained":["Injury"]},{"damage_healed":0,"gold_gain":75,"player_choice":"Gather Gold","damage_taken":11,"max_hp_gain":0,"max_hp_loss":0,"event_name":"World of Goop","floor":13,"gold_loss":0}],"is_beta":false,"boss_relics":[],"items_purged_floors":[],"is_endless":false,"potions_floor_spawned":[1,2,7],"killed_by":"Hexaghost","ascension_level":0}