{"gold_per_floor":[109,34,51,67,80,80,111,127,176,191,191,204,215,215,215,289,289,299,368,418,64,64],"floor_reached":22,"playtime":1214,"items_purged":["Strike_G","Pain"],"score":339,"play_id":"8c83a2d5-6578-4021-a32c-ca0a30fc4dc5","local_time":"20181214202303","is_ascension_mode":true,"campfire_choices":[{"data":"Reflex","floor":6,"key":"SMITH"},{"floor":11,"key":"REST"},{"floor":15,"key":"REST"}],"neow_cost":"NONE","seed_source_timestamp":89040023960007,"circlet_count":0,"master_deck":["AscendersBane","Defend_G","Defend_G","Defend_G","Defend_G","Defend_G","Strike_G","Strike_G","Strike_G","Strike_G","Survivor","Neutralize","Flying Knee","Terror","Reflex+1","Cloak And Dagger","Dagger Throw","Infinite Blades","Malaise","A Thousand Cuts","Parasite","Writhe","Escape Plan","Poisoned Stab+1","J.A.X."],"relics":["Runic Dome","Darkstone Periapt","SsserpentHead","Calling Bell","Potion Belt","Molten Egg 2","WingedGreaves","Paper Crane"],"potions_floor_usage":[7,10,13,16],"damage_taken":[{"damage":4,"enemies":"Cultist","floor":1,"turns":5},{"damage":0,"enemies":"Small Slimes","floor":3,"turns":4},{"damage":0,"enemies":"2 Louse","floor":4,"turns":3},{"damage":10,"enemies":"Exordium Wildlife","floor":5,"turns":7},{"damage":35,"enemies":"3 Sentries","floor":7,"turns":12},{"damage":5,"enemies":"Exordium Thugs","floor":8,"turns":4},{"damage":3,"enemies":"2 Fungi Beasts","floor":10,"turns":2},{"damage":0,"enemies":"Blue Slaver","floor":12,"turns":4},{"damage":23,"enemies":"Exordium Thugs","floor":13,"turns":4},{"damage":7,"enemies":"Hexaghost","floor":16,"turns":12},{"damage":11,"enemies":"Shell Parasite","floor":18,"turns":7},{"damage":21,"enemies":"Chosen","floor":19,"turns":7},{"damage":47,"enemies":"Centurion and Healer","floor":22,"turns":5}],"seed_played":"6323725410635274736","potions_obtained":[{"floor":5,"key":"Strength Potion"},{"floor":7,"key":"Fire Potion"},{"floor":8,"key":"GamblersBrew"},{"floor":12,"key":"Dexterity Potion"}],"is_trial":false,"path_per_floor":["M","$","M","M","M","R","E","M","T","M","R","M","M","?","R","B",null,"M","M","?","$","M"],"character_chosen":"THE_SILENT","items_purchased":["Paper Crane"],"campfire_rested":2,"item_purchase_floors":[21],"current_hp_per_floor":[59,59,59,59,49,49,14,9,9,6,27,27,4,4,25,18,75,64,43,43,43,0],"gold":64,"neow_bonus":"BOSS_RELIC","is_prod":false,"is_daily":false,"chose_seed":false,"campfire_upgraded":1,"win_rate":0,"timestamp":1544836983,"path_taken":["M","$","M","M","M","R","E","?","T","M","R","?","M","?","R","BOSS","M","?","?","$","M"],"build_version":"2018-12-13","purchased_purges":2,"victory":false,"max_hp_per_floor":[70,70,70,70,70,70,70,70,70,70,70,70,70,70,70,70,88,88,88,88,88,88],"card_choices":[{"not_picked":["Tactician","Caltrops"],"picked":"Flying Knee","floor":1},{"not_picked":["Flying Knee","Bane"],"picked":"Terror","floor":3},{"not_picked":["Cloak And Dagger","Deadly Poison","Slice"],"picked":"SKIP","floor":4},{"not_picked":["Deadly Poison","Wraith Form v2"],"picked":"Reflex","floor":5},{"not_picked":["Dodge and Roll","Caltrops"],"picked":"Cloak And Dagger","floor":7},{"not_picked":["Quick Slash","PiercingWail"],"picked":"Dagger Throw","floor":8},{"not_picked":["Blade Dance","Noxious Fumes"],"picked":"Infinite Blades","floor":10},{"not_picked":["Riddle With Holes","Quick Slash"],"picked":"Malaise","floor":12},{"not_picked":["Quick Slash","Cloak And Dagger","Skewer"],"picked":"SKIP","floor":13},{"not_picked":["Malaise","Unload"],"picked":"A Thousand Cuts","floor":16},{"not_picked":["Backstab+1","Dodge and Roll"],"picked":"Escape Plan","floor":18},{"not_picked":["Blade Dance","Reflex"],"picked":"Poisoned Stab+1","floor":19}],"player_experience":868275,"relics_obtained":[{"floor":7,"key":"Darkstone Periapt"},{"floor":17,"key":"Potion Belt"},{"floor":17,"key":"Molten Egg 2"},{"floor":17,"key":"WingedGreaves"}],"event_choices":[{"damage_healed":0,"gold_gain":0,"player_choice":"Trade","damage_taken":0,"relics_obtained":["SsserpentHead"],"max_hp_gain":0,"max_hp_loss":0,"event_name":"FaceTrader","floor":14,"gold_loss":0},{"damage_healed":0,"gold_gain":0,"player_choice":"Obtain J.A.X.","damage_taken":0,"max_hp_gain":0,"max_hp_loss":0,"event_name":"Drug Dealer","floor":20,"gold_loss":0,"cards_obtained":["J.A.X."]}],"is_beta":false,"boss_relics":[{"not_picked":["White Beast Statue","Snecko Eye"],"picked":"Calling Bell"}],"items_purged_floors":[2,21],"is_endless":false,"potions_floor_spawned":[5,7,8,12],"killed_by":"Centurion and Healer","ascension_level":13}