{"gold_per_floor":[116,132,54,127,154,181,181,210,210,210,230,262,274,274,274,345,345,362,378,393,393,393,393,421,434,458,489,542,542,561,2,2,80,80,94,113,127,144,244,244,272,272,295,295,312,312,347,362,362,362],"floor_reached":51,"playtime":3940,"items_purged":["Strike_G"],"score":1691,"play_id":"cc9bf4d6-2d48-499d-8ccf-13195ba90fe3","local_time":"20181229041307","is_ascension_mode":true,"campfire_choices":[{"data":"Neutralize","floor":7,"key":"SMITH"},{"data":"Dagger Spray","floor":10,"key":"SMITH"},{"data":"Adrenaline","floor":15,"key":"SMITH"},{"data":"A Thousand Cuts","floor":23,"key":"SMITH"},{"floor":29,"key":"REST"},{"floor":32,"key":"REST"},{"data":"Adrenaline","floor":40,"key":"SMITH"},{"data":"Cloak And Dagger","floor":42,"key":"SMITH"},{"data":"Bouncing Flask","floor":44,"key":"SMITH"},{"data":"Venomology","floor":49,"key":"SMITH"}],"neow_cost":"NONE","seed_source_timestamp":698346682805000,"circlet_count":0,"master_deck":["AscendersBane","Defend_G","Defend_G","Defend_G","Defend_G","Defend_G","Survivor","Neutralize+1","Dagger Spray+1","Die Die Die","Adrenaline+1","Well Laid Plans","PiercingWail","Venomology+1","Cloak And Dagger+1","A Thousand Cuts+1","Venomology+1","Night Terror+1","Footwork+1","Tactician","Blade Dance","Adrenaline+1","Acrobatics","Parasite"],"relics":["Ring of the Snake","NeowsBlessing","Vajra","Blue Candle","Paper Crane","Dead Branch","The Specimen","Incense Burner","Astrolabe","Pen Nib","PreservedInsect","Oddly Smooth Stone","Art of War","Shuriken","Lantern","Coffee Dripper","Ice Cream","Dream Catcher","Mummified Hand"],"potions_floor_usage":[13,16,16,18,18,19,20,20,24,24,24,27,27,30,33,33,33,36,37,37,37,38,38,41,41,45,48,50,50,50],"damage_taken":[{"damage":0,"enemies":"Small Slimes","floor":1,"turns":1},{"damage":0,"enemies":"Jaw Worm","floor":2,"turns":1},{"damage":0,"enemies":"Lagavulin","floor":6,"turns":1},{"damage":17,"enemies":"3 Sentries","floor":8,"turns":4},{"damage":0,"enemies":"Cultist","floor":11,"turns":2},{"damage":0,"enemies":"Gremlin Nob","floor":12,"turns":3},{"damage":0,"enemies":"Looter","floor":13,"turns":2},{"damage":22,"enemies":"Slime Boss","floor":16,"turns":10},{"damage":0,"enemies":"Shell Parasite","floor":18,"turns":5},{"damage":0,"enemies":"Spheric Guardian","floor":19,"turns":6},{"damage":12,"enemies":"Shelled Parasite and Fungi","floor":20,"turns":7},{"damage":0,"enemies":"Gremlin Leader","floor":24,"turns":6},{"damage":19,"enemies":"Cultist and Chosen","floor":25,"turns":6},{"damage":0,"enemies":"Slavers","floor":27,"turns":2},{"damage":1,"enemies":"Snecko","floor":30,"turns":3},{"damage":27,"enemies":"Champ","floor":33,"turns":9},{"damage":0,"enemies":"3 Shapes","floor":35,"turns":2},{"damage":0,"enemies":"Orb Walker","floor":36,"turns":3},{"damage":0,"enemies":"Writhing Mass","floor":37,"turns":5},{"damage":14,"enemies":"Jaw Worm Horde","floor":38,"turns":2},{"damage":0,"enemies":"Mind Bloom Boss Battle","floor":39,"turns":7},{"damage":7,"enemies":"Giant Head","floor":41,"turns":3},{"damage":0,"enemies":"Spire Growth","floor":45,"turns":3},{"damage":1,"enemies":"Reptomancer","floor":47,"turns":3},{"damage":0,"enemies":"4 Shapes","floor":48,"turns":2},{"damage":0,"enemies":"Donu and Deca","floor":50,"turns":4}],"seed_played":"-7941898344367645766","potions_obtained":[{"floor":1,"key":"Poison Potion"},{"floor":11,"key":"EssenceOfSteel"},{"floor":12,"key":"SteroidPotion"},{"floor":25,"key":"FearPotion"},{"floor":33,"key":"Swift Potion"},{"floor":45,"key":"PowerPotion"}],"is_trial":false,"path_per_floor":["M","M","$","?","T","E","R","E","T","R","M","E","M","?","R","B",null,"M","M","M","?","?","R","E","M","T","E","T","R","M","$","R","B",null,"M","M","M","M","?","R","E","R","T","R","M","?","E","M","R","B",null],"character_chosen":"THE_SILENT","items_purchased":["Die Die Die","Shuriken","Lantern","Blade Dance"],"campfire_rested":2,"item_purchase_floors":[3,31,31,31],"current_hp_per_floor":[59,59,59,59,59,59,59,42,42,42,42,42,42,24,24,2,50,50,50,38,38,38,38,38,19,19,19,19,38,37,37,56,29,57,57,57,57,43,43,43,36,36,36,36,36,36,35,35,35,35],"gold":362,"neow_bonus":"THREE_ENEMY_KILL","is_prod":false,"is_daily":false,"chose_seed":false,"campfire_upgraded":8,"win_rate":0,"timestamp":1546074787,"path_taken":["M","M","$","?","?","E","R","E","T","R","?","E","M","?","R","BOSS","M","M","M","?","?","R","E","?","T","E","?","R","M","$","R","BOSS","M","?","M","?","?","R","E","R","T","R","M","?","E","M","R","BOSS"],"build_version":"2018-12-20","purchased_purges":1,"victory":true,"max_hp_per_floor":[66,66,66,66,66,66,66,66,66,66,66,66,66,66,66,66,66,66,66,66,66,66,66,66,66,66,66,66,66,66,66,66,66,66,66,66,66,66,66,66,66,66,66,66,66,66,66,66,66,66],"card_choices":[{"not_picked":["Caltrops","Cloak And Dagger"],"picked":"Bouncing Flask","floor":1},{"not_picked":["Masterful Stab","Concentrate"],"picked":"Dagger Spray","floor":2},{"not_picked":["Underhanded Strike","Dagger Throw"],"picked":"Adrenaline","floor":6},{"not_picked":["Dodge and Roll","Slice"],"picked":"Well Laid Plans","floor":8},{"not_picked":["PiercingWail","Terror","Dagger Throw"],"picked":"SKIP","floor":11},{"not_picked":["Terror","Dagger Throw"],"picked":"PiercingWail","floor":11},{"not_picked":["Poisoned Stab","Predator"],"picked":"Venomology","floor":12},{"not_picked":["Poisoned Stab","Underhanded Strike"],"picked":"Cloak And Dagger","floor":13},{"not_picked":["Corpse Explosion","Envenom"],"picked":"A Thousand Cuts","floor":16},{"not_picked":["Outmaneuver","Accuracy","Eviscerate"],"picked":"SKIP","floor":18},{"not_picked":["Blade Dance","Bane","Dagger Throw"],"picked":"SKIP","floor":19},{"not_picked":["Escape Plan","Skewer","Cloak And Dagger"],"picked":"SKIP","floor":20},{"not_picked":["Dagger Spray","Tactician","Concentrate"],"picked":"SKIP","floor":24},{"not_picked":["Backstab","Cloak And Dagger","PiercingWail+1"],"picked":"SKIP","floor":25},{"not_picked":["Underhanded Strike","Tactician","Dagger Spray"],"picked":"SKIP","floor":27},{"not_picked":["Dagger Spray","Slice","Outmaneuver"],"picked":"SKIP","floor":30},{"not_picked":["Dagger Spray","Slice","Outmaneuver"],"picked":"SKIP","floor":30},{"not_picked":["Burst","Grand Finale"],"picked":"Adrenaline","floor":33},{"not_picked":["Outmaneuver+1","Cloak And Dagger"],"picked":"Acrobatics","floor":35},{"not_picked":["Blade Dance","Quick Slash","PiercingWail+1"],"picked":"SKIP","floor":36},{"not_picked":["Dagger Spray","Dagger Throw","Quick Slash"],"picked":"SKIP","floor":37},{"not_picked":["Footwork","Infinite Blades","Bouncing Flask+1"],"picked":"SKIP","floor":38},{"not_picked":["Bane","Prepared","Riddle With Holes"],"picked":"SKIP","floor":41},{"not_picked":["Outmaneuver","Expertise","Footwork"],"picked":"SKIP","floor":45},{"not_picked":["Blade Dance","Sucker Punch","Burst"],"picked":"SKIP","floor":47},{"not_picked":["Blade Dance","Sucker Punch","Burst"],"picked":"SKIP","floor":47},{"not_picked":["Quick Slash","Sucker Punch","Crippling Poison"],"picked":"SKIP","floor":48}],"player_experience":1084783,"relics_obtained":[{"floor":5,"key":"Vajra"},{"floor":6,"key":"Blue Candle"},{"floor":8,"key":"Paper Crane"},{"floor":9,"key":"Dead Branch"},{"floor":12,"key":"The Specimen"},{"floor":24,"key":"Pen Nib"},{"floor":26,"key":"PreservedInsect"},{"floor":27,"key":"Oddly Smooth Stone"},{"floor":28,"key":"Art of War"},{"floor":39,"key":"Ice Cream"},{"floor":41,"key":"Dream Catcher"},{"floor":47,"key":"Mummified Hand"}],"event_choices":[{"damage_healed":0,"gold_gain":73,"player_choice":"Gained Gold","damage_taken":0,"max_hp_gain":0,"max_hp_loss":0,"event_name":"Golden Wing","floor":4,"gold_loss":0},{"damage_healed":0,"gold_gain":0,"player_choice":"Success","damage_taken":18,"relics_obtained":["Incense Burner"],"max_hp_gain":0,"max_hp_loss":0,"event_name":"Scrap Ooze","floor":14,"gold_loss":0},{"damage_healed":0,"gold_gain":0,"player_choice":"Ignored","damage_taken":0,"max_hp_gain":0,"max_hp_loss":0,"event_name":"Cursed Tome","floor":21,"gold_loss":0},{"damage_healed":0,"gold_gain":0,"cards_transformed":["Strike_G"],"player_choice":"Transformed","damage_taken":0,"max_hp_gain":0,"max_hp_loss":0,"event_name":"Transmorgrifier","floor":22,"gold_loss":0,"cards_obtained":["Tactician"]},{"damage_healed":0,"gold_gain":0,"player_choice":"Fight","damage_taken":0,"max_hp_gain":0,"max_hp_loss":0,"event_name":"MindBloom","floor":39,"gold_loss":0},{"cards_removed":["Bouncing Flask"],"damage_healed":0,"gold_gain":0,"player_choice":"Removed Skill","damage_taken":0,"max_hp_gain":0,"max_hp_loss":0,"event_name":"Falling","floor":46,"gold_loss":0}],"is_beta":false,"boss_relics":[{"not_picked":["Empty Cage","Pandora\u0027s Box"],"picked":"Astrolabe"},{"not_picked":["Black Star","Snecko Eye"],"picked":"Coffee Dripper"}],"items_purged_floors":[31],"is_endless":false,"potions_floor_spawned":[1,11,12,13,19,25,30,33,36,45,48],"ascension_level":18}