{"gold_per_floor":[110,110,110,125,136,162,162,187,187,206,241,416,427,440,440,535,535,547,472,472,24,43,43,78,98,124,154,154,180,180,190,190,285,285,303,303,303,323,68,98,116,116,143,174,202,245,273,79,79,79,79,79,31,63,63],"floor_reached":56,"playtime":3442,"items_purged":["Doubt","Strike_R","Strike_R"],"score":1386,"play_id":"94c06944-ef8a-4589-b649-80307ad86aa1","local_time":"20190914001405","is_ascension_mode":true,"campfire_choices":[{"data":"Armaments","floor":7,"key":"SMITH"},{"floor":15,"key":"REST"},{"floor":23,"key":"RECALL"},{"floor":28,"key":"REST"},{"floor":32,"key":"REST"},{"floor":42,"key":"REST"},{"floor":49,"key":"REST"},{"floor":52,"key":"REST"}],"neow_cost":"NONE","seed_source_timestamp":163750305346500,"circlet_count":0,"master_deck":["Strike_R","Strike_R","Strike_R+1","Defend_R","Defend_R+1","Bash+1","Hemokinesis","Thunderclap","True Grit","Armaments+1","Clothesline","Shrug It Off+1","Feed","Flex+1","Twin Strike","Offering+1","Carnage+1","Writhe","Evolve","Reaper","Second Wind+1","Warcry+1","Offering+1","Headbutt","Juggernaut","Whirlwind","Finesse+1","Offering+1","Shockwave+1","Ghostly Armor+1","Demon Form","Good Instincts+1","Rage+1"],"relics":["Burning Blood","StoneCalendar","Toxic Egg 2","Regal Pillow","Fusion Hammer","Red Skull","Bag of Preparation","Centennial Puzzle","Du-Vu Doll","Happy Flower","Pen Nib","Lantern","White Beast Statue","Ancient Tea Set","Paper Frog","MawBank","Pantograph","Torii"],"potions_floor_usage":[16,16,27,27,33,33,40,46,50,54,55,55,55],"damage_taken":[{"damage":3,"enemies":"Jaw Worm","floor":1,"turns":4},{"damage":5,"enemies":"Small Slimes","floor":4,"turns":3},{"damage":3,"enemies":"Cultist","floor":5,"turns":2},{"damage":35,"enemies":"Lagavulin","floor":6,"turns":5},{"damage":17,"enemies":"Gremlin Nob","floor":8,"turns":4},{"damage":5,"enemies":"3 Louse","floor":10,"turns":3},{"damage":18,"enemies":"3 Sentries","floor":11,"turns":7},{"damage":7,"enemies":"Looter","floor":13,"turns":3},{"damage":6,"enemies":"Exordium Wildlife","floor":14,"turns":4},{"damage":28,"enemies":"Slime Boss","floor":16,"turns":7},{"damage":17,"enemies":"Spheric Guardian","floor":18,"turns":4},{"damage":36,"enemies":"2 Thieves","floor":22,"turns":3},{"damage":36,"enemies":"Gremlin Leader","floor":24,"turns":6},{"damage":9,"enemies":"Centurion and Healer","floor":25,"turns":5},{"damage":13,"enemies":"Book of Stabbing","floor":27,"turns":3},{"damage":40,"enemies":"Slavers","floor":29,"turns":3},{"damage":15,"enemies":"Cultist and Chosen","floor":31,"turns":3},{"damage":60,"enemies":"Champ","floor":33,"turns":7},{"damage":9,"enemies":"Orb Walker","floor":35,"turns":2},{"damage":19,"enemies":"3 Shapes","floor":38,"turns":3},{"damage":37,"enemies":"Nemesis","floor":40,"turns":5},{"damage":23,"enemies":"Sphere and 2 Shapes","floor":41,"turns":3},{"damage":21,"enemies":"Writhing Mass","floor":44,"turns":2},{"damage":10,"enemies":"4 Shapes","floor":45,"turns":2},{"damage":54,"enemies":"Reptomancer","floor":46,"turns":6},{"damage":35,"enemies":"Sphere and 2 Shapes","floor":47,"turns":3},{"damage":70,"enemies":"Donu and Deca","floor":50,"turns":6},{"damage":58,"enemies":"Shield and Spear","floor":54,"turns":5},{"damage":148,"enemies":"The Heart","floor":55,"turns":9}],"seed_played":"-9107474324906095846","potions_obtained":[{"floor":4,"key":"Dexterity Potion"},{"floor":8,"key":"Weak Potion"},{"floor":10,"key":"Fire Potion"},{"floor":13,"key":"Fire Potion"},{"floor":16,"key":"SteroidPotion"},{"floor":22,"key":"Strength Potion"},{"floor":27,"key":"FearPotion"},{"floor":29,"key":"Fire Potion"},{"floor":35,"key":"FearPotion"},{"floor":38,"key":"BloodPotion"},{"floor":40,"key":"AttackPotion"},{"floor":41,"key":"Swift Potion"},{"floor":44,"key":"LiquidBronze"},{"floor":46,"key":"FearPotion"},{"floor":54,"key":"SkillPotion"}],"is_trial":false,"path_per_floor":["M","?","?","M","M","E","R","E","T","M","E","?","M","M","R","B",null,"M","?","?","$","M","R","E","M","T","E","R","E","?","M","R","B",null,"M","?","?","M","$","E","M","R","T","M","M","E","M","$","R","B",null,"R","$","E","B",null],"character_chosen":"IRONCLAD","items_purchased":["Bag of Preparation","Centennial Puzzle","Evolve","Ancient Tea Set","Good Instincts+1","SkillPotion"],"campfire_rested":6,"item_purchase_floors":[21,21,21,39,48,53],"current_hp_per_floor":[88,70,70,71,74,45,45,34,34,35,23,23,22,26,68,50,96,88,88,88,88,62,62,35,56,56,64,106,75,75,79,112,62,116,113,113,113,108,108,84,71,119,119,104,100,68,70,70,121,58,122,122,122,111,84],"gold":63,"neow_bonus":"TEN_PERCENT_HP_BONUS","is_prod":false,"is_daily":false,"chose_seed":false,"campfire_upgraded":1,"win_rate":0,"timestamp":1568387645,"path_taken":["M","?","?","M","?","E","R","E","T","M","E","?","M","M","R","BOSS","M","?","?","$","?","R","E","M","T","E","R","E","?","?","R","BOSS","M","?","?","?","?","E","M","R","T","M","?","E","M","$","R","BOSS","R","$","E","BOSS"],"build_version":"2019-07-17","purchased_purges":3,"victory":true,"max_hp_per_floor":[88,88,88,88,88,88,88,88,88,88,88,88,88,92,92,96,96,99,99,99,99,103,103,106,106,106,106,106,109,109,112,112,116,116,116,116,116,119,119,119,119,119,119,119,119,119,122,122,122,122,122,122,122,125,125],"card_choices":[{"not_picked":["Warcry","Infernal Blade"],"picked":"Hemokinesis","floor":1},{"not_picked":["Pummel","Heavy Blade"],"picked":"Thunderclap","floor":4},{"not_picked":["Infernal Blade","Twin Strike"],"picked":"True Grit","floor":5},{"not_picked":["Clothesline","Infernal Blade"],"picked":"Armaments","floor":6},{"not_picked":["True Grit","Warcry"],"picked":"Clothesline","floor":8},{"not_picked":["Armaments+1","Sentinel+1"],"picked":"Shrug It Off+1","floor":10},{"not_picked":["Warcry+1","Rupture"],"picked":"Feed","floor":11},{"not_picked":["Iron Wave","Sword Boomerang"],"picked":"Flex+1","floor":13},{"not_picked":["Thunderclap","Rupture"],"picked":"Twin Strike","floor":14},{"not_picked":["Limit Break+1","Impervious+1"],"picked":"Offering+1","floor":16},{"not_picked":["Sword Boomerang","Sentinel+1"],"picked":"Carnage+1","floor":18},{"not_picked":["Twin Strike+1","Anger","Spot Weakness+1"],"picked":"SKIP","floor":22},{"not_picked":["Evolve","Dual Wield+1"],"picked":"Reaper","floor":24},{"not_picked":["Infernal Blade+1","Headbutt"],"picked":"Second Wind+1","floor":25},{"not_picked":["Thunderclap+1","Clothesline"],"picked":"Warcry+1","floor":27},{"not_picked":["Barricade","Clash","Sword Boomerang"],"picked":"SKIP","floor":29},{"not_picked":["Warcry+1","Bloodletting+1"],"picked":"Headbutt","floor":31},{"not_picked":["Feed","Barricade"],"picked":"Juggernaut","floor":33},{"not_picked":["Second Wind+1","Heavy Blade+1"],"picked":"Whirlwind","floor":35},{"not_picked":["Secret Technique+1","Transmutation+1"],"picked":"Finesse+1","floor":36},{"not_picked":["Twin Strike","Body Slam+1","Whirlwind"],"picked":"SKIP","floor":38},{"not_picked":["Second Wind+1","Wild Strike+1"],"picked":"Offering+1","floor":40},{"not_picked":["Anger","Seeing Red+1"],"picked":"Shockwave+1","floor":41},{"not_picked":["Battle Trance+1","Feel No Pain+1","Armaments+1"],"picked":"SKIP","floor":44},{"not_picked":["Rampage","Combust+1"],"picked":"Ghostly Armor+1","floor":45},{"not_picked":["Heavy Blade+1","Disarm+1"],"picked":"Demon Form","floor":46},{"not_picked":["Feel No Pain+1","Sword Boomerang+1","Heavy Blade"],"picked":"SKIP","floor":47},{"not_picked":["Havoc+1","Juggernaut"],"picked":"Rage+1","floor":54}],"player_experience":63368,"relics_obtained":[{"floor":6,"key":"StoneCalendar"},{"floor":8,"key":"Toxic Egg 2"},{"floor":11,"key":"Regal Pillow"},{"floor":24,"key":"Du-Vu Doll"},{"floor":26,"key":"Happy Flower"},{"floor":27,"key":"Pen Nib"},{"floor":29,"key":"Lantern"},{"floor":40,"key":"Paper Frog"},{"floor":43,"key":"MawBank"},{"floor":46,"key":"Pantograph"},{"floor":54,"key":"Torii"}],"event_choices":[{"damage_healed":0,"gold_gain":0,"player_choice":"Entered Light","damage_taken":18,"max_hp_gain":0,"max_hp_loss":0,"event_name":"Shining Light","floor":2,"gold_loss":0,"cards_upgraded":["Strike_R","Defend_R"]},{"damage_healed":0,"gold_gain":0,"player_choice":"Upgraded","damage_taken":0,"max_hp_gain":0,"max_hp_loss":0,"event_name":"Upgrade Shrine","floor":3,"gold_loss":0,"cards_upgraded":["Bash"]},{"damage_healed":0,"gold_gain":175,"player_choice":"AGREE","damage_taken":0,"max_hp_gain":0,"max_hp_loss":0,"event_name":"Liars Game","floor":12,"gold_loss":0,"cards_obtained":["Doubt"]},{"cards_removed":["Defend_R"],"damage_healed":0,"gold_gain":0,"player_choice":"Gave Gold","damage_taken":0,"max_hp_gain":0,"max_hp_loss":0,"event_name":"Beggar","floor":19,"gold_loss":75},{"damage_healed":0,"gold_gain":0,"player_choice":"Opened","damage_taken":0,"relics_obtained":["Red Skull"],"max_hp_gain":0,"max_hp_loss":0,"event_name":"The Mausoleum","floor":20,"gold_loss":0,"cards_obtained":["Writhe"]},{"damage_healed":0,"gold_gain":0,"player_choice":"Copied","damage_taken":0,"max_hp_gain":0,"max_hp_loss":0,"event_name":"Duplicator","floor":30,"gold_loss":0,"cards_obtained":["Offering"]},{"damage_healed":0,"gold_gain":0,"player_choice":"Memory 1","damage_taken":0,"max_hp_gain":0,"max_hp_loss":0,"event_name":"SensoryStone","floor":36,"gold_loss":0},{"cards_removed":["Defend_R"],"damage_healed":0,"gold_gain":0,"player_choice":"Purged","damage_taken":0,"max_hp_gain":0,"max_hp_loss":0,"event_name":"Purifier","floor":37,"gold_loss":0}],"is_beta":false,"boss_relics":[{"not_picked":["Lizard Tail","Black Star"],"picked":"Fusion Hammer"},{"not_picked":["Coffee Dripper","Velvet Choker"],"picked":"White Beast Statue"}],"items_purged_floors":[21,39,48],"is_endless":false,"potions_floor_spawned":[4,8,10,13,16,22,27,29,35,38,40,41,44,45,46,47,54],"ascension_level":1}