{"gold_per_floor":[112,128,140,156,33,33,95,95,168,182,182,202,237,249,249,344,344,360,360,360,20,37,37,52,52,52,52,68,18,18,30,30,130,130,140,159,172,182,182,182,209,209],"floor_reached":42,"playtime":1731,"items_purged":["Strike_G","Decay"],"score":457,"play_id":"b2c72dec-2652-4832-9d16-01d4b687d6db","local_time":"20190609212038","is_ascension_mode":false,"campfire_choices":[{"data":"Neutralize","floor":6,"key":"SMITH"},{"data":"Sucker Punch","floor":8,"key":"SMITH"},{"floor":11,"key":"REST"},{"floor":15,"key":"REST"},{"data":"Adrenaline","floor":23,"key":"SMITH"},{"floor":25,"key":"REST"},{"data":"Well Laid Plans","floor":32,"key":"SMITH"},{"data":"Night Terror","floor":40,"key":"SMITH"}],"neow_cost":"NONE","seed_source_timestamp":5386316313553,"circlet_count":0,"master_deck":["Defend_G","Defend_G","Defend_G","Defend_G","Defend_G","Strike_G","Strike_G","Strike_G","Strike_G","Survivor","Neutralize+1","Quick Slash","Escape Plan","Sucker Punch+1","Infinite Blades","Dagger Spray","Acrobatics","Distraction","Dash","Adrenaline+1","Backstab+1","Well Laid Plans+1","Secret Technique","Crippling Poison+1","Leg Sweep","Writhe","All Out Attack","Doubt","PiercingWail","Night Terror+1","Dodge and Roll+1","Blade Dance","Poisoned Stab","Backflip+1","Shame","Dagger Spray+1"],"relics":["Ring of the Snake","NeowsBlessing","Smiling Mask","Mummified Hand","Paper Crane","Cursed Key","Tiny Chest","Ninja Scroll","Blue Candle","Letter Opener","WristBlade","Art of War"],"potions_floor_usage":[7,13,14,18,33,41,41],"damage_taken":[{"damage":0,"enemies":"Small Slimes","floor":1,"turns":1},{"damage":0,"enemies":"2 Louse","floor":2,"turns":1},{"damage":0,"enemies":"Cultist","floor":3,"turns":1},{"damage":7,"enemies":"Blue Slaver","floor":4,"turns":4},{"damage":10,"enemies":"3 Sentries","floor":7,"turns":9},{"damage":8,"enemies":"Exordium Thugs","floor":10,"turns":4},{"damage":11,"enemies":"Exordium Wildlife","floor":12,"turns":4},{"damage":17,"enemies":"Gremlin Nob","floor":13,"turns":4},{"damage":0,"enemies":"Lots of Slimes","floor":14,"turns":1},{"damage":25,"enemies":"The Guardian","floor":16,"turns":15},{"damage":16,"enemies":"2 Thieves","floor":18,"turns":4},{"damage":5,"enemies":"3 Byrds","floor":22,"turns":2},{"damage":8,"enemies":"3 Cultists","floor":24,"turns":5},{"damage":0,"enemies":"Snake Plant","floor":28,"turns":5},{"damage":2,"enemies":"Centurion and Healer","floor":31,"turns":5},{"damage":30,"enemies":"Collector","floor":33,"turns":14},{"damage":1,"enemies":"3 Shapes","floor":35,"turns":3},{"damage":0,"enemies":"Orb Walker","floor":36,"turns":3},{"damage":24,"enemies":"3 Darklings","floor":37,"turns":7},{"damage":9,"enemies":"Jaw Worm Horde","floor":38,"turns":4},{"damage":26,"enemies":"Nemesis","floor":41,"turns":7},{"damage":11,"enemies":"Transient","floor":42,"turns":4}],"seed_played":"3680293759041499512","potions_obtained":[{"floor":2,"key":"FearPotion"},{"floor":4,"key":"Swift Potion"},{"floor":10,"key":"Poison Potion"},{"floor":12,"key":"AttackPotion"},{"floor":13,"key":"Explosive Potion"},{"floor":18,"key":"Swift Potion"},{"floor":20,"key":"GhostInAJar"},{"floor":20,"key":"Ancient Potion"},{"floor":24,"key":"GhostInAJar"},{"floor":36,"key":"SkillPotion"},{"floor":41,"key":"Poison Potion"}],"is_trial":false,"path_per_floor":["M","M","M","M","$","R","?","R","T","M","R","M","E","M","R","B",null,"M","?","?","$","M","R","M","R","T","T","M","$","T","M","R","B",null,"M","M","M","M","?","R","E","M"],"character_chosen":"THE_SILENT","items_purchased":["Infinite Blades","AttackPotion","Tiny Chest","Secret Technique"],"campfire_rested":3,"item_purchase_floors":[5,5,21,21],"current_hp_per_floor":[70,70,70,63,63,63,53,53,53,45,66,55,38,38,59,34,70,54,54,54,54,49,49,41,62,62,62,62,62,62,60,60,30,70,69,69,45,36,36,36,10,0],"gold":209,"neow_bonus":"THREE_ENEMY_KILL","is_prod":false,"is_daily":false,"chose_seed":false,"campfire_upgraded":5,"win_rate":0,"timestamp":1560079238,"path_taken":["M","M","M","M","$","R","?","R","T","M","R","M","E","M","R","BOSS","M","?","?","$","?","R","M","R","T","?","M","?","?","M","R","BOSS","M","M","M","M","?","R","E","?"],"build_version":"2019-01-23","purchased_purges":2,"victory":false,"max_hp_per_floor":[70,70,70,70,70,70,70,70,70,70,70,70,70,70,70,70,70,70,70,70,70,70,70,70,70,70,70,70,70,70,70,70,70,70,70,70,70,70,70,70,70,70],"card_choices":[{"not_picked":["Outmaneuver","Sucker Punch"],"picked":"Quick Slash","floor":1},{"not_picked":["Outmaneuver","Deflect"],"picked":"Escape Plan","floor":2},{"not_picked":["Eviscerate","Flying Knee"],"picked":"Sucker Punch","floor":3},{"not_picked":["Concentrate","Underhanded Strike","Calculated Gamble"],"picked":"SKIP","floor":4},{"not_picked":["Choke","Finisher"],"picked":"Dagger Spray","floor":7},{"not_picked":["Prepared","Dodge and Roll"],"picked":"Masterful Stab","floor":10},{"not_picked":["Flying Knee","Blur"],"picked":"Acrobatics","floor":12},{"not_picked":["Endless Agony","Doppelganger"],"picked":"Distraction","floor":13},{"not_picked":["Prepared","Masterful Stab"],"picked":"Dash","floor":14},{"not_picked":["Doppelganger","Night Terror"],"picked":"Adrenaline","floor":16},{"not_picked":["PiercingWail","Endless Agony"],"picked":"Backstab+1","floor":18},{"not_picked":["Poisoned Stab","Acrobatics"],"picked":"Crippling Poison+1","floor":22},{"not_picked":["Well Laid Plans","Underhanded Strike+1"],"picked":"Leg Sweep","floor":24},{"not_picked":["Calculated Gamble","Noxious Fumes"],"picked":"All Out Attack","floor":28},{"not_picked":["Underhanded Strike+1","Dodge and Roll"],"picked":"PiercingWail","floor":31},{"not_picked":["Storm of Steel","Phantasmal Killer"],"picked":"Night Terror","floor":33},{"not_picked":["Caltrops","Expertise+1"],"picked":"Dodge and Roll+1","floor":35},{"not_picked":["Concentrate","Noxious Fumes"],"picked":"Blade Dance","floor":36},{"not_picked":["Deflect+1","Quick Slash"],"picked":"Poisoned Stab","floor":37},{"not_picked":["Prepared","Slice+1"],"picked":"Backflip+1","floor":38},{"not_picked":["Skewer","Eviscerate+1"],"picked":"Dagger Spray+1","floor":41}],"player_experience":850673,"relics_obtained":[{"floor":9,"key":"Mummified Hand"},{"floor":13,"key":"Paper Crane"},{"floor":26,"key":"Ninja Scroll"},{"floor":27,"key":"Blue Candle"},{"floor":30,"key":"Letter Opener"},{"floor":41,"key":"Art of War"}],"event_choices":[{"damage_healed":0,"gold_gain":0,"player_choice":"Searched \u00272\u0027 times","damage_taken":0,"relics_obtained":["Smiling Mask"],"max_hp_gain":0,"max_hp_loss":0,"event_name":"Dead Adventurer","floor":7,"gold_loss":0},{"damage_healed":0,"gold_gain":0,"player_choice":"Read","damage_taken":0,"max_hp_gain":0,"max_hp_loss":0,"event_name":"The Library","floor":19,"gold_loss":0,"cards_obtained":["Well Laid Plans"]},{"damage_healed":0,"gold_gain":0,"player_choice":"Got Potions","damage_taken":0,"max_hp_gain":0,"max_hp_loss":0,"event_name":"Lab","floor":20,"gold_loss":0},{"cards_removed":["Masterful Stab"],"damage_healed":0,"gold_gain":0,"player_choice":"Took Card","damage_taken":0,"max_hp_gain":0,"max_hp_loss":0,"event_name":"NoteForYourself","floor":39,"gold_loss":0,"cards_obtained":["Shame"]}],"is_beta":false,"boss_relics":[{"not_picked":["Tiny House","Snecko Eye"],"picked":"Cursed Key"},{"not_picked":["Pandora\u0027s Box","Lizard Tail"],"picked":"WristBlade"}],"items_purged_floors":[21,29],"is_endless":false,"potions_floor_spawned":[2,4,10,12,13,18,24,36,37,38,41],"killed_by":"Transient","ascension_level":0}