{"gold_per_floor":[118,132,148,148,162,191,206,222,222,222,147,166,194,208,208,208],"floor_reached":16,"playtime":760,"items_purged":["Strike_G"],"score":197,"play_id":"15b9323d-4f91-4bd7-af61-a540cffdc0a8","local_time":"20181216004839","is_ascension_mode":true,"campfire_choices":[{"floor":10,"key":"REST"},{"floor":15,"key":"REST"}],"neow_cost":"NONE","seed_source_timestamp":191843547099493,"circlet_count":0,"master_deck":["AscendersBane","Defend_G","Defend_G","Defend_G","Defend_G","Defend_G+1","Strike_G","Strike_G","Strike_G","Strike_G+1","Survivor","Neutralize","Choke","Flying Knee","Backflip","Crippling Poison","Prepared","Backstab","PiercingWail","Acrobatics","Sucker Punch+1"],"relics":["Sozu","PreservedInsect","Molten Egg 2","Lantern"],"potions_floor_usage":[],"damage_taken":[{"damage":1,"enemies":"Cultist","floor":1,"turns":4},{"damage":0,"enemies":"Small Slimes","floor":2,"turns":3},{"damage":0,"enemies":"2 Louse","floor":3,"turns":2},{"damage":2,"enemies":"Red Slaver","floor":5,"turns":3},{"damage":17,"enemies":"Gremlin Nob","floor":6,"turns":5},{"damage":1,"enemies":"Blue Slaver","floor":7,"turns":3},{"damage":8,"enemies":"Lots of Slimes","floor":8,"turns":3},{"damage":21,"enemies":"Large Slime","floor":12,"turns":6},{"damage":7,"enemies":"3 Sentries","floor":13,"turns":6},{"damage":1,"enemies":"Gremlin Gang","floor":14,"turns":5},{"damage":29,"enemies":"Hexaghost","floor":16,"turns":11}],"seed_played":"1048666521094293411","potions_obtained":[],"is_trial":false,"path_per_floor":["M","M","M","?","M","E","M","M","T","R","$","M","E","M","R","B"],"character_chosen":"THE_SILENT","items_purchased":[],"campfire_rested":2,"item_purchase_floors":[],"current_hp_per_floor":[58,58,58,45,43,26,25,17,17,36,36,15,8,7,26,0],"gold":208,"neow_bonus":"BOSS_RELIC","is_prod":false,"is_daily":false,"chose_seed":false,"campfire_upgraded":0,"win_rate":0,"timestamp":1544939319,"path_taken":["M","M","?","?","M","E","M","M","T","R","$","M","E","M","R","BOSS"],"build_version":"2018-12-13","purchased_purges":1,"victory":false,"max_hp_per_floor":[66,66,66,66,66,66,66,66,66,66,66,66,66,66,66,66],"card_choices":[{"not_picked":["Prepared","PiercingWail"],"picked":"Choke","floor":1},{"not_picked":["Finisher","Poisoned Stab"],"picked":"Flying Knee","floor":2},{"not_picked":["Poisoned Stab","Slice"],"picked":"Backflip","floor":3},{"not_picked":["Blade Dance","Outmaneuver"],"picked":"Crippling Poison","floor":5},{"not_picked":["Distraction","Masterful Stab"],"picked":"Prepared","floor":6},{"not_picked":["Unload","Riddle With Holes","Flechettes"],"picked":"SKIP","floor":7},{"not_picked":["Backflip","Prepared"],"picked":"Backstab","floor":8},{"not_picked":["Deflect","Dash+1"],"picked":"PiercingWail","floor":12},{"not_picked":["Blade Dance","Outmaneuver"],"picked":"Acrobatics","floor":13},{"not_picked":["Dagger Spray+1","Prepared"],"picked":"Sucker Punch+1","floor":14}],"player_experience":885944,"relics_obtained":[{"floor":6,"key":"PreservedInsect"},{"floor":9,"key":"Molten Egg 2"},{"floor":13,"key":"Lantern"}],"event_choices":[{"damage_healed":0,"gold_gain":0,"player_choice":"Entered Light","damage_taken":13,"max_hp_gain":0,"max_hp_loss":0,"event_name":"Shining Light","floor":4,"gold_loss":0,"cards_upgraded":["Strike_G","Defend_G"]}],"is_beta":false,"boss_relics":[],"items_purged_floors":[11],"is_endless":false,"potions_floor_spawned":[3,6,12,13,14],"killed_by":"Hexaghost","ascension_level":14}