{"gold_per_floor":[110,128,144,159,159,159,187,200,200,200,475,495,514,532,532,606,606,587,587,606,287,302,302],"floor_reached":23,"playtime":1116,"items_purged":["Regret"],"score":335,"play_id":"9f18eb62-dca5-49a7-828b-3932370bc443","local_time":"20181218093851","is_ascension_mode":true,"campfire_choices":[{"floor":6,"key":"REST"},{"floor":10,"key":"REST"},{"floor":15,"key":"REST"}],"neow_cost":"NONE","seed_source_timestamp":396101153762399,"circlet_count":0,"master_deck":["AscendersBane","Defend_G","Defend_G","Defend_G","Defend_G","Defend_G","Strike_G","Strike_G","Strike_G","Strike_G","Strike_G","Survivor","Neutralize","Terror","PiercingWail","Dagger Spray","Sucker Punch","Slice","Riddle With Holes","Phantasmal Killer","Quick Slash","Flying Knee","Backflip"],"relics":["Ring of the Snake","NeowsBlessing","Darkstone Periapt","Bottled Lightning","Gambling Chip","Lizard Tail","Matryoshka"],"potions_floor_usage":[4,13,14,16,16,16,16,18,22,22,23],"damage_taken":[{"damage":0,"enemies":"Cultist","floor":1,"turns":1},{"damage":0,"enemies":"2 Louse","floor":2,"turns":1},{"damage":0,"enemies":"Small Slimes","floor":3,"turns":1},{"damage":21,"enemies":"Exordium Thugs","floor":4,"turns":4},{"damage":32,"enemies":"Gremlin Nob","floor":7,"turns":5},{"damage":11,"enemies":"Lots of Slimes","floor":8,"turns":5},{"damage":5,"enemies":"Blue Slaver","floor":12,"turns":5},{"damage":16,"enemies":"Large Slime","floor":13,"turns":7},{"damage":0,"enemies":"Exordium Wildlife","floor":14,"turns":2},{"damage":8,"enemies":"Hexaghost","floor":16,"turns":7},{"damage":17,"enemies":"2 Thieves","floor":18,"turns":4},{"damage":27,"enemies":"Chosen","floor":20,"turns":5},{"damage":22,"enemies":"3 Cultists","floor":22,"turns":6},{"damage":50,"enemies":"Gremlin Leader","floor":23,"turns":3}],"seed_played":"4898726693107488179","potions_obtained":[{"floor":1,"key":"Weak Potion"},{"floor":7,"key":"SteroidPotion"},{"floor":12,"key":"Poison Potion"},{"floor":13,"key":"SteroidPotion"},{"floor":14,"key":"EntropicBrew"},{"floor":16,"key":"Weak Potion"},{"floor":18,"key":"Explosive Potion"},{"floor":19,"key":"Regen Potion"},{"floor":22,"key":"LiquidBronze"}],"is_trial":false,"path_per_floor":["M","M","M","M","?","R","E","M","T","R","?","M","M","M","R","B",null,"M","?","M","$","M","E"],"character_chosen":"THE_SILENT","items_purchased":["Matryoshka"],"campfire_rested":3,"item_purchase_floors":[21],"current_hp_per_floor":[59,59,59,38,26,45,13,2,2,21,27,22,6,6,27,19,59,42,42,15,15,8,0],"gold":302,"neow_bonus":"THREE_ENEMY_KILL","is_prod":false,"is_daily":false,"chose_seed":false,"campfire_upgraded":0,"win_rate":0,"timestamp":1545143931,"path_taken":["M","M","?","M","?","R","E","M","T","R","?","?","M","?","R","BOSS","M","?","?","$","M","E"],"build_version":"2018-12-13","purchased_purges":1,"victory":false,"max_hp_per_floor":[66,66,66,66,66,66,66,66,66,66,72,72,72,72,72,72,72,72,72,72,72,72,72],"card_choices":[{"not_picked":["Infinite Blades","PiercingWail"],"picked":"Terror","floor":1},{"not_picked":["Deadly Poison","Reflex"],"picked":"PiercingWail","floor":2},{"not_picked":["Distraction","Predator"],"picked":"Dagger Spray","floor":3},{"not_picked":["Blade Dance","PiercingWail","Tactician"],"picked":"SKIP","floor":4},{"not_picked":["Calculated Gamble","Underhanded Strike"],"picked":"Sucker Punch","floor":7},{"not_picked":["Eviscerate","Unload","Sucker Punch"],"picked":"SKIP","floor":8},{"not_picked":["Acrobatics","Bane"],"picked":"Slice","floor":12},{"not_picked":["Deadly Poison","Tactician","Outmaneuver"],"picked":"SKIP","floor":13},{"not_picked":["Bane","Acrobatics"],"picked":"Riddle With Holes","floor":14},{"not_picked":["After Image","Night Terror"],"picked":"Phantasmal Killer","floor":16},{"not_picked":["Deadly Poison","Flying Knee"],"picked":"Quick Slash","floor":18},{"not_picked":["Choke","Caltrops"],"picked":"Flying Knee","floor":20},{"not_picked":["All Out Attack","Prepared"],"picked":"Backflip","floor":22}],"player_experience":890701,"relics_obtained":[{"floor":7,"key":"Bottled Lightning"},{"floor":9,"key":"Gambling Chip"}],"event_choices":[{"damage_healed":0,"gold_gain":0,"player_choice":"Success","damage_taken":12,"relics_obtained":["Darkstone Periapt"],"max_hp_gain":0,"max_hp_loss":0,"event_name":"Scrap Ooze","floor":5,"gold_loss":0},{"damage_healed":0,"gold_gain":275,"player_choice":"Desecrate","damage_taken":0,"max_hp_gain":0,"max_hp_loss":0,"event_name":"Golden Shrine","floor":11,"gold_loss":0,"cards_obtained":["Regret"]},{"damage_healed":0,"gold_gain":0,"player_choice":"Got Potions","damage_taken":0,"max_hp_gain":0,"max_hp_loss":0,"event_name":"Lab","floor":19,"gold_loss":0}],"is_beta":false,"boss_relics":[{"not_picked":["White Beast Statue","Orrery"],"picked":"Lizard Tail"}],"items_purged_floors":[21],"is_endless":false,"potions_floor_spawned":[1,7,12,13,14,16,18,22],"killed_by":"Gremlin Leader","ascension_level":14}