{"gold_per_floor":[117,136,156,174,251,251,268,300,369,369],"floor_reached":10,"playtime":475,"items_purged":[],"score":140,"play_id":"ab028957-30c6-4d8b-9416-b93f299d64ba","local_time":"20190506131314","is_ascension_mode":true,"campfire_choices":[{"data":"Neutralize","floor":6,"key":"SMITH"}],"neow_cost":"NONE","seed_source_timestamp":1047414582859921,"circlet_count":0,"master_deck":["AscendersBane","Defend_G","Defend_G","Defend_G","Defend_G","Defend_G","Strike_G","Strike_G","Strike_G","Strike_G","Strike_G","Survivor","Neutralize+1","Blade Dance","Underhanded Strike","Finisher","Dagger Throw","Footwork"],"relics":["Ring of the Snake","Frozen Egg 2"],"potions_floor_usage":[10],"damage_taken":[{"damage":2,"enemies":"Jaw Worm","floor":1,"turns":6},{"damage":8,"enemies":"2 Louse","floor":2,"turns":4},{"damage":1,"enemies":"Cultist","floor":3,"turns":4},{"damage":1,"enemies":"Looter","floor":4,"turns":4},{"damage":0,"enemies":"Large Slime","floor":7,"turns":4},{"damage":30,"enemies":"Gremlin Nob","floor":8,"turns":4},{"damage":30,"enemies":"3 Sentries","floor":10,"turns":6}],"seed_played":"8919654180898030709","potions_obtained":[{"floor":1,"key":"Poison Potion"},{"floor":8,"key":"AttackPotion"}],"is_trial":false,"path_per_floor":["M","M","M","M","?","R","M","E","T","E"],"character_chosen":"THE_SILENT","items_purchased":[],"campfire_rested":0,"item_purchase_floors":[],"current_hp_per_floor":[63,55,54,53,53,53,53,23,23,0],"gold":369,"neow_bonus":"TEN_PERCENT_HP_BONUS","is_prod":false,"is_daily":false,"chose_seed":false,"campfire_upgraded":1,"win_rate":0,"timestamp":1557162794,"path_taken":["M","M","M","M","?","R","M","E","T","E"],"build_version":"2019-01-23","purchased_purges":0,"victory":false,"max_hp_per_floor":[72,72,72,72,72,72,72,72,72,72],"card_choices":[{"not_picked":["Reflex","Deflect"],"picked":"Blade Dance","floor":1},{"not_picked":["Blade Dance","Acrobatics"],"picked":"Underhanded Strike","floor":2},{"not_picked":["Slice","Masterful Stab"],"picked":"Finisher","floor":3},{"not_picked":["Blur","PiercingWail"],"picked":"Dagger Throw","floor":4},{"not_picked":["Slice","Backflip"],"picked":"Footwork","floor":7},{"not_picked":["Prepared","All Out Attack","Acrobatics"],"picked":"SKIP","floor":8}],"player_experience":1473648,"relics_obtained":[{"floor":8,"key":"Frozen Egg 2"}],"event_choices":[{"damage_healed":0,"gold_gain":77,"player_choice":"Gained Gold","damage_taken":0,"max_hp_gain":0,"max_hp_loss":0,"event_name":"Golden Wing","floor":5,"gold_loss":0}],"is_beta":false,"boss_relics":[],"items_purged_floors":[],"is_endless":false,"potions_floor_spawned":[1,8],"killed_by":"3 Sentries","ascension_level":20}