{"gold_per_floor":[115,11,27,47,65,65,65,65,140,140,159,194,194,211,211,311,311,328,344,294,5,25,25,44,44,92,92,107,107,118,144,144,243,243,254,254,33,46,46,46,73,73,73,102,102,135,6,106,106,106],"floor_reached":50,"playtime":3354,"items_purged":["Strike_G"],"score":942,"play_id":"f4d86ec1-89df-4ebd-9950-f2036c8b6d66","local_time":"20190702163245","is_ascension_mode":true,"campfire_choices":[{"data":"Neutralize","floor":6.0,"key":"SMITH"},{"data":"Bouncing Flask","floor":8.0,"key":"SMITH"},{"floor":13.0,"key":"REST"},{"floor":15.0,"key":"REST"},{"data":"Noxious Fumes","floor":23.0,"key":"SMITH"},{"floor":27.0,"key":"REST"},{"data":"Footwork","floor":29.0,"key":"SMITH"},{"floor":32.0,"key":"REST"},{"data":"Burst","floor":40,"key":"SMITH"},{"floor":42,"key":"REST"},{"floor":49,"key":"REST"}],"neow_cost":"NONE","seed_source_timestamp":0,"circlet_count":0,"master_deck":["AscendersBane","Defend_G","Defend_G","Defend_G","Defend_G","Defend_G","Strike_G","Strike_G+1","Survivor","Neutralize+1","Distraction","Choke+1","Backflip","Underhanded Strike","Bouncing Flask+1","Deadly Poison","Sucker Punch","Dagger Spray","Cloak And Dagger","Corpse Explosion","Riddle With Holes","Masterful Stab+1","Noxious Fumes+1","Flying Knee","Footwork+1","Underhanded Strike","Crippling Poison","Catalyst+1","Burst+1","Violence","Dark Shackles","Footwork","Backflip","Crippling Poison","Writhe","Skewer","Dodge and Roll"],"special_seed":0,"relics":["Snecko Eye","Ninja Scroll","Orichalcum","Black Star","Regal Pillow","Anchor","Bag of Preparation","Kunai","Busted Crown","Boot","Bag of Marbles","Gremlin Horn","Pear","Juzu Bracelet","Frozen Egg 2","Bottled Lightning","Prayer Wheel"],"potions_floor_usage":[33,33,41,41,50,50],"damage_taken":[{"damage":0.0,"enemies":"Jaw Worm","floor":1.0,"turns":4.0},{"damage":0.0,"enemies":"Small Slimes","floor":3.0,"turns":3.0},{"damage":2.0,"enemies":"Cultist","floor":4.0,"turns":4.0},{"damage":0.0,"enemies":"Red Slaver","floor":5.0,"turns":2.0},{"damage":16.0,"enemies":"Gremlin Gang","floor":11.0,"turns":5.0},{"damage":17.0,"enemies":"3 Sentries","floor":12.0,"turns":5.0},{"damage":0.0,"enemies":"2 Fungi Beasts","floor":14.0,"turns":3.0},{"damage":32.0,"enemies":"Slime Boss","floor":16.0,"turns":12.0},{"damage":0.0,"enemies":"Spheric Guardian","floor":18.0,"turns":3.0},{"damage":14.0,"enemies":"2 Thieves","floor":19.0,"turns":2.0},{"damage":7.0,"enemies":"Cultist and Chosen","floor":22.0,"turns":4.0},{"damage":23.0,"enemies":"Snake Plant","floor":24.0,"turns":5.0},{"damage":0.0,"enemies":"3 Cultists","floor":28.0,"turns":2.0},{"damage":19.0,"enemies":"Centurion and Healer","floor":30.0,"turns":6.0},{"damage":27.0,"enemies":"Book of Stabbing","floor":31.0,"turns":6.0},{"damage":34,"enemies":"Collector","floor":33,"turns":8},{"damage":1,"enemies":"3 Darklings","floor":35,"turns":4},{"damage":13,"enemies":"3 Shapes","floor":38,"turns":4},{"damage":27,"enemies":"Reptomancer","floor":41,"turns":7},{"damage":30,"enemies":"Nemesis","floor":44,"turns":7},{"damage":3,"enemies":"Giant Head","floor":46,"turns":6},{"damage":9,"enemies":"Mind Bloom Boss Battle","floor":48,"turns":6},{"damage":73,"enemies":"Time Eater","floor":50,"turns":11}],"seed_played":"5606133134969730600","potions_obtained":[{"floor":1.0,"key":"Swift Potion"},{"floor":5.0,"key":"PowerPotion"},{"floor":12.0,"key":"Swift Potion"},{"floor":18.0,"key":"GamblersBrew"},{"floor":28.0,"key":"LiquidBronze"},{"floor":33,"key":"SkillPotion"},{"floor":46,"key":"Fire Potion"}],"is_trial":false,"path_per_floor":["M","$","M","M","M","R","?","R","T","?","M","E","R","M","R","B",null,"M","M","?","$","M","R","M","$","T","R","M","R","M","E","R","B",null,"M","?","$","M","?","R","E","R","T","E","?","E","$","?","R","B"],"character_chosen":"THE_SILENT","items_purchased":["Choke","Backflip","Noxious Fumes","Regal Pillow","Strength Potion","Footwork","Strength Potion","Backflip","GhostInAJar","Dodge and Roll"],"campfire_rested":6,"item_purchase_floors":[2,2,21,21,21,37,37,37,47,47],"current_hp_per_floor":[63,63,63,61,61,61,47,47,47,47,31,14,35,35,56,24,59,59,45,45,45,38,38,15,15,15,51,51,51,32,5,41,7,54,53,48,48,35,53,53,26,62,62,42,42,39,39,30,69,0],"gold":106,"neow_bonus":"BOSS_RELIC","is_prod":false,"is_daily":false,"chose_seed":false,"campfire_upgraded":5,"win_rate":0,"timestamp":1562049165,"path_taken":["M","$","M","M","M","R","?","R","T","?","M","E","R","M","R","BOSS","M","M","?","$","M","R","?","$","T","R","?","R","M","E","R","BOSS","M","?","$","M","?","R","E","R","T","E","?","E","?","?","R","BOSS"],"build_version":"2019-07-01","purchased_purges":1,"victory":false,"max_hp_per_floor":[70,70,70,70,70,70,70,70,70,70,70,70,70,70,70,70,70,70,70,70,70,70,70,70,70,70,70,70,70,70,70,70,70,70,70,70,70,70,70,70,70,70,70,80,80,80,80,80,80,80],"card_choices":[{"not_picked":["Accuracy","Bane"],"picked":"Distraction","floor":1.0},{"not_picked":["Flying Knee","Distraction"],"picked":"Underhanded Strike","floor":3.0},{"not_picked":["Crippling Poison","Tactician"],"picked":"Bouncing Flask","floor":4.0},{"not_picked":["Infinite Blades","Slice"],"picked":"Deadly Poison","floor":5.0},{"not_picked":["Dodge and Roll","Blade Dance"],"picked":"Sucker Punch","floor":11.0},{"not_picked":["Endless Agony","Slice"],"picked":"Dagger Spray","floor":12.0},{"not_picked":["Deadly Poison","Accuracy"],"picked":"Cloak And Dagger","floor":14.0},{"not_picked":["Grand Finale","After Image"],"picked":"Corpse Explosion","floor":16.0},{"not_picked":["Distraction+1","Underhanded Strike"],"picked":"Riddle With Holes","floor":18.0},{"not_picked":["Skewer","Flechettes+1"],"picked":"Masterful Stab+1","floor":19.0},{"not_picked":["Concentrate","Deadly Poison"],"picked":"Flying Knee","floor":22.0},{"not_picked":["Riddle With Holes","Deadly Poison"],"picked":"Footwork","floor":24.0},{"not_picked":["Blade Dance","Flechettes"],"picked":"Underhanded Strike","floor":28.0},{"not_picked":["Choke","Flying Knee"],"picked":"Crippling Poison","floor":30.0},{"not_picked":["Bouncing Flask","Tactician"],"picked":"Catalyst+1","floor":31.0},{"not_picked":["Grand Finale","A Thousand Cuts"],"picked":"Burst","floor":33},{"not_picked":["Dagger Spray"],"picked":"SKIP","floor":35},{"not_picked":[],"picked":"Violence","floor":36},{"not_picked":[],"picked":"Dark Shackles","floor":36},{"not_picked":[],"picked":"Crippling Poison","floor":38},{"not_picked":["Blade Dance"],"picked":"SKIP","floor":41},{"not_picked":["Slice"],"picked":"SKIP","floor":44},{"not_picked":[],"picked":"Skewer","floor":46}],"player_experience":887379,"relics_obtained":[{"floor":9.0,"key":"Ninja Scroll"},{"floor":12.0,"key":"Orichalcum"},{"floor":26.0,"key":"Anchor"},{"floor":31.0,"key":"Bag of Preparation"},{"floor":31.0,"key":"Kunai"},{"floor":41,"key":"Boot"},{"floor":41,"key":"Bag of Marbles"},{"floor":43,"key":"Gremlin Horn"},{"floor":44,"key":"Pear"},{"floor":44,"key":"Juzu Bracelet"},{"floor":46,"key":"Frozen Egg 2"},{"floor":46,"key":"Bottled Lightning"},{"floor":48,"key":"Prayer Wheel"}],"event_choices":[{"damage_healed":0.0,"max_hp_gain":0.0,"max_hp_loss":0.0,"gold_gain":0.0,"event_name":"Shining Light","player_choice":"Entered Light","floor":7.0,"gold_loss":0.0,"damage_taken":14.0,"cards_upgraded":["Strike_G","Choke"]},{"cards_removed":["Strike_G"],"damage_healed":0.0,"max_hp_gain":0.0,"max_hp_loss":0.0,"gold_gain":0.0,"event_name":"Purifier","player_choice":"Purged","floor":10.0,"gold_loss":0.0,"damage_taken":0.0},{"damage_healed":0.0,"max_hp_gain":0.0,"max_hp_loss":0.0,"gold_gain":0.0,"event_name":"The Joust","player_choice":"Bet on Owner","floor":20.0,"gold_loss":50.0,"damage_taken":0.0},{"damage_healed":0,"gold_gain":0,"player_choice":"Memory 2","damage_taken":5,"max_hp_gain":0,"max_hp_loss":0,"event_name":"SensoryStone","floor":36,"gold_loss":0},{"damage_healed":18,"gold_gain":0,"player_choice":"Writhe","damage_taken":0,"max_hp_gain":0,"max_hp_loss":0,"event_name":"Winding Halls","floor":39,"gold_loss":0,"cards_obtained":["Writhe"]},{"cards_removed":["Strike_G"],"damage_healed":0,"gold_gain":0,"player_choice":"Removed Attack","damage_taken":0,"max_hp_gain":0,"max_hp_loss":0,"event_name":"Falling","floor":45,"gold_loss":0},{"damage_healed":0,"gold_gain":0,"player_choice":"Fight","damage_taken":0,"max_hp_gain":0,"max_hp_loss":0,"event_name":"MindBloom","floor":48,"gold_loss":0}],"is_beta":false,"boss_relics":[{"not_picked":["Fusion Hammer","HoveringKite"],"picked":"Black Star"},{"not_picked":["Astrolabe","WristBlade"],"picked":"Busted Crown"}],"items_purged_floors":[37],"is_endless":false,"potions_floor_spawned":[1,5,12,18,28,30,31,33,38,46],"killed_by":"Time Eater","ascension_level":12}