{"gold_per_floor":[113,113,113,5,20,52,52,62,62,62,81,81,81,121,121,212,212,228,228,41,61,61,61,75,75,75,93,116,41,41,57,57,153,153,167,191,215,236,305,305,305],"floor_reached":41,"playtime":1609,"items_purged":["Injury"],"score":745,"play_id":"ed4f562e-da6b-4fca-8b0d-cdc98df14a4e","local_time":"20190806014138","is_ascension_mode":true,"campfire_choices":[{"data":"Pommel Strike","floor":7.0,"key":"SMITH"},{"floor":10.0,"key":"REST"},{"data":"Wild Strike","floor":13.0,"key":"SMITH"},{"floor":15.0,"key":"REST"},{"floor":23.0,"key":"REST"},{"floor":25.0,"key":"REST"},{"floor":32,"key":"REST"},{"floor":40,"key":"REST"}],"neow_cost":"CURSE","seed_source_timestamp":26593957626131,"circlet_count":0,"master_deck":["AscendersBane","Strike_R","Strike_R","Strike_R","Strike_R","Strike_R","Defend_R","Defend_R","Defend_R","Defend_R","Bash+1","Clothesline+1","Thunderclap","Pommel Strike+1","Wild Strike+1","Juggernaut","Infernal Blade+1","Warcry+1","Immolate","Inflame","RitualDagger","Corruption","Dark Shackles+1","Metallicize","Havoc+1","Dropkick+1","Pain","Shockwave+1","Offering+1","Shrug It Off+1","Rupture+1","True Grit+1","Cleave+1"],"special_seed":0,"relics":["Burning Blood","Incense Burner","Spirit Poop","Toxic Egg 2","Gremlin Horn","Golden Idol","Question Card","Snecko Eye","Blue Candle","WarpedTongs","Runic Cube","Ginger"],"potions_floor_usage":[33,36],"damage_taken":[{"damage":8.0,"enemies":"Small Slimes","floor":1.0,"turns":3.0},{"damage":7.0,"enemies":"2 Louse","floor":5.0,"turns":2.0},{"damage":25.0,"enemies":"Lagavulin","floor":6.0,"turns":6.0},{"damage":6.0,"enemies":"Cultist","floor":8.0,"turns":3.0},{"damage":11.0,"enemies":"3 Louse","floor":11.0,"turns":3.0},{"damage":15.0,"enemies":"3 Sentries","floor":14.0,"turns":6.0},{"damage":48.0,"enemies":"Slime Boss","floor":16.0,"turns":9.0},{"damage":28.0,"enemies":"2 Thieves","floor":18.0,"turns":3.0},{"damage":19.0,"enemies":"Spheric Guardian","floor":21.0,"turns":5.0},{"damage":12.0,"enemies":"Shelled Parasite and Fungi","floor":24.0,"turns":3.0},{"damage":30.0,"enemies":"Chosen and Byrds","floor":27.0,"turns":6.0},{"damage":16.0,"enemies":"Snake Plant","floor":28.0,"turns":4.0},{"damage":2,"enemies":"Centurion and Healer","floor":31,"turns":4},{"damage":47,"enemies":"Champ","floor":33,"turns":7},{"damage":2,"enemies":"Orb Walker","floor":35,"turns":3},{"damage":16,"enemies":"3 Shapes","floor":36,"turns":4},{"damage":7,"enemies":"Sphere and 2 Shapes","floor":37,"turns":3},{"damage":19,"enemies":"3 Darklings","floor":38,"turns":3},{"damage":8,"enemies":"2 Orb Walkers","floor":39,"turns":3},{"damage":65,"enemies":"Giant Head","floor":41,"turns":7}],"seed_played":"-8798221426483112633","potions_obtained":[{"floor":1.0,"key":"AttackPotion"},{"floor":8.0,"key":"EssenceOfSteel"},{"floor":14.0,"key":"Ancient Potion"},{"floor":18.0,"key":"Dexterity Potion"},{"floor":24.0,"key":"FearPotion"},{"floor":33,"key":"Explosive Potion"},{"floor":36,"key":"LiquidBronze"}],"is_trial":false,"path_per_floor":["M","?","?","$","M","E","R","M","T","R","M","?","R","E","R","B",null,"M","?","$","M","?","R","M","R","T","M","M","$","?","M","R","B",null,"M","M","M","M","?","R","E"],"character_chosen":"IRONCLAD","items_purchased":["Thunderclap","BloodPotion","Corruption","Dark Shackles+1"],"campfire_rested":6,"item_purchase_floors":[4,4,20,20],"current_hp_per_floor":[66,43,43,43,42,41,41,41,41,63,58,58,58,49,71,29,64,42,36,36,23,23,45,39,61,61,37,27,27,27,31,53,12,59,63,53,52,39,37,59,0],"gold":305,"neow_bonus":"ONE_RARE_RELIC","is_prod":false,"is_daily":false,"chose_seed":false,"campfire_upgraded":2,"win_rate":0,"timestamp":1565019698,"path_taken":["M","?","?","$","?","E","R","M","T","R","M","?","R","E","R","BOSS","M","?","$","M","?","R","M","R","T","M","?","$","?","M","R","BOSS","M","M","M","?","?","R","E"],"build_version":"2019-07-17","purchased_purges":1,"victory":false,"max_hp_per_floor":[75,75,75,75,75,75,75,75,75,75,75,75,75,75,75,75,75,75,75,75,75,75,75,75,75,75,75,75,75,75,75,75,75,75,75,75,75,75,75,75,75],"card_choices":[{"not_picked":["Havoc","Heavy Blade"],"picked":"Clothesline","floor":1.0},{"not_picked":["Rupture","Body Slam"],"picked":"Pommel Strike","floor":5.0},{"not_picked":["Headbutt","Second Wind"],"picked":"Wild Strike","floor":6.0},{"not_picked":["Thunderclap","Hemokinesis"],"picked":"Juggernaut","floor":8.0},{"not_picked":["Perfected Strike","Wild Strike"],"picked":"Infernal Blade+1","floor":11.0},{"not_picked":["Infernal Blade+1","Twin Strike"],"picked":"Warcry+1","floor":14.0},{"not_picked":["Double Tap+1","Feed","Dark Embrace"],"picked":"Immolate","floor":16.0},{"not_picked":["Clash","Seeing Red+1","Cleave"],"picked":"Inflame","floor":18.0},{"not_picked":["Perfected Strike","Corruption+1","Thunderclap"],"picked":"Metallicize","floor":21.0},{"not_picked":["Pommel Strike+1","Clothesline+1","Clash"],"picked":"Havoc+1","floor":24.0},{"not_picked":["Wild Strike","Bloodletting+1","Immolate","Warcry+1"],"picked":"SKIP","floor":27.0},{"not_picked":["Iron Wave","Pommel Strike","Sever Soul"],"picked":"Dropkick+1","floor":28.0},{"not_picked":["Clash","Carnage","Sever Soul+1"],"picked":"Shockwave+1","floor":31},{"not_picked":["Double Tap+1","Barricade","Exhume+1"],"picked":"Offering+1","floor":33},{"not_picked":["Pummel","Pommel Strike","Heavy Blade","Twin Strike"],"picked":"SKIP","floor":35},{"not_picked":["Clothesline","Combust","Rage+1"],"picked":"Shrug It Off+1","floor":36},{"not_picked":["Pummel","Iron Wave","Searing Blow"],"picked":"Rupture+1","floor":37},{"not_picked":["Pommel Strike","Iron Wave","Warcry+1"],"picked":"True Grit+1","floor":38},{"not_picked":["Reckless Charge","Clash","Twin Strike"],"picked":"Cleave+1","floor":39}],"player_experience":1148414,"relics_obtained":[{"floor":6.0,"key":"Toxic Egg 2"},{"floor":9.0,"key":"Gremlin Horn"},{"floor":14.0,"key":"Question Card"},{"floor":26.0,"key":"Blue Candle"},{"floor":39,"key":"Ginger"}],"event_choices":[{"damage_healed":0.0,"max_hp_gain":0.0,"max_hp_loss":0.0,"gold_gain":0.0,"event_name":"Shining Light","player_choice":"Entered Light","floor":2.0,"gold_loss":0.0,"damage_taken":23.0,"cards_upgraded":["Clothesline","Bash"]},{"cards_removed":["Shame"],"damage_healed":0.0,"max_hp_gain":0.0,"max_hp_loss":0.0,"gold_gain":0.0,"event_name":"Bonfire Elementals","player_choice":"Offered Curse","floor":3.0,"gold_loss":0.0,"damage_taken":0.0,"relics_obtained":["Spirit Poop"]},{"damage_healed":0.0,"max_hp_gain":0.0,"max_hp_loss":0.0,"gold_gain":0.0,"event_name":"Golden Idol","player_choice":"Take Wound","floor":12.0,"gold_loss":0.0,"damage_taken":0.0,"relics_obtained":["Golden Idol"],"cards_obtained":["Injury"]},{"damage_healed":0.0,"max_hp_gain":0.0,"max_hp_loss":0.0,"gold_gain":0.0,"event_name":"Nest","player_choice":"Joined the Cult","floor":19.0,"gold_loss":0.0,"damage_taken":6.0,"cards_obtained":["RitualDagger"]},{"damage_healed":0.0,"max_hp_gain":0.0,"max_hp_loss":0.0,"gold_gain":0.0,"event_name":"N\u0027loth","player_choice":"Ignored","floor":22.0,"gold_loss":0.0,"damage_taken":0.0},{"damage_healed":0.0,"max_hp_gain":0.0,"max_hp_loss":0.0,"gold_gain":0.0,"event_name":"Accursed Blacksmith","player_choice":"Rummage","floor":30.0,"gold_loss":0.0,"damage_taken":0.0,"relics_obtained":["WarpedTongs"],"cards_obtained":["Pain"]},{"damage_healed":0,"gold_gain":0,"player_choice":"Fight","damage_taken":0,"max_hp_gain":0,"max_hp_loss":0,"event_name":"Mysterious Sphere","floor":39,"gold_loss":0}],"is_beta":false,"boss_relics":[{"not_picked":["Eternal Feather","Sozu"],"picked":"Snecko Eye"},{"not_picked":["Runic Dome","Coffee Dripper"],"picked":"Runic Cube"}],"items_purged_floors":[29],"is_endless":false,"potions_floor_spawned":[1,8,14,18,21,24,33,36,38],"killed_by":"Giant Head","ascension_level":17}