{"gold_per_floor":[112,132,147,72,72,106,106,126,126,126,2,2,25,56,56,179,179,195,208,208,0,18,18,32,32,32,45,59,82,82,106,106,235,235,254,4,17,41,41,41,41,41,64,64,89,89,105,129,129,129],"floor_reached":50,"playtime":2654,"items_purged":["Strike_R"],"score":758,"play_id":"c21c8be6-e073-4832-b1c4-411200a1b9ee","local_time":"20180801174437","is_ascension_mode":true,"campfire_choices":[{"floor":12,"key":"REST"},{"data":"Bash","floor":15,"key":"SMITH"},{"data":"Immolate","floor":23,"key":"SMITH"},{"data":"Feel No Pain","floor":30,"key":"SMITH"},{"data":"Juggernaut","floor":32,"key":"SMITH"},{"data":"Feed","floor":40,"key":"SMITH"},{"data":"Fire Breathing","floor":44,"key":"SMITH"},{"data":"Armaments","floor":46,"key":"SMITH"},{"data":"Shrug It Off","floor":49,"key":"SMITH"}],"neow_cost":"NONE","seed_source_timestamp":1807270749137485,"circlet_count":0,"master_deck":["Strike_R","Strike_R","Strike_R","Defend_R","Defend_R","Defend_R","Bash+1","Corruption+1","Shrug It Off+1","Exhume","Armaments+1","Jack Of All Trades+1","Seeing Red+1","Armaments+1","Havoc+1","Immolate+1","Flame Barrier+1","Warcry+1","Shockwave+1","Feel No Pain+1","Juggernaut+1","Shrug It Off+1","Disarm+1","Flame Barrier+1","Feed+1","Shrug It Off+1","Body Slam+1","Fire Breathing+1","Madness+1","Madness+1","Normality","Sword Boomerang+1","Twin Strike+1","Warcry+1"],"relics":["Runic Pyramid","Blood Vial","Toxic Egg 2","Golden Idol","Du-Vu Doll","Coffee Dripper","Strange Spoon","Mummified Hand","Cursed Key","Medical Kit","Happy Flower"],"potions_floor_usage":[13,16,16,29,33,33,33,47,50],"damage_taken":[{"damage":4,"enemies":"Jaw Worm","floor":1,"turns":4},{"damage":3,"enemies":"2 Louse","floor":2,"turns":4},{"damage":0,"enemies":"Cultist","floor":3,"turns":4},{"damage":39,"enemies":"Gremlin Nob","floor":6,"turns":5},{"damage":3,"enemies":"Blue Slaver","floor":8,"turns":3},{"damage":0,"enemies":"Large Slime","floor":13,"turns":5},{"damage":0,"enemies":"Lagavulin","floor":14,"turns":6},{"damage":0,"enemies":"Slime Boss","floor":16,"turns":8},{"damage":19,"enemies":"3 Byrds","floor":18,"turns":5},{"damage":7,"enemies":"Chosen","floor":19,"turns":4},{"damage":2,"enemies":"3 Cultists","floor":22,"turns":4},{"damage":6,"enemies":"Snake Plant","floor":24,"turns":4},{"damage":0,"enemies":"Chosen and Byrds","floor":27,"turns":4},{"damage":0,"enemies":"3 Cultists","floor":28,"turns":2},{"damage":3,"enemies":"Slaver and Parasite","floor":29,"turns":4},{"damage":0,"enemies":"Centurion and Healer","floor":31,"turns":4},{"damage":0,"enemies":"Collector","floor":33,"turns":7},{"damage":0,"enemies":"Flame Bruiser 1 Orb","floor":35,"turns":4},{"damage":0,"enemies":"Orb Walker","floor":37,"turns":3},{"damage":5,"enemies":"Spire Growth","floor":38,"turns":5},{"damage":18,"enemies":"4 Shapes","floor":45,"turns":2},{"damage":15,"enemies":"Sphere and 2 Shapes","floor":47,"turns":5},{"damage":20,"enemies":"Maw","floor":48,"turns":12},{"damage":32,"enemies":"Donu and Deca","floor":50,"turns":3}],"seed_played":"-2726881989760629504","potions_obtained":[{"floor":3,"key":"Fire Potion"},{"floor":6,"key":"AttackPotion"},{"floor":14,"key":"PowerPotion"},{"floor":22,"key":"SkillPotion"},{"floor":24,"key":"GamblersBrew"},{"floor":27,"key":"LiquidBronze"},{"floor":29,"key":"FearPotion"},{"floor":31,"key":"Regen Potion"},{"floor":38,"key":"SteroidPotion"},{"floor":45,"key":"AttackPotion"},{"floor":47,"key":"Strength Potion"}],"is_trial":false,"path_per_floor":["M","M","M","$","?","E","?","M","T","?","$","R","M","E","R","B",null,"M","M","?","$","M","R","M","?","T","M","M","M","R","M","R","B",null,"M","$","M","M","?","R","?","?","T","R","M","R","M","M","R"],"character_chosen":"IRONCLAD","items_purchased":["Jack Of All Trades+1","Seeing Red+1","Strange Spoon","Medical Kit","Shrug It Off+1"],"campfire_rested":1,"item_purchase_floors":[11,11,21,36,36],"current_hp_per_floor":[68,65,65,65,58,19,19,18,18,18,18,40,46,52,52,54,69,52,47,47,47,47,47,43,43,43,45,47,46,46,48,48,65,72,77,77,81,80,80,80,80,69,69,69,53,53,40,22,22,0],"gold":129,"neow_bonus":"BOSS_RELIC","is_prod":false,"is_daily":false,"chose_seed":false,"campfire_upgraded":8,"win_rate":0,"timestamp":1533159877,"path_taken":["M","M","M","$","?","E","?","M","T","?","$","R","M","E","R","BOSS","M","M","?","$","M","R","M","?","T","?","M","M","R","M","R","BOSS","M","$","M","M","?","R","?","?","T","R","M","R","M","M","R","BOSS"],"build_version":"2018-07-26","purchased_purges":1,"victory":false,"max_hp_per_floor":[80,80,80,80,80,80,80,80,80,74,74,74,74,74,74,74,74,74,74,74,74,74,74,74,74,74,74,74,74,74,74,74,74,74,77,77,81,85,85,85,85,85,85,85,85,85,85,85,85,85],"card_choices":[{"not_picked":["Body Slam","Flex"],"picked":"Corruption","floor":1},{"not_picked":["Iron Wave","Flex"],"picked":"Shrug It Off","floor":2},{"not_picked":["Warcry","Pommel Strike"],"picked":"Exhume","floor":3},{"not_picked":["Warcry","Clothesline"],"picked":"Armaments","floor":6},{"not_picked":["Anger","Sever Soul","Heavy Blade"],"picked":"SKIP","floor":8},{"not_picked":["Warcry+1","Pommel Strike"],"picked":"Armaments+1","floor":13},{"not_picked":["Reckless Charge","Fiend Fire"],"picked":"Havoc+1","floor":14},{"not_picked":["Brutality","Limit Break+1"],"picked":"Immolate","floor":16},{"not_picked":["Burning Pact+1","Shrug It Off+1"],"picked":"Flame Barrier+1","floor":18},{"not_picked":["Sword Boomerang","Iron Wave"],"picked":"Warcry+1","floor":19},{"not_picked":["Sword Boomerang+1","Pommel Strike"],"picked":"Shockwave+1","floor":22},{"not_picked":["Wild Strike+1","Anger+1"],"picked":"Feel No Pain","floor":24},{"not_picked":["Anger","Pommel Strike"],"picked":"Juggernaut","floor":27},{"not_picked":["Body Slam","Pommel Strike+1"],"picked":"Shrug It Off+1","floor":28},{"not_picked":["Wild Strike+1","Warcry+1"],"picked":"Disarm+1","floor":29},{"not_picked":["Whirlwind","Anger"],"picked":"Flame Barrier+1","floor":31},{"not_picked":["Offering+1","Limit Break+1"],"picked":"Feed","floor":33},{"not_picked":["Sever Soul","Bloodletting+1","Flex+1"],"picked":"SKIP","floor":35},{"not_picked":["Clash+1","Havoc+1"],"picked":"Intimidate+1","floor":37},{"not_picked":["Thunderclap+1","Second Wind+1"],"picked":"Body Slam+1","floor":38},{"not_picked":["Hemokinesis","Headbutt+1"],"picked":"Sword Boomerang+1","floor":45},{"not_picked":["Entrench+1","Armaments+1"],"picked":"Twin Strike+1","floor":47},{"not_picked":["Armaments+1","Perfected Strike+1"],"picked":"Warcry+1","floor":48}],"player_experience":335622,"relics_obtained":[{"floor":6,"key":"Blood Vial"},{"floor":9,"key":"Toxic Egg 2"},{"floor":14,"key":"Du-Vu Doll"},{"floor":26,"key":"Mummified Hand"},{"floor":43,"key":"Happy Flower"}],"event_choices":[{"event_name":"Golden Wing","player_choice":"Card Removal","floor":5,"damage_taken":0},{"event_name":"Living Wall","player_choice":"Grow","floor":7,"damage_taken":0},{"event_name":"Golden Idol","player_choice":"Lose Max HP","floor":10,"damage_taken":0},{"event_name":"Drug Dealer","player_choice":"Ignored","floor":20,"damage_taken":0},{"event_name":"Addict","player_choice":"Ignored","floor":25,"damage_taken":0},{"event_name":"Falling","player_choice":"Removed Skill","floor":39,"damage_taken":0},{"event_name":"Transmorgrifier","player_choice":"Transform","floor":41,"damage_taken":0},{"event_name":"Winding Halls","player_choice":"Embrace Madness","floor":42,"damage_taken":0}],"is_beta":false,"boss_relics":[{"not_picked":["Empty Cage","Pandora\u0027s Box"],"picked":"Coffee Dripper"},{"not_picked":["Lizard Tail","Tiny House"],"picked":"Cursed Key"}],"items_purged_floors":[4],"is_endless":false,"potions_floor_spawned":[3,6,14,22,24,27,29,31,38,45,47],"killed_by":"Donu and Deca","ascension_level":6}