{"gold_per_floor":[116,3,23,23,36,36,71,87,87,104,104,117,117,32,32,32],"floor_reached":16,"playtime":356,"items_purged":[],"score":194,"play_id":"2451099f-bcc5-4cfb-aaa6-682edb8f824d","local_time":"20190906090530","is_ascension_mode":true,"campfire_choices":[{"data":"Sunder","floor":6,"key":"SMITH"},{"floor":11,"key":"REST"},{"data":"Zap","floor":13,"key":"SMITH"},{"data":"Creative AI","floor":15,"key":"SMITH"}],"neow_cost":"NONE","seed_source_timestamp":75577300561810,"circlet_count":0,"master_deck":["AscendersBane","Strike_B","Strike_B","Strike_B","Defend_B","Defend_B","Defend_B","Defend_B","Zap+1","Dualcast","Sunder+1","Self Repair","Melter","Ball Lightning","Ball Lightning","Chill","Cold Snap","Turbo","Creative AI+1","White Noise"],"relics":["Cracked Core","NeowsBlessing","Bottled Tornado","Question Card"],"potions_floor_usage":[7,12],"damage_taken":[{"damage":0,"enemies":"Jaw Worm","floor":1,"turns":1},{"damage":0,"enemies":"Cultist","floor":3,"turns":1},{"damage":0,"enemies":"Small Slimes","floor":5,"turns":1},{"damage":35,"enemies":"Lagavulin","floor":7,"turns":5},{"damage":12,"enemies":"Blue Slaver","floor":8,"turns":3},{"damage":5,"enemies":"Exordium Wildlife","floor":10,"turns":3},{"damage":3,"enemies":"3 Louse","floor":12,"turns":3},{"damage":68,"enemies":"Hexaghost","floor":16,"turns":9}],"seed_played":"-5009482153974020419","potions_obtained":[{"floor":1,"key":"SpeedPotion"},{"floor":3,"key":"Poison Potion"},{"floor":5,"key":"Fruit Juice"}],"is_trial":false,"path_per_floor":["M","$","M","?","M","R","E","M","T","M","R","M","R","$","R","B"],"character_chosen":"DEFECT","items_purchased":["Self Repair","Melter","White Noise"],"campfire_rested":1,"item_purchase_floors":[2,2,14],"current_hp_per_floor":[64,64,64,64,64,64,41,36,36,38,60,64,64,64,64,0],"gold":32,"neow_bonus":"THREE_ENEMY_KILL","is_prod":false,"is_daily":false,"chose_seed":false,"campfire_upgraded":3,"win_rate":0,"timestamp":1567724730,"path_taken":["M","$","M","?","M","R","E","M","T","?","R","M","R","?","R","BOSS"],"build_version":"2019-07-17","purchased_purges":0,"victory":false,"max_hp_per_floor":[71,71,71,71,71,71,76,76,76,76,76,76,76,76,76,76],"card_choices":[{"not_picked":["Undo","Stack"],"picked":"Sunder","floor":1},{"not_picked":["Conserve Battery","Steam Power"],"picked":"Ball Lightning","floor":3},{"not_picked":["Coolheaded","Tempest"],"picked":"Ball Lightning","floor":5},{"not_picked":["Steam","Gash"],"picked":"Chill","floor":7},{"not_picked":["Turbo","Sweeping Beam"],"picked":"Cold Snap","floor":8},{"not_picked":["Conserve Battery","Gash","Ball Lightning"],"picked":"Turbo","floor":10},{"not_picked":["Static Discharge","Chaos","Rebound"],"picked":"Creative AI","floor":12}],"player_experience":1259762,"relics_obtained":[{"floor":7,"key":"Bottled Tornado"},{"floor":9,"key":"Question Card"}],"event_choices":[{"cards_removed":["Strike_B"],"damage_healed":0,"gold_gain":0,"player_choice":"Purged","damage_taken":0,"max_hp_gain":0,"max_hp_loss":0,"event_name":"Purifier","floor":4,"gold_loss":0}],"is_beta":false,"boss_relics":[],"items_purged_floors":[],"is_endless":false,"potions_floor_spawned":[1,3,5],"killed_by":"Hexaghost","ascension_level":18}