{"gold_per_floor":[111,111,123,133,143,143,157,157,157,157,184,196,196,206,206,280,280,293,312,331,28,28],"floor_reached":22,"playtime":944,"items_purged":["Strike_G"],"score":323,"play_id":"968bc614-959e-47d5-9d52-85e4b85510e8","local_time":"20181220000623","is_ascension_mode":true,"campfire_choices":[{"data":"Blade Dance","floor":6.0,"key":"SMITH"},{"data":"Poisoned Stab","floor":10.0,"key":"SMITH"},{"floor":13.0,"key":"REST"},{"floor":15.0,"key":"RECALL"}],"neow_cost":"NONE","seed_source_timestamp":534643862412030,"circlet_count":0,"master_deck":["AscendersBane","Defend_G","Defend_G","Defend_G","Defend_G","Defend_G","Strike_G","Strike_G","Strike_G","Survivor","Neutralize","Dagger Spray","Dagger Spray","Poisoned Stab+1","Blade Dance+1","Leg Sweep","Burst","Riddle With Holes","Terror","Heel Hook"],"special_seed":0,"relics":["Ring of the Snake","Boot","The Courier","Regal Pillow","Black Star","Ninja Scroll"],"potions_floor_usage":[22],"damage_taken":[{"damage":0.0,"enemies":"2 Louse","floor":1.0,"turns":3.0},{"damage":1.0,"enemies":"Cultist","floor":3.0,"turns":4.0},{"damage":0.0,"enemies":"Jaw Worm","floor":4.0,"turns":3.0},{"damage":0.0,"enemies":"2 Fungi Beasts","floor":5.0,"turns":3.0},{"damage":10.0,"enemies":"Exordium Thugs","floor":7.0,"turns":4.0},{"damage":22.0,"enemies":"Gremlin Nob","floor":11.0,"turns":5.0},{"damage":0.0,"enemies":"3 Louse","floor":12.0,"turns":2.0},{"damage":0.0,"enemies":"Looter","floor":14.0,"turns":3.0},{"damage":38.0,"enemies":"Slime Boss","floor":16.0,"turns":9.0},{"damage":22.0,"enemies":"2 Thieves","floor":18.0,"turns":4.0},{"damage":0.0,"enemies":"Chosen","floor":19.0,"turns":3.0},{"damage":11.0,"enemies":"Centurion and Healer","floor":20.0,"turns":9.0},{"damage":22,"enemies":"Shelled Parasite and Fungi","floor":22,"turns":4}],"seed_played":"-625554043979275566","potions_obtained":[{"floor":3.0,"key":"Poison Potion"},{"floor":5.0,"key":"LiquidBronze"},{"floor":7.0,"key":"SpeedPotion"},{"floor":18.0,"key":"Fire Potion"}],"is_trial":false,"path_per_floor":["M","?","M","M","M","R","M","?","T","R","E","M","R","M","R","B",null,"M","M","M","$","M"],"character_chosen":"THE_SILENT","items_purchased":["Ninja Scroll","Dexterity Potion"],"campfire_rested":1,"item_purchase_floors":[21,21],"current_hp_per_floor":[59,52,51,51,51,51,41,41,41,41,19,19,53,53,53,15,53,31,31,20,20,0],"gold":28,"neow_bonus":"RANDOM_COMMON_RELIC","is_prod":false,"is_daily":false,"chose_seed":false,"campfire_upgraded":2,"win_rate":0,"timestamp":1545282383,"path_taken":["M","?","M","M","M","R","M","?","T","R","E","M","R","M","R","BOSS","M","?","M","$","M"],"build_version":"2018-12-13","purchased_purges":1,"victory":false,"max_hp_per_floor":[66,66,66,66,66,66,66,66,66,66,66,66,66,66,66,66,66,66,66,66,66,66],"card_choices":[{"not_picked":["Dodge and Roll","Crippling Poison"],"picked":"Dagger Spray","floor":1.0},{"not_picked":["Poisoned Stab","PiercingWail"],"picked":"Dagger Spray","floor":3.0},{"not_picked":["Caltrops","Backflip"],"picked":"Poisoned Stab","floor":4.0},{"not_picked":["Heel Hook","Predator"],"picked":"Blade Dance","floor":5.0},{"not_picked":["Quick Slash","Concentrate","Predator"],"picked":"SKIP","floor":7.0},{"not_picked":["PiercingWail","Escape Plan"],"picked":"Burst","floor":11.0},{"not_picked":["Backflip","Deflect"],"picked":"Riddle With Holes","floor":12.0},{"not_picked":["Sucker Punch","Dash","Dagger Spray"],"picked":"SKIP","floor":14.0},{"not_picked":["Prepared","PiercingWail"],"picked":"Terror","floor":18.0},{"not_picked":["Quick Slash","Concentrate","Masterful Stab+1"],"picked":"SKIP","floor":19.0},{"not_picked":["Dodge and Roll","Underhanded Strike"],"picked":"Heel Hook","floor":20.0}],"player_experience":917626,"relics_obtained":[{"floor":9.0,"key":"The Courier"},{"floor":11.0,"key":"Regal Pillow"}],"event_choices":[{"cards_removed":["Strike_G"],"damage_healed":0.0,"max_hp_gain":0.0,"max_hp_loss":0.0,"gold_gain":0.0,"event_name":"Golden Wing","player_choice":"Card Removal","floor":2.0,"gold_loss":0.0,"damage_taken":7.0},{"damage_healed":0.0,"max_hp_gain":0.0,"max_hp_loss":0.0,"gold_gain":0.0,"event_name":"Match and Keep!","player_choice":"1 cards matched","floor":8.0,"gold_loss":0.0,"damage_taken":0.0,"cards_obtained":["Leg Sweep"]}],"is_beta":false,"boss_relics":[{"not_picked":["White Beast Statue","WristBlade"],"picked":"Black Star"}],"items_purged_floors":[21],"is_endless":false,"potions_floor_spawned":[3,5,7,18],"killed_by":"Shelled Parasite and Fungi","ascension_level":14}