{"gold_per_floor":[111,111,123,44,55,55,87,87,87,112,112,132,94,94,94,197,197,207,207],"floor_reached":19,"playtime":483,"items_purged":[],"score":210,"play_id":"17ffe2b1-59d3-4627-9c25-e8c4360ca8c0","local_time":"20190911120058","is_ascension_mode":true,"campfire_choices":[{"data":"CrushJoints","floor":6.0,"key":"SMITH"},{"data":"Crescendo","floor":8.0,"key":"SMITH"},{"floor":15.0,"key":"REST"}],"neow_cost":"NONE","seed_source_timestamp":5761438692018,"circlet_count":0,"master_deck":["Strike_P","Strike_P","Strike_P","Defend_P","Defend_P","Defend_P","Eruption","Vigilance","CutThroughFate","CrushJoints+1","Establishment+1","Crescendo+1","FollowUp","Conclude","TalkToTheHand","Vault","CurseOfTheBell","DeusExMachina"],"special_seed":0,"relics":["PureWater","NeowsBlessing","Ice Cream","Peace Pipe","StoneCalendar","Calling Bell","Bag of Marbles","Letter Opener","WingedGreaves"],"potions_floor_usage":[16],"damage_taken":[{"damage":0.0,"enemies":"Small Slimes","floor":1.0,"turns":1.0},{"damage":0.0,"enemies":"Cultist","floor":3.0,"turns":1.0},{"damage":0.0,"enemies":"Jaw Worm","floor":5.0,"turns":1.0},{"damage":0.0,"enemies":"Gremlin Nob","floor":7.0,"turns":2.0},{"damage":39.0,"enemies":"3 Sentries","floor":10.0,"turns":5.0},{"damage":0.0,"enemies":"3 Louse","floor":12.0,"turns":1.0},{"damage":33,"enemies":"The Guardian","floor":16,"turns":8},{"damage":52,"enemies":"Spheric Guardian","floor":18,"turns":4},{"damage":24,"enemies":"Shell Parasite","floor":19,"turns":1}],"seed_played":"-8200472520434169685","potions_obtained":[{"floor":3.0,"key":"Weak Potion"},{"floor":5.0,"key":"AttackPotion"}],"is_trial":false,"path_per_floor":["M","?","M","$","M","R","E","R","T","E","?","M","?","?","R","B",null,"M","M"],"character_chosen":"WATCHER","items_purchased":["Establishment"],"campfire_rested":1,"item_purchase_floors":[4],"current_hp_per_floor":[65,58,58,58,58,58,58,58,58,19,19,19,19,19,38,5,65,13,0],"gold":207,"neow_bonus":"THREE_ENEMY_KILL","is_prod":false,"is_daily":false,"chose_seed":false,"campfire_upgraded":2,"win_rate":0,"timestamp":1568167258,"path_taken":["M","?","M","$","M","R","E","R","T","E","?","?","?","?","R","BOSS","M","M"],"build_version":"2019-09-10","purchased_purges":0,"victory":false,"max_hp_per_floor":[65,65,65,65,65,65,65,65,65,65,65,65,65,65,65,65,65,65,65],"card_choices":[{"not_picked":["JustLucky","EmptyMind"],"picked":"CutThroughFate","floor":1.0},{"not_picked":["FlurryOfBlows","WaveOfTheHand"],"picked":"CrushJoints","floor":3.0},{"not_picked":["Blasphemy","EmptyBody"],"picked":"Crescendo","floor":5.0},{"not_picked":["EmptyBody","Protect"],"picked":"FollowUp","floor":7.0},{"not_picked":["Clarity","Tantrum"],"picked":"Conclude","floor":10.0},{"not_picked":["Fasting","ThirdEye"],"picked":"TalkToTheHand","floor":12.0},{"not_picked":["Wallop","SignatureMove"],"picked":"Vault","floor":16},{"not_picked":["EmptyBody","ThirdEye+1"],"picked":"DeusExMachina","floor":18}],"player_experience":1283268,"relics_obtained":[{"floor":7.0,"key":"Ice Cream"},{"floor":9.0,"key":"Peace Pipe"},{"floor":10.0,"key":"StoneCalendar"},{"floor":17,"key":"Bag of Marbles"},{"floor":17,"key":"Letter Opener"},{"floor":17,"key":"WingedGreaves"}],"event_choices":[{"cards_removed":["Strike_P"],"damage_healed":0.0,"max_hp_gain":0.0,"max_hp_loss":0.0,"gold_gain":0.0,"event_name":"Golden Wing","player_choice":"Card Removal","floor":2.0,"gold_loss":0.0,"damage_taken":7.0},{"cards_removed":["Defend_P"],"damage_healed":0.0,"max_hp_gain":0.0,"max_hp_loss":0.0,"gold_gain":0.0,"event_name":"Purifier","player_choice":"Purged","floor":11.0,"gold_loss":0.0,"damage_taken":0.0},{"damage_healed":0.0,"max_hp_gain":0.0,"max_hp_loss":0.0,"gold_gain":0.0,"event_name":"World of Goop","player_choice":"Left Gold","floor":13.0,"gold_loss":38.0,"damage_taken":0.0},{"damage_healed":0.0,"max_hp_gain":0.0,"max_hp_loss":0.0,"gold_gain":0.0,"event_name":"Living Wall","player_choice":"Grow","floor":14.0,"gold_loss":0.0,"damage_taken":0.0,"cards_upgraded":["Establishment"]}],"is_beta":true,"boss_relics":[{"not_picked":["Runic Pyramid","Busted Crown"],"picked":"Calling Bell"}],"items_purged_floors":[],"is_endless":false,"potions_floor_spawned":[3,5],"killed_by":"Shell Parasite","ascension_level":1}