{"gold_per_floor":[119,139,139,10,21,52,52,52,78,78,28,60,60,76,76,174,224,234,55,73,73,92,92,126,126,179,191,228,259,286,298,310,322],"floor_reached":33,"playtime":1239,"items_purged":[],"score":352,"play_id":"e2517140-ef98-4d80-9b19-184daea6db34","local_time":"20190424162108","is_ascension_mode":true,"campfire_choices":[{"data":"Infinite Blades","floor":7,"key":"SMITH"},{"data":"Neutralize","floor":10,"key":"SMITH"},{"data":"Noxious Fumes","floor":13,"key":"SMITH"},{"floor":15,"key":"REST"},{"data":"Cloak And Dagger","floor":23,"key":"SMITH"},{"floor":25,"key":"REST"},{"data":"1","floor":27,"key":"LIFT"},{"floor":32,"key":"REST"}],"neow_cost":"NONE","seed_source_timestamp":722478039966,"circlet_count":0,"master_deck":["Defend_G","Defend_G+1","Defend_G","Defend_G","Defend_G","Strike_G","Strike_G","Strike_G","Strike_G","Survivor","Neutralize+1","Deflect","Infinite Blades+1","Bane","Corpse Explosion","Catalyst","Poisoned Stab","Noxious Fumes+1","Catalyst","Dodge and Roll","Distraction","A Thousand Cuts","Backflip","Backstab","Cloak And Dagger+1","Concentrate","Cloak And Dagger+1","Dodge and Roll+1","Dagger Throw","Endless Agony"],"relics":["Ring of the Snake","Vajra","Oddly Smooth Stone","Omamori","Blood Vial","Tiny House","Bronze Scales","Girya","MawBank","Bag of Marbles","GremlinMask"],"potions_floor_usage":[6,18,22,30,33],"damage_taken":[{"damage":0,"enemies":"2 Louse","floor":1,"turns":3},{"damage":1,"enemies":"Cultist","floor":2,"turns":4},{"damage":0,"enemies":"Small Slimes","floor":5,"turns":3},{"damage":8,"enemies":"Gremlin Nob","floor":6,"turns":3},{"damage":12,"enemies":"3 Sentries","floor":12,"turns":4},{"damage":26,"enemies":"Exordium Wildlife","floor":14,"turns":4},{"damage":25,"enemies":"Hexaghost","floor":16,"turns":7},{"damage":17,"enemies":"Spheric Guardian","floor":18,"turns":4},{"damage":6,"enemies":"3 Byrds","floor":20,"turns":4},{"damage":0,"enemies":"Centurion and Healer","floor":22,"turns":3},{"damage":30,"enemies":"Gremlin Leader","floor":24,"turns":6},{"damage":14,"enemies":"Book of Stabbing","floor":28,"turns":6},{"damage":31,"enemies":"Chosen and Byrds","floor":29,"turns":6},{"damage":9,"enemies":"Sentry and Sphere","floor":30,"turns":5},{"damage":77,"enemies":"Collector","floor":33,"turns":7}],"seed_played":"1567926769009996598","potions_obtained":[{"floor":2,"key":"AttackPotion"},{"floor":16,"key":"Energy Potion"},{"floor":17,"key":"FairyPotion"},{"floor":18,"key":"Swift Potion"},{"floor":29,"key":"Explosive Potion"},{"floor":30,"key":"AttackPotion"}],"is_trial":false,"path_per_floor":["M","M","?","$","M","E","R","$","T","R","?","E","R","M","R","B",null,"M","$","M","?","M","R","E","R","T","R","E","M","M","?","R","B"],"character_chosen":"THE_SILENT","items_purchased":["Catalyst","Poisoned Stab","Bronze Scales","Cloak And Dagger"],"campfire_rested":3,"item_purchase_floors":[4,4,19,19],"current_hp_per_floor":[70,69,69,69,69,61,61,61,61,61,61,49,49,25,46,23,75,58,58,54,54,56,56,28,50,50,50,38,9,2,2,24,0],"gold":322,"neow_bonus":"RANDOM_COMMON_RELIC","is_prod":false,"is_daily":false,"chose_seed":false,"campfire_upgraded":4,"win_rate":0,"timestamp":1556086868,"path_taken":["M","M","?","?","M","E","R","$","T","R","?","E","R","M","R","BOSS","M","$","M","?","M","R","E","R","T","R","E","M","M","?","R","BOSS"],"build_version":"2019-01-23","purchased_purges":0,"victory":false,"max_hp_per_floor":[70,70,70,70,70,70,70,70,70,70,70,70,70,70,70,70,75,75,75,75,75,75,75,75,75,75,75,75,75,75,75,75,75],"card_choices":[{"not_picked":["Flying Knee","Deadly Poison"],"picked":"Deflect","floor":1},{"not_picked":["Flying Knee","Choke"],"picked":"Infinite Blades","floor":2},{"not_picked":["Deadly Poison","Quick Slash"],"picked":"Noxious Fumes","floor":5},{"not_picked":["Finisher","Skewer"],"picked":"Catalyst","floor":6},{"not_picked":["Blade Dance","Bane"],"picked":"Dodge and Roll","floor":12},{"not_picked":["Dash","Prepared"],"picked":"Distraction","floor":14},{"not_picked":["Corpse Explosion","Storm of Steel"],"picked":"A Thousand Cuts","floor":16},{"not_picked":["Sucker Punch","Acrobatics"],"picked":"Backflip","floor":17},{"not_picked":["Backflip","Catalyst"],"picked":"Backstab","floor":18},{"not_picked":["Slice+1","Quick Slash+1"],"picked":"Concentrate","floor":20},{"not_picked":["PiercingWail","Concentrate"],"picked":"Cloak And Dagger+1","floor":22},{"not_picked":["Finisher","Dagger Throw+1"],"picked":"Dodge and Roll+1","floor":24},{"not_picked":["Outmaneuver","Bane","Deadly Poison"],"picked":"SKIP","floor":28},{"not_picked":["Prepared","Dagger Spray+1"],"picked":"Dagger Throw","floor":29},{"not_picked":["Flying Knee","Sucker Punch"],"picked":"Endless Agony","floor":30}],"player_experience":453676,"relics_obtained":[{"floor":6,"key":"Oddly Smooth Stone"},{"floor":9,"key":"Omamori"},{"floor":12,"key":"Blood Vial"},{"floor":24,"key":"Girya"},{"floor":26,"key":"MawBank"},{"floor":28,"key":"Bag of Marbles"}],"event_choices":[{"damage_healed":0,"gold_gain":0,"player_choice":"2 cards matched","damage_taken":0,"max_hp_gain":0,"max_hp_loss":0,"event_name":"Match and Keep!","floor":3,"gold_loss":0,"cards_obtained":["Bane","Corpse Explosion"]},{"cards_removed":["Strike_G"],"damage_healed":0,"gold_gain":0,"player_choice":"Card Removal","damage_taken":0,"max_hp_gain":0,"max_hp_loss":0,"event_name":"The Cleric","floor":11,"gold_loss":50},{"damage_healed":0,"gold_gain":0,"player_choice":"Ignored","damage_taken":0,"max_hp_gain":0,"max_hp_loss":0,"event_name":"Beggar","floor":21,"gold_loss":0},{"damage_healed":0,"gold_gain":0,"player_choice":"Trade","damage_taken":0,"relics_obtained":["GremlinMask"],"max_hp_gain":0,"max_hp_loss":0,"event_name":"FaceTrader","floor":31,"gold_loss":0}],"is_beta":false,"boss_relics":[{"not_picked":["Fusion Hammer","Snecko Eye"],"picked":"Tiny House"}],"items_purged_floors":[],"is_endless":false,"potions_floor_spawned":[2,16,18,29,30],"killed_by":"Collector","ascension_level":4}