{"gold_per_floor":[111,6,20,32,32,59,59,59,82,82,82,82,103,135,135,135],"floor_reached":16,"playtime":676,"items_purged":[],"score":216,"play_id":"8db84d85-6183-4e42-9208-4887d69fa952","local_time":"20190506125554","is_ascension_mode":true,"campfire_choices":[{"floor":7,"key":"REST"},{"floor":11,"key":"REST"},{"data":"Neutralize","floor":15,"key":"SMITH"}],"neow_cost":"NONE","seed_source_timestamp":1046123935627521,"circlet_count":0,"master_deck":["AscendersBane","Defend_G","Defend_G","Defend_G","Defend_G","Defend_G","Strike_G","Strike_G","Strike_G","Strike_G","Survivor","Neutralize+1","Quick Slash","Dagger Spray","Quick Slash","Footwork","Dash","Predator","Sucker Punch+1","Flechettes+1","Flying Knee+1","Cloak And Dagger"],"special_seed":0,"relics":["Ring of the Snake","Juzu Bracelet","Dream Catcher","Bag of Preparation","Molten Egg 2","Odd Mushroom","Pen Nib"],"potions_floor_usage":[6,8,16],"damage_taken":[{"damage":3.0,"enemies":"Cultist","floor":1.0,"turns":4.0},{"damage":4.0,"enemies":"Small Slimes","floor":3.0,"turns":3.0},{"damage":0.0,"enemies":"Jaw Worm","floor":4.0,"turns":4.0},{"damage":38,"enemies":"Lagavulin","floor":6,"turns":10},{"damage":0,"enemies":"3 Louse","floor":8,"turns":1},{"damage":8,"enemies":"The Mushroom Lair","floor":13,"turns":4},{"damage":6,"enemies":"Gremlin Nob","floor":14,"turns":3},{"damage":31,"enemies":"Hexaghost","floor":16,"turns":13}],"seed_played":"72843303546103238","potions_obtained":[{"floor":6,"key":"SmokeBomb"},{"floor":13,"key":"Fire Potion"},{"floor":14,"key":"SpeedPotion"}],"is_trial":false,"path_per_floor":["M","$","M","M","?","E","R","M","T","T","R","?","?","E","R","B"],"character_chosen":"THE_SILENT","items_purchased":["Dagger Spray","FearPotion"],"campfire_rested":2,"item_purchase_floors":[2,2],"current_hp_per_floor":[56,56,52,52,45,7,26,26,26,26,45,45,37,31,31,0],"gold":135,"neow_bonus":"RANDOM_COMMON_RELIC","is_prod":false,"is_daily":false,"chose_seed":false,"campfire_upgraded":1,"win_rate":0,"timestamp":1557161754,"path_taken":["M","?","M","M","?","E","R","M","T","?","R","?","?","E","R","BOSS"],"build_version":"2019-01-23","purchased_purges":0,"victory":false,"max_hp_per_floor":[66,66,66,66,66,66,66,66,66,66,66,66,66,66,66,66],"card_choices":[{"not_picked":["Dodge and Roll","Underhanded Strike"],"picked":"Quick Slash","floor":1.0},{"not_picked":["Caltrops","PiercingWail"],"picked":"Quick Slash","floor":3.0},{"not_picked":["Terror","Masterful Stab"],"picked":"Footwork","floor":4.0},{"not_picked":["Tactician","Finisher"],"picked":"Dash","floor":6},{"not_picked":["Underhanded Strike","Escape Plan"],"picked":"Predator","floor":7},{"not_picked":["Outmaneuver","Noxious Fumes"],"picked":"Sucker Punch+1","floor":11},{"not_picked":["Expertise","Sucker Punch+1"],"picked":"Flying Knee+1","floor":13},{"not_picked":["Bouncing Flask","Flying Knee+1"],"picked":"Cloak And Dagger","floor":14}],"player_experience":1472474,"relics_obtained":[{"floor":6,"key":"Dream Catcher"},{"floor":9,"key":"Bag of Preparation"},{"floor":10,"key":"Molten Egg 2"},{"floor":13,"key":"Odd Mushroom"},{"floor":14,"key":"Pen Nib"}],"event_choices":[{"cards_removed":["Strike_G"],"damage_healed":0.0,"max_hp_gain":0.0,"max_hp_loss":0.0,"gold_gain":0.0,"event_name":"Golden Wing","player_choice":"Card Removal","floor":5.0,"gold_loss":0.0,"damage_taken":7.0},{"damage_healed":0,"gold_gain":0,"player_choice":"1 cards matched","damage_taken":0,"max_hp_gain":0,"max_hp_loss":0,"event_name":"Match and Keep!","floor":12,"gold_loss":0,"cards_obtained":["Flechettes"]},{"damage_healed":0,"gold_gain":0,"player_choice":"Fought Mushrooms","damage_taken":0,"max_hp_gain":0,"max_hp_loss":0,"event_name":"Mushrooms","floor":13,"gold_loss":0}],"is_beta":false,"boss_relics":[],"items_purged_floors":[],"is_endless":false,"potions_floor_spawned":[6,8,13,14],"killed_by":"Hexaghost","ascension_level":20}