{"gold_per_floor":[116,116,139,139,155,199,199,233,233,198,222,222,212,225,225,345,345,369,369,369,382,382],"floor_reached":22,"playtime":1872,"items_purged":[],"score":225,"play_id":"a680a558-fb0d-4a72-8408-08ff29bca6cd","local_time":"20190908152454","is_ascension_mode":true,"campfire_choices":[{"floor":12,"key":"REST"},{"floor":15,"key":"REST"}],"neow_cost":"NONE","seed_source_timestamp":361604308719900,"circlet_count":0,"master_deck":["Strike_B","Strike_B","Strike_B","Defend_B","Defend_B","Defend_B","Defend_B","Zap","Dualcast","Consume","White Noise","Darkness","Barrage","Darkness","FTL","Compile Driver","Barrage","Seek","Hologram+1","Fusion","Seek","Reprogram+1"],"relics":["Cracked Core","DataDisk","Golden Idol","Juzu Bracelet","Letter Opener","Snecko Eye"],"potions_floor_usage":[8,8,14,18,21],"damage_taken":[{"damage":4,"enemies":"2 Louse","floor":1,"turns":2},{"damage":0,"enemies":"Small Slimes","floor":3,"turns":2},{"damage":2,"enemies":"Jaw Worm","floor":5,"turns":3},{"damage":45,"enemies":"Gremlin Nob","floor":6,"turns":5},{"damage":25,"enemies":"3 Sentries","floor":8,"turns":6},{"damage":20,"enemies":"Gremlin Gang","floor":11,"turns":5},{"damage":15,"enemies":"Exordium Thugs","floor":13,"turns":4},{"damage":8,"enemies":"Looter","floor":14,"turns":2},{"damage":20,"enemies":"Slime Boss","floor":16,"turns":6},{"damage":16,"enemies":"2 Thieves","floor":18,"turns":4},{"damage":19,"enemies":"3 Byrds","floor":21,"turns":4},{"damage":45,"enemies":"Shelled Parasite and Fungi","floor":22,"turns":4}],"seed_played":"-5981111408625859204","potions_obtained":[{"floor":1,"key":"Explosive Potion"},{"floor":3,"key":"PowerPotion"},{"floor":11,"key":"GamblersBrew"},{"floor":13,"key":"EssenceOfSteel"},{"floor":16,"key":"Block Potion"},{"floor":18,"key":"Ancient Potion"}],"is_trial":false,"path_per_floor":["M","?","M","$","M","E","?","E","T","?","M","R","M","M","R","B",null,"M","?","?","M","M"],"character_chosen":"DEFECT","items_purchased":[],"campfire_rested":2,"item_purchase_floors":[],"current_hp_per_floor":[71,53,53,53,51,6,31,6,6,24,4,26,11,3,25,5,75,59,59,59,40,0],"gold":382,"neow_bonus":"RANDOM_COMMON_RELIC","is_prod":false,"is_daily":false,"chose_seed":false,"campfire_upgraded":0,"win_rate":0,"timestamp":1567974294,"path_taken":["M","?","M","$","M","E","?","E","T","?","M","R","M","M","R","BOSS","M","?","?","M","M"],"build_version":"2019-07-17","purchased_purges":0,"victory":false,"max_hp_per_floor":[75,75,75,75,75,75,75,75,75,75,75,75,75,75,75,75,75,75,75,75,75,75],"card_choices":[{"not_picked":["Doom and Gloom","Fusion"],"picked":"Consume","floor":1},{"not_picked":["Auto Shields","Compile Driver"],"picked":"White Noise","floor":3},{"not_picked":["Rebound","Streamline"],"picked":"Darkness","floor":5},{"not_picked":["Aggregate","Steam"],"picked":"Barrage","floor":6},{"not_picked":["Recycle","Beam Cell"],"picked":"Darkness","floor":8},{"not_picked":["Core Surge","Steam"],"picked":"FTL","floor":11},{"not_picked":["Barrage","Redo"],"picked":"Compile Driver","floor":13},{"not_picked":["Scrape","Conserve Battery"],"picked":"Barrage","floor":14},{"not_picked":["Electrodynamics","Thunder Strike"],"picked":"Seek","floor":16},{"not_picked":["Beam Cell","Loop"],"picked":"Hologram+1","floor":18},{"not_picked":["Darkness","Rebound+1"],"picked":"Reprogram+1","floor":21}],"player_experience":279340,"relics_obtained":[{"floor":6,"key":"Juzu Bracelet"},{"floor":8,"key":"Letter Opener"}],"event_choices":[{"damage_healed":0,"gold_gain":0,"player_choice":"Take Damage","damage_taken":18,"relics_obtained":["Golden Idol"],"max_hp_gain":0,"max_hp_loss":0,"event_name":"Golden Idol","floor":2,"gold_loss":0},{"damage_healed":25,"gold_gain":0,"player_choice":"Banana","damage_taken":0,"max_hp_gain":0,"max_hp_loss":0,"event_name":"Big Fish","floor":7,"gold_loss":0},{"damage_healed":18,"gold_gain":0,"player_choice":"Healed","damage_taken":0,"max_hp_gain":0,"max_hp_loss":0,"event_name":"The Cleric","floor":10,"gold_loss":35},{"damage_healed":0,"gold_gain":0,"cards_transformed":["Strike_B"],"player_choice":"Transformed","damage_taken":0,"max_hp_gain":0,"max_hp_loss":0,"event_name":"Transmorgrifier","floor":19,"gold_loss":0,"cards_obtained":["Fusion"]},{"damage_healed":0,"gold_gain":0,"player_choice":"Copied","damage_taken":0,"max_hp_gain":0,"max_hp_loss":0,"event_name":"Duplicator","floor":20,"gold_loss":0,"cards_obtained":["Seek"]}],"is_beta":false,"boss_relics":[{"not_picked":["Empty Cage","Runic Pyramid"],"picked":"Snecko Eye"}],"items_purged_floors":[],"is_endless":false,"potions_floor_spawned":[1,3,11,13,16,18],"killed_by":"Shelled Parasite and Fungi","ascension_level":3}