{"gold_per_floor":[117,131,141,151,451,451,484,503,550,550],"floor_reached":10,"playtime":474,"items_purged":[],"score":137,"play_id":"1ca42f8a-0217-4177-bc19-563cd8094552","local_time":"20190802020647","is_ascension_mode":true,"campfire_choices":[{"data":"Inflame","floor":6,"key":"SMITH"}],"neow_cost":"NONE","seed_source_timestamp":470540295283369,"circlet_count":0,"master_deck":["AscendersBane","Strike_R","Strike_R","Strike_R","Strike_R","Defend_R","Defend_R","Defend_R","Defend_R","Bash","Cleave","Rage","Inflame+1","Pommel Strike","Sword Boomerang","Armaments"],"relics":["Burning Blood","Old Coin","Self Forming Clay","Centennial Puzzle"],"potions_floor_usage":[7,8],"damage_taken":[{"damage":16,"enemies":"Jaw Worm","floor":1,"turns":6},{"damage":9,"enemies":"Small Slimes","floor":2,"turns":4},{"damage":0,"enemies":"2 Louse","floor":3,"turns":2},{"damage":11,"enemies":"Blue Slaver","floor":4,"turns":5},{"damage":32,"enemies":"Gremlin Nob","floor":7,"turns":4},{"damage":2,"enemies":"2 Fungi Beasts","floor":8,"turns":3},{"damage":25,"enemies":"3 Sentries","floor":10,"turns":5}],"seed_played":"-9213082770822182713","potions_obtained":[{"floor":1,"key":"LiquidBronze"},{"floor":3,"key":"Energy Potion"},{"floor":4,"key":"Poison Potion"}],"is_trial":false,"path_per_floor":["M","M","M","M","?","R","E","M","T","E"],"character_chosen":"IRONCLAD","items_purchased":[],"campfire_rested":0,"item_purchase_floors":[],"current_hp_per_floor":[58,55,61,56,38,38,12,16,16,0],"gold":550,"neow_bonus":"REMOVE_CARD","is_prod":false,"is_daily":false,"chose_seed":false,"campfire_upgraded":1,"win_rate":0,"timestamp":1564726007,"path_taken":["M","M","M","M","?","R","E","M","T","E"],"build_version":"2019-07-17","purchased_purges":0,"victory":false,"max_hp_per_floor":[75,75,75,75,75,75,75,75,75,75],"card_choices":[{"not_picked":["Headbutt","Anger"],"picked":"Cleave","floor":1},{"not_picked":["Heavy Blade","Burning Pact"],"picked":"Rage","floor":2},{"not_picked":["Spot Weakness","Clash"],"picked":"Inflame","floor":3},{"not_picked":["Fire Breathing","Entrench"],"picked":"Pommel Strike","floor":4},{"not_picked":["Fire Breathing","Combust"],"picked":"Sword Boomerang","floor":7},{"not_picked":["Sword Boomerang","Thunderclap"],"picked":"Armaments","floor":8}],"player_experience":1666131,"relics_obtained":[{"floor":7,"key":"Self Forming Clay"},{"floor":9,"key":"Centennial Puzzle"}],"event_choices":[{"damage_healed":0,"gold_gain":0,"player_choice":"Success","damage_taken":18,"relics_obtained":["Old Coin"],"max_hp_gain":0,"max_hp_loss":0,"event_name":"Scrap Ooze","floor":5,"gold_loss":0}],"is_beta":false,"boss_relics":[],"items_purged_floors":[],"is_endless":false,"potions_floor_spawned":[1,3,4],"killed_by":"3 Sentries","ascension_level":19}