{"gold_per_floor":[116,116,46,46,62,62,82,82,382,413,433,433,433,447,447,544,544,559,577,589,25,43,43,62,62,62,62,62,62,94,110,110,215,215,230,250,250,250,6,6],"floor_reached":40,"playtime":2524,"items_purged":[],"score":533,"play_id":"d4eec1c8-f2d3-4e51-84e9-4855f617a552","local_time":"20190519135110","is_ascension_mode":true,"campfire_choices":[{"data":"Neutralize","floor":6,"key":"SMITH"},{"data":"Caltrops","floor":8,"key":"SMITH"},{"floor":12,"key":"REST"},{"floor":15,"key":"REST"},{"floor":23,"key":"REST"},{"floor":27,"key":"REST"},{"data":"Envenom","floor":29,"key":"SMITH"},{"floor":32,"key":"REST"}],"neow_cost":"CURSE","seed_source_timestamp":5048503736660,"circlet_count":0,"master_deck":["Defend_G","Defend_G+1","Defend_G","Defend_G","Defend_G+1","Strike_G","Strike_G","Survivor","Neutralize+1","Deadly Poison","Riddle With Holes","Die Die Die","Backflip","Caltrops+1","Leg Sweep","Quick Slash","Catalyst","Burst","Deflect","Dagger Throw","Sucker Punch","Envenom+1","PiercingWail","Dash","Finisher+1","PiercingWail+1","Necronomicurse","Poisoned Stab","Infinite Blades","Tools of the Trade","Deadly Poison+1","Flying Knee+1","Blade Dance","Footwork","Poisoned Stab"],"relics":["Ring of the Snake","Old Coin","Paper Crane","Sozu","Membership Card","StoneCalendar","War Paint","Necronomicon","Matryoshka","Darkstone Periapt","WristBlade","PreservedInsect","ClockworkSouvenir"],"potions_floor_usage":[16,16,19],"damage_taken":[{"damage":10,"enemies":"Cultist","floor":1,"turns":6},{"damage":6,"enemies":"2 Louse","floor":5,"turns":2},{"damage":0,"enemies":"Jaw Worm","floor":7,"turns":5},{"damage":49,"enemies":"Gremlin Nob","floor":10,"turns":6},{"damage":10,"enemies":"Large Slime","floor":11,"turns":6},{"damage":0,"enemies":"Blue Slaver","floor":14,"turns":3},{"damage":55,"enemies":"Slime Boss","floor":16,"turns":17},{"damage":2,"enemies":"Chosen","floor":18,"turns":6},{"damage":2,"enemies":"2 Thieves","floor":19,"turns":3},{"damage":30,"enemies":"3 Cultists","floor":20,"turns":6},{"damage":6,"enemies":"Snecko","floor":22,"turns":6},{"damage":5,"enemies":"Centurion and Healer","floor":24,"turns":7},{"damage":25,"enemies":"Slavers","floor":30,"turns":7},{"damage":35,"enemies":"Cultist and Chosen","floor":31,"turns":6},{"damage":44,"enemies":"Automaton","floor":33,"turns":12},{"damage":21,"enemies":"Orb Walker","floor":35,"turns":3},{"damage":34,"enemies":"3 Darklings","floor":36,"turns":7},{"damage":14,"enemies":"Giant Head","floor":40,"turns":5}],"seed_played":"-5378386357260501573","potions_obtained":[{"floor":10,"key":"SteroidPotion"},{"floor":11,"key":"Regen Potion"},{"floor":16,"key":"GhostInAJar"}],"is_trial":false,"path_per_floor":["M","?","$","?","M","R","M","R","T","E","M","R","?","M","R","B",null,"M","M","M","$","M","R","M","?","T","R","?","R","E","M","R","B",null,"M","M","?","?","$","E"],"character_chosen":"THE_SILENT","items_purchased":["Die Die Die","Membership Card","Envenom","StoneCalendar","War Paint","PiercingWail","Dash","PreservedInsect","ClockworkSouvenir","Blade Dance","Footwork","Poisoned Stab"],"campfire_rested":5,"item_purchase_floors":[3,21,21,21,21,21,21,39,39,39,39,39],"current_hp_per_floor":[74,74,74,74,68,68,68,68,68,19,9,34,34,34,59,19,68,66,64,34,34,28,53,48,32,32,57,84,84,59,24,49,5,64,43,9,9,9,9,0],"gold":6,"neow_bonus":"TWENTY_PERCENT_HP_BONUS","is_prod":false,"is_daily":false,"chose_seed":false,"campfire_upgraded":3,"win_rate":0,"timestamp":1558237870,"path_taken":["M","?","$","?","M","R","M","R","T","E","?","R","?","?","R","BOSS","M","?","?","$","M","R","M","?","T","R","?","R","E","M","R","BOSS","M","M","?","?","$","E"],"build_version":"2019-01-23","purchased_purges":0,"victory":false,"max_hp_per_floor":[84,84,84,84,84,84,84,84,84,84,84,84,84,84,84,84,84,84,84,84,84,84,84,84,84,84,84,84,84,84,84,84,84,84,84,84,84,84,84,84],"card_choices":[{"not_picked":["Deflect","Underhanded Strike"],"picked":"Deadly Poison","floor":1},{"not_picked":["Slice","Bane"],"picked":"Backflip","floor":5},{"not_picked":["Die Die Die","Heel Hook"],"picked":"Caltrops","floor":7},{"not_picked":["Flying Knee","Grand Finale"],"picked":"Leg Sweep","floor":10},{"not_picked":["Blade Dance","Skewer"],"picked":"Quick Slash","floor":11},{"not_picked":["Skewer","Bane"],"picked":"Catalyst","floor":14},{"not_picked":["Night Terror","Bullet Time"],"picked":"Burst","floor":16},{"not_picked":["Slice","Underhanded Strike+1"],"picked":"Deflect","floor":18},{"not_picked":["All Out Attack+1","Concentrate"],"picked":"Dagger Throw","floor":19},{"not_picked":["Prepared","Backflip"],"picked":"Sucker Punch","floor":20},{"not_picked":["Dagger Throw","Dodge and Roll"],"picked":"Finisher+1","floor":22},{"not_picked":["Flechettes+1","Wraith Form v2"],"picked":"PiercingWail+1","floor":24},{"not_picked":["Tactician","Dagger Spray"],"picked":"Poisoned Stab","floor":30},{"not_picked":["Quick Slash","Slice"],"picked":"Infinite Blades","floor":31},{"not_picked":["Malaise","Glass Knife"],"picked":"Tools of the Trade","floor":33},{"not_picked":["Calculated Gamble","Dagger Throw"],"picked":"Deadly Poison+1","floor":35},{"not_picked":["Masterful Stab","Dodge and Roll+1"],"picked":"Flying Knee+1","floor":36}],"player_experience":646581,"relics_obtained":[{"floor":9,"key":"Old Coin"},{"floor":10,"key":"Paper Crane"},{"floor":25,"key":"Necronomicon"},{"floor":26,"key":"Matryoshka"},{"floor":30,"key":"Darkstone Periapt"}],"event_choices":[{"damage_healed":0,"gold_gain":0,"cards_transformed":["Strike_G"],"player_choice":"Change","damage_taken":0,"max_hp_gain":0,"max_hp_loss":0,"event_name":"Living Wall","floor":2,"gold_loss":0,"cards_obtained":["Riddle With Holes"]},{"cards_removed":["Injury"],"damage_healed":0,"gold_gain":0,"player_choice":"Card Removal","damage_taken":0,"max_hp_gain":0,"max_hp_loss":0,"event_name":"Wheel of Change","floor":4,"gold_loss":0},{"cards_removed":["Strike_G"],"damage_healed":0,"gold_gain":0,"player_choice":"Offered Basic","damage_taken":0,"max_hp_gain":0,"max_hp_loss":0,"event_name":"Bonfire Elementals","floor":13,"gold_loss":0},{"damage_healed":0,"gold_gain":0,"player_choice":"Obtained Book","damage_taken":16,"max_hp_gain":0,"max_hp_loss":0,"event_name":"Cursed Tome","floor":25,"gold_loss":0},{"damage_healed":28,"gold_gain":0,"player_choice":"Heal","damage_taken":0,"max_hp_gain":0,"max_hp_loss":0,"event_name":"The Library","floor":28,"gold_loss":0},{"damage_healed":0,"gold_gain":0,"player_choice":"Ignored","damage_taken":0,"max_hp_gain":0,"max_hp_loss":0,"event_name":"Mysterious Sphere","floor":37,"gold_loss":0},{"cards_removed":["Strike_G"],"damage_healed":0,"gold_gain":0,"player_choice":"Purged","damage_taken":0,"max_hp_gain":0,"max_hp_loss":0,"event_name":"Purifier","floor":38,"gold_loss":0}],"is_beta":false,"boss_relics":[{"not_picked":["Black Star","Coffee Dripper"],"picked":"Sozu"},{"not_picked":["Busted Crown","Tiny House"],"picked":"WristBlade"}],"items_purged_floors":[],"is_endless":false,"potions_floor_spawned":[10,11,16,18,19,30,33,36],"killed_by":"Giant Head","ascension_level":5}