{"gold_per_floor":[363,363,363,62,72,72,98,98,125,138,153,153,3,3,3,104,104,121,21,39,66,86,86],"floor_reached":23,"playtime":964,"items_purged":["Strike_R","Strike_R"],"score":227,"play_id":"7bfe36db-e082-42ae-8a44-479358e090e1","local_time":"20180723134617","is_ascension_mode":true,"campfire_choices":[{"data":"Rampage","floor":6.0,"key":"SMITH"},{"data":"Pommel Strike","floor":8.0,"key":"SMITH"},{"data":"Shockwave","floor":15.0,"key":"SMITH"}],"neow_cost":"TEN_PERCENT_HP_LOSS","seed_source_timestamp":0,"circlet_count":0,"master_deck":["Strike_R","Strike_R","Defend_R","Defend_R+1","Defend_R","Defend_R","Bash","Sword Boomerang+1","Rampage+1","Dropkick","Pommel Strike+1","Thunderclap","Shockwave+1","Bludgeon","Clumsy","Clumsy","Injury","Dropkick","Dual Wield+1"],"special_seed":0,"relics":["Burning Blood","Dodecahedron","Blood Vial","Nunchaku","Boot","Pen Nib","Calling Bell","Ancient Tea Set","Pantograph","Ice Cream","Orichalcum"],"potions_floor_usage":[23],"damage_taken":[{"damage":9.0,"enemies":"Jaw Worm","floor":1.0,"turns":4.0},{"damage":2.0,"enemies":"2 Louse","floor":5.0,"turns":3.0},{"damage":29.0,"enemies":"3 Sentries","floor":7.0,"turns":11.0},{"damage":0.0,"enemies":"Cultist","floor":10.0,"turns":2.0},{"damage":4.0,"enemies":"2 Fungi Beasts","floor":11.0,"turns":2.0},{"damage":30.0,"enemies":"Hexaghost","floor":16.0,"turns":9.0},{"damage":28.0,"enemies":"2 Thieves","floor":18.0,"turns":3.0},{"damage":16.0,"enemies":"3 Byrds","floor":20.0,"turns":5.0},{"damage":15.0,"enemies":"Cultist and Chosen","floor":22.0,"turns":5.0},{"damage":38,"enemies":"Slavers","floor":23,"turns":4}],"seed_played":"293150437056049654","potions_obtained":[{"floor":5.0,"key":"Explosive Potion"},{"floor":16.0,"key":"Weak Potion"},{"floor":20.0,"key":"Ancient Potion"}],"is_trial":false,"path_per_floor":["M","?","?","$","M","R","E","R","T","M","M","?","$","?","R","B",null,"M","$","M","T","M"],"character_chosen":"IRONCLAD","items_purchased":["Rampage","Blood Vial","Pen Nib"],"campfire_rested":0,"item_purchase_floors":[4,4,13],"current_hp_per_floor":[69,66,66,66,72,72,49,49,49,57,61,47,47,47,47,25,72,50,50,42,42,35,0],"gold":86,"neow_bonus":"TWO_FIFTY_GOLD","is_prod":false,"is_daily":false,"chose_seed":false,"campfire_upgraded":3,"win_rate":0,"timestamp":1532367977,"path_taken":["M","?","?","$","M","R","E","R","T","M","?","?","$","?","R","BOSS","M","$","M","?","M","E"],"build_version":"2018-07-19v2","purchased_purges":2,"victory":false,"max_hp_per_floor":[72,72,72,72,72,72,72,72,72,72,72,72,72,72,72,72,72,72,72,72,72,72,72],"card_choices":[{"not_picked":["Clash","Power Through"],"picked":"Sword Boomerang","floor":1.0},{"not_picked":["Body Slam","Dual Wield"],"picked":"Dropkick","floor":5.0},{"not_picked":["Flame Barrier","Headbutt"],"picked":"Pommel Strike","floor":7.0},{"not_picked":["Twin Strike","Immolate"],"picked":"Thunderclap","floor":10.0},{"not_picked":["Pommel Strike","Clothesline"],"picked":"Shockwave","floor":11.0},{"not_picked":["Brutality","Limit Break"],"picked":"Bludgeon","floor":16.0},{"not_picked":["Clothesline","Havoc","Sever Soul"],"picked":"SKIP","floor":18.0},{"not_picked":["Heavy Blade","Infernal Blade"],"picked":"Dropkick","floor":20.0},{"not_picked":["Clothesline","Bloodletting+1"],"picked":"Dual Wield+1","floor":22}],"player_experience":301029,"relics_obtained":[{"floor":7.0,"key":"Nunchaku"},{"floor":9.0,"key":"Boot"},{"floor":17.0,"key":"Ancient Tea Set"},{"floor":17.0,"key":"Pantograph"},{"floor":17.0,"key":"Ice Cream"},{"floor":21.0,"key":"Orichalcum"}],"event_choices":[{"event_name":"Scrap Ooze","player_choice":"success","floor":2.0,"damage_taken":3.0},{"event_name":"Living Wall","player_choice":"Forget","floor":3.0,"damage_taken":0.0},{"event_name":"Shining Light","player_choice":"Entered Light","floor":12.0,"damage_taken":0.0},{"event_name":"The Cleric","player_choice":"Leave","floor":14.0,"damage_taken":0.0}],"is_beta":false,"boss_relics":[{"not_picked":["Orrery","Runic Dome"],"picked":"Calling Bell"}],"items_purged_floors":[4,19],"is_endless":false,"potions_floor_spawned":[5,16,20],"killed_by":"Slavers","ascension_level":4}