{"gold_per_floor":[112,123,134,144,124,124,137,137,137,157,190,202,202,235,235,313,313,324,341,42,58,4,4,35,35],"floor_reached":25,"playtime":1441,"items_purged":["Strike_G"],"score":480,"play_id":"d4e529af-c92e-4e48-af5e-16617b58d780","local_time":"20190511045028","is_ascension_mode":true,"campfire_choices":[{"data":"Dagger Spray","floor":6.0,"key":"SMITH"},{"data":"Neutralize","floor":8.0,"key":"SMITH"},{"data":"Noxious Fumes","floor":13.0,"key":"SMITH"},{"data":"PiercingWail","floor":15.0,"key":"SMITH"},{"data":"A Thousand Cuts","floor":23.0,"key":"SMITH"}],"neow_cost":"NONE","seed_source_timestamp":1447955757410800,"circlet_count":0,"master_deck":["AscendersBane","Defend_G","Defend_G","Defend_G","Defend_G","Defend_G","Strike_G","Strike_G","Strike_G","Strike_G","Survivor","Neutralize+1","Quick Slash","Slice","Dagger Spray+1","Slice","Doppelganger","Leg Sweep","Noxious Fumes+1","PiercingWail+1","Deflect","A Thousand Cuts+1","Heel Hook","Crippling Poison+1","Cloak And Dagger"],"special_seed":0,"relics":["Ring of the Snake","Meat on the Bone","Vajra","Matryoshka","Black Star","ClockworkSouvenir","Red Mask"],"potions_floor_usage":[24,24],"damage_taken":[{"damage":0.0,"enemies":"Jaw Worm","floor":1.0,"turns":6.0},{"damage":1.0,"enemies":"Cultist","floor":2.0,"turns":5.0},{"damage":0.0,"enemies":"2 Louse","floor":3.0,"turns":3.0},{"damage":0.0,"enemies":"Exordium Wildlife","floor":4.0,"turns":3.0},{"damage":0.0,"enemies":"Gremlin Gang","floor":7.0,"turns":1.0},{"damage":14.0,"enemies":"Lots of Slimes","floor":10.0,"turns":4.0},{"damage":26.0,"enemies":"Gremlin Nob","floor":11.0,"turns":5.0},{"damage":0.0,"enemies":"Exordium Wildlife","floor":12.0,"turns":2.0},{"damage":0.0,"enemies":"3 Sentries","floor":14.0,"turns":2.0},{"damage":40.0,"enemies":"Slime Boss","floor":16.0,"turns":9.0},{"damage":24.0,"enemies":"Spheric Guardian","floor":18.0,"turns":7.0},{"damage":30.0,"enemies":"Chosen","floor":19.0,"turns":5.0},{"damage":14.0,"enemies":"Centurion and Healer","floor":21.0,"turns":7.0},{"damage":14,"enemies":"Masked Bandits","floor":24,"turns":5},{"damage":26,"enemies":"Gremlin Leader","floor":25,"turns":5}],"seed_played":"-5485847436136252658","potions_obtained":[{"floor":2.0,"key":"Explosive Potion"},{"floor":4.0,"key":"EssenceOfSteel"},{"floor":5.0,"key":"SteroidPotion"},{"floor":10.0,"key":"SteroidPotion"},{"floor":12.0,"key":"AttackPotion"},{"floor":16.0,"key":"EntropicBrew"},{"floor":24,"key":"Weak Potion"}],"is_trial":false,"path_per_floor":["M","M","M","M","?","R","M","R","T","M","E","M","R","E","R","B",null,"M","M","$","M","$","R","?","E"],"character_chosen":"THE_SILENT","items_purchased":["ClockworkSouvenir","AttackPotion"],"campfire_rested":0,"item_purchase_floors":[20,22],"current_hp_per_floor":[65,64,64,64,64,64,64,64,64,50,36,48,48,48,48,20,59,47,29,29,27,27,27,25,0],"gold":35,"neow_bonus":"TEN_PERCENT_HP_BONUS","is_prod":false,"is_daily":false,"chose_seed":false,"campfire_upgraded":5,"win_rate":0,"timestamp":1557564628,"path_taken":["M","M","M","M","?","R","?","R","T","M","E","M","R","E","R","BOSS","M","M","$","M","?","R","?","E"],"build_version":"2019-01-23","purchased_purges":1,"victory":false,"max_hp_per_floor":[72,72,72,72,72,72,72,72,72,72,72,72,72,72,72,72,72,72,72,72,72,72,72,72,72],"card_choices":[{"not_picked":["Underhanded Strike","Flying Knee"],"picked":"Quick Slash","floor":1.0},{"not_picked":["Distraction","Blade Dance"],"picked":"Slice","floor":2.0},{"not_picked":["Well Laid Plans","Blade Dance"],"picked":"Dagger Spray","floor":3.0},{"not_picked":["Bane","Backflip"],"picked":"Slice","floor":4.0},{"not_picked":["Slice","Infinite Blades"],"picked":"Doppelganger","floor":7.0},{"not_picked":["Concentrate","Dagger Throw"],"picked":"Leg Sweep","floor":10.0},{"not_picked":["Deflect","Storm of Steel"],"picked":"Noxious Fumes","floor":11.0},{"not_picked":["Deflect","Dagger Spray"],"picked":"PiercingWail","floor":12.0},{"not_picked":["Wraith Form v2","Underhanded Strike"],"picked":"Deflect","floor":14.0},{"not_picked":["Night Terror","Storm of Steel"],"picked":"A Thousand Cuts","floor":16.0},{"not_picked":["Underhanded Strike","Sucker Punch"],"picked":"Heel Hook","floor":18.0},{"not_picked":["Eviscerate+1","Dagger Spray","Terror"],"picked":"SKIP","floor":19.0},{"not_picked":["Noxious Fumes","Underhanded Strike"],"picked":"Crippling Poison+1","floor":21.0},{"not_picked":["Concentrate+1","Infinite Blades"],"picked":"Cloak And Dagger","floor":24}],"player_experience":1495944,"relics_obtained":[{"floor":9.0,"key":"Meat on the Bone"},{"floor":11.0,"key":"Vajra"},{"floor":14.0,"key":"Matryoshka"},{"floor":24,"key":"Red Mask"}],"event_choices":[{"damage_healed":0.0,"max_hp_gain":0.0,"max_hp_loss":0.0,"gold_gain":0.0,"event_name":"The Woman in Blue","player_choice":"Bought 1 Potion","floor":5.0,"gold_loss":0.0,"damage_taken":0.0},{"damage_healed":0,"gold_gain":0,"player_choice":"Fought Bandits","damage_taken":0,"max_hp_gain":0,"max_hp_loss":0,"event_name":"Masked Bandits","floor":24,"gold_loss":0}],"is_beta":false,"boss_relics":[{"not_picked":["HoveringKite","Calling Bell"],"picked":"Black Star"}],"items_purged_floors":[20],"is_endless":false,"potions_floor_spawned":[2,4,10,12,16,24],"killed_by":"Gremlin Leader","ascension_level":20}