{"gold_per_floor":[115,130,145,158,172,172,172,188,211,211,250,250,274,274,274,368,368,383,303],"floor_reached":19,"playtime":878,"items_purged":[],"score":342,"play_id":"461da296-1bf2-4346-89d7-bd394f8319f3","local_time":"20190429061354","is_ascension_mode":true,"campfire_choices":[{"data":"All Out Attack","floor":6,"key":"SMITH"},{"data":"Neutralize","floor":10,"key":"SMITH"},{"data":"A Thousand Cuts","floor":12,"key":"SMITH"},{"floor":15,"key":"REST"}],"neow_cost":"NONE","seed_source_timestamp":416992734520241,"circlet_count":0,"master_deck":["AscendersBane","Defend_G","Defend_G","Defend_G","Defend_G","Defend_G","Strike_G","Strike_G","Strike_G","Strike_G","Strike_G","Survivor","Neutralize+1","Outmaneuver","All Out Attack+1","Slice","Envenom","Slice","A Thousand Cuts+1","Blur","Storm of Steel","Leg Sweep"],"relics":["Ring of the Snake","NeowsBlessing","Golden Idol","Happy Flower","Vajra","Fusion Hammer"],"potions_floor_usage":[4,11,16,18],"damage_taken":[{"damage":0,"enemies":"Cultist","floor":1,"turns":1},{"damage":0,"enemies":"Small Slimes","floor":2,"turns":1},{"damage":0,"enemies":"Jaw Worm","floor":3,"turns":1},{"damage":9,"enemies":"Red Slaver","floor":4,"turns":4},{"damage":1,"enemies":"2 Fungi Beasts","floor":5,"turns":4},{"damage":0,"enemies":"3 Louse","floor":8,"turns":2},{"damage":21,"enemies":"Gremlin Nob","floor":11,"turns":4},{"damage":3,"enemies":"Looter","floor":13,"turns":3},{"damage":33,"enemies":"Slime Boss","floor":16,"turns":8},{"damage":41,"enemies":"Shell Parasite","floor":18,"turns":6},{"damage":26,"enemies":"2 Thieves","floor":19,"turns":2}],"seed_played":"-7360677163737966153","potions_obtained":[{"floor":2,"key":"LiquidBronze"},{"floor":3,"key":"Dexterity Potion"},{"floor":4,"key":"Strength Potion"},{"floor":11,"key":"GamblersBrew"},{"floor":16,"key":"Regen Potion"}],"is_trial":false,"path_per_floor":["M","M","M","M","M","R","?","M","T","R","E","R","M","?","R","B",null,"M","M"],"character_chosen":"THE_SILENT","items_purchased":[],"campfire_rested":1,"item_purchase_floors":[],"current_hp_per_floor":[59,59,59,50,49,49,49,49,49,49,28,28,25,25,43,10,48,22,0],"gold":303,"neow_bonus":"THREE_ENEMY_KILL","is_prod":false,"is_daily":false,"chose_seed":false,"campfire_upgraded":3,"win_rate":0,"timestamp":1556532834,"path_taken":["M","M","M","M","?","R","?","M","T","R","E","R","M","?","R","BOSS","M","M"],"build_version":"2019-01-23","purchased_purges":0,"victory":false,"max_hp_per_floor":[66,66,66,66,66,66,60,60,60,60,60,60,60,60,60,60,60,60,60],"card_choices":[{"not_picked":["Acrobatics","Prepared"],"picked":"Outmaneuver","floor":1},{"not_picked":["Underhanded Strike","Blur"],"picked":"All Out Attack","floor":2},{"not_picked":["PiercingWail","Concentrate"],"picked":"Slice","floor":3},{"not_picked":["Quick Slash","Bouncing Flask"],"picked":"Envenom","floor":4},{"not_picked":["Calculated Gamble","Deflect","Setup"],"picked":"SKIP","floor":5},{"not_picked":["PiercingWail","Distraction"],"picked":"Slice","floor":8},{"not_picked":["Escape Plan","Well Laid Plans"],"picked":"A Thousand Cuts","floor":11},{"not_picked":["Expertise","Choke"],"picked":"Blur","floor":13},{"not_picked":["Burst","Envenom"],"picked":"Storm of Steel","floor":16},{"not_picked":["Setup","Outmaneuver+1"],"picked":"Leg Sweep","floor":18}],"player_experience":1296667,"relics_obtained":[{"floor":9,"key":"Happy Flower"},{"floor":11,"key":"Vajra"}],"event_choices":[{"damage_healed":0,"gold_gain":0,"player_choice":"Lose Max HP","damage_taken":0,"relics_obtained":["Golden Idol"],"max_hp_gain":0,"max_hp_loss":6,"event_name":"Golden Idol","floor":7,"gold_loss":0},{"damage_healed":0,"gold_gain":0,"player_choice":"Ignored","damage_taken":0,"max_hp_gain":0,"max_hp_loss":0,"event_name":"Liars Game","floor":14,"gold_loss":0}],"is_beta":false,"boss_relics":[{"not_picked":["Velvet Choker","Black Star"],"picked":"Fusion Hammer"}],"items_purged_floors":[],"is_endless":false,"potions_floor_spawned":[2,3,4,11,16],"killed_by":"2 Thieves","ascension_level":20}