{"gold_per_floor":[111,111,130,146,161,189,189,189,189,207,233,233,245,260,260,364,364,382,399,412,337,337,337,356,356,356,373,373,373,373,392,392,493,493,513,513,525,537,267,267,284,284,284,295,395,495,495],"floor_reached":47,"playtime":4239,"items_purged":["Bullet Time"],"score":466,"play_id":"b008aacd-ee46-43c2-b5b0-8885430f0ccd","local_time":"20190713033551","is_ascension_mode":false,"campfire_choices":[{"floor":8.0,"key":"REST"},{"floor":12.0,"key":"REST"},{"floor":15.0,"key":"REST"},{"floor":23,"key":"REST"},{"floor":28,"key":"REST"},{"floor":30,"key":"REST"},{"data":"After Image","floor":32,"key":"SMITH"},{"floor":40,"key":"REST"},{"floor":42,"key":"REST"}],"neow_cost":"NONE","seed_source_timestamp":198677179888174,"circlet_count":0,"master_deck":["Defend_G","Defend_G","Defend_G","Defend_G","Survivor","Neutralize","Poisoned Stab","Sucker Punch","Poisoned Stab","Deadly Poison","After Image+1","Poisoned Stab","Deadly Poison","Backflip","Dagger Spray","Unload","Doppelganger+1","Envenom+1","Escape Plan+1","Deflect","Calculated Gamble","Sucker Punch","Bouncing Flask","Noxious Fumes+1","Die Die Die","Deflect+1","Poisoned Stab+1","The Bomb","Sucker Punch+1","Poisoned Stab+1"],"special_seed":0,"relics":["White Beast Statue","Paper Crane","Sundial","Bottled Lightning","Astrolabe","Dodecahedron","Lizard Tail","PreservedInsect","The Specimen"],"potions_floor_usage":[19,20,20,27,31,33,33,35,37,41,44,44,45,47],"damage_taken":[{"damage":1.0,"enemies":"Cultist","floor":1.0,"turns":5.0},{"damage":2.0,"enemies":"Jaw Worm","floor":3.0,"turns":4.0},{"damage":5.0,"enemies":"2 Louse","floor":4.0,"turns":3.0},{"damage":2.0,"enemies":"Large Slime","floor":5.0,"turns":8.0},{"damage":18.0,"enemies":"Gremlin Nob","floor":6.0,"turns":5.0},{"damage":16.0,"enemies":"Exordium Wildlife","floor":10.0,"turns":7.0},{"damage":16.0,"enemies":"Lagavulin","floor":11.0,"turns":5.0},{"damage":0.0,"enemies":"Blue Slaver","floor":13.0,"turns":4.0},{"damage":3.0,"enemies":"Looter","floor":14.0,"turns":3.0},{"damage":21.0,"enemies":"The Guardian","floor":16.0,"turns":9.0},{"damage":6.0,"enemies":"Chosen","floor":18.0,"turns":3.0},{"damage":16,"enemies":"Shell Parasite","floor":19,"turns":6},{"damage":10,"enemies":"Cultist and Chosen","floor":20,"turns":9},{"damage":4,"enemies":"Shelled Parasite and Fungi","floor":24,"turns":8},{"damage":19,"enemies":"Snecko","floor":27,"turns":5},{"damage":9,"enemies":"Snake Plant","floor":31,"turns":4},{"damage":52,"enemies":"Automaton","floor":33,"turns":9},{"damage":16,"enemies":"3 Darklings","floor":35,"turns":5},{"damage":0,"enemies":"3 Shapes","floor":37,"turns":4},{"damage":36,"enemies":"Transient","floor":38,"turns":5},{"damage":43,"enemies":"3 Darklings","floor":41,"turns":6},{"damage":60,"enemies":"Spire Growth","floor":44,"turns":7},{"damage":4,"enemies":"Mind Bloom Boss Battle","floor":45,"turns":7},{"damage":12,"enemies":"Jaw Worm Horde","floor":47,"turns":1}],"seed_played":"-4496497944262056240","potions_obtained":[{"floor":1.0,"key":"Swift Potion"},{"floor":3.0,"key":"SpeedPotion"},{"floor":4.0,"key":"Dexterity Potion"},{"floor":5.0,"key":"Weak Potion"},{"floor":6.0,"key":"SteroidPotion"},{"floor":10.0,"key":"SteroidPotion"},{"floor":11.0,"key":"FearPotion"},{"floor":13.0,"key":"SkillPotion"},{"floor":16.0,"key":"FearPotion"},{"floor":18.0,"key":"PowerPotion"},{"floor":19,"key":"SpeedPotion"},{"floor":20,"key":"PowerPotion"},{"floor":24,"key":"FearPotion"},{"floor":27,"key":"Weak Potion"},{"floor":31,"key":"Regen Potion"},{"floor":33,"key":"Dexterity Potion"},{"floor":35,"key":"GhostInAJar"},{"floor":37,"key":"FairyPotion"},{"floor":38,"key":"SkillPotion"},{"floor":41,"key":"AttackPotion"},{"floor":44,"key":"Poison Potion"},{"floor":45,"key":"SneckoOil"}],"is_trial":false,"path_per_floor":["M","$","M","M","M","E","?","R","T","M","E","R","M","M","R","B",null,"M","M","M","?","?","R","M","?","T","M","R","?","R","M","R","B",null,"M","?","M","M","$","R","M","R","T","M","?","?","M"],"character_chosen":"THE_SILENT","items_purchased":["The Bomb"],"campfire_rested":8,"item_purchase_floors":[39],"current_hp_per_floor":[69,69,67,62,60,42,42,63,63,47,31,52,52,49,70,49,70,64,48,38,38,38,59,55,42,42,23,45,45,67,58,58,21,75,59,59,59,23,23,45,2,24,24,15,11,11,0],"gold":495,"neow_bonus":"BOSS_RELIC","is_prod":false,"is_daily":false,"chose_seed":false,"campfire_upgraded":1,"win_rate":0.0,"timestamp":1562985351,"path_taken":["M","$","M","M","M","E","?","R","T","M","E","R","M","M","R","BOSS","M","M","M","?","?","R","M","?","T","?","R","?","R","M","R","BOSS","M","?","M","M","$","R","M","R","T","M","?","?","M"],"build_version":"2019-07-05","purchased_purges":1,"victory":false,"max_hp_per_floor":[70,70,70,70,70,70,70,70,70,70,70,70,70,70,70,70,70,70,70,70,70,70,70,70,75,75,75,75,75,75,75,75,75,75,75,75,75,75,75,75,75,75,75,75,75,75,75],"card_choices":[{"not_picked":["Dodge and Roll","Acrobatics"],"picked":"Poisoned Stab","floor":1.0},{"not_picked":["Footwork","Skewer"],"picked":"Sucker Punch","floor":3.0},{"not_picked":["Flying Knee","Dagger Spray"],"picked":"Poisoned Stab","floor":4.0},{"not_picked":["Backstab","PiercingWail"],"picked":"Deadly Poison","floor":5.0},{"not_picked":["Reflex","Expertise"],"picked":"After Image","floor":6.0},{"not_picked":["Flechettes","Dagger Spray"],"picked":"Poisoned Stab","floor":10.0},{"not_picked":["Backflip","Calculated Gamble"],"picked":"Deadly Poison","floor":11.0},{"not_picked":["Quick Slash","Terror"],"picked":"Backflip","floor":13.0},{"not_picked":["Acrobatics","Outmaneuver"],"picked":"Dagger Spray","floor":14.0},{"not_picked":["Bullet Time","Night Terror"],"picked":"Unload","floor":16.0},{"not_picked":["Eviscerate","Acrobatics+1"],"picked":"Deflect","floor":18.0},{"not_picked":["Prepared","Quick Slash"],"picked":"Well Laid Plans","floor":19},{"not_picked":["Calculated Gamble","Choke+1","Finisher"],"picked":"SKIP","floor":20},{"not_picked":["Blade Dance","Outmaneuver","Footwork"],"picked":"SKIP","floor":24},{"not_picked":["After Image","Outmaneuver+1"],"picked":"Sucker Punch","floor":27},{"not_picked":["Caltrops","Dagger Throw"],"picked":"Noxious Fumes+1","floor":31},{"not_picked":["Doppelganger","Wraith Form v2"],"picked":"Die Die Die","floor":33},{"not_picked":["Terror","Outmaneuver"],"picked":"Deflect+1","floor":35},{"not_picked":["Deadly Poison","Dagger Throw+1"],"picked":"Poisoned Stab+1","floor":37},{"not_picked":["Doppelganger","Reflex+1","Predator"],"picked":"SKIP","floor":38},{"not_picked":["Dodge and Roll+1","Acrobatics"],"picked":"Sucker Punch+1","floor":41},{"not_picked":["Outmaneuver+1","Quick Slash+1"],"picked":"Poisoned Stab+1","floor":44}],"player_experience":35687,"relics_obtained":[{"floor":6.0,"key":"Paper Crane"},{"floor":9.0,"key":"Sundial"},{"floor":11.0,"key":"Bottled Lightning"},{"floor":26,"key":"Dodecahedron"},{"floor":43,"key":"PreservedInsect"},{"floor":45,"key":"The Specimen"}],"event_choices":[{"damage_healed":0.0,"max_hp_gain":0.0,"max_hp_loss":0.0,"gold_gain":0.0,"event_name":"Liars Game","player_choice":"Ignored","floor":7.0,"gold_loss":0.0,"damage_taken":0.0},{"cards_removed":["Strike_G"],"damage_healed":0,"gold_gain":0,"player_choice":"Gave Gold","damage_taken":0,"max_hp_gain":0,"max_hp_loss":0,"event_name":"Beggar","floor":21,"gold_loss":75},{"damage_healed":0,"gold_gain":0,"cards_transformed":["Strike_G","Defend_G"],"player_choice":"Became Test Subject","damage_taken":0,"max_hp_gain":0,"max_hp_loss":0,"event_name":"Drug Dealer","floor":22,"gold_loss":0,"cards_obtained":["Bullet Time","Calculated Gamble"]},{"damage_healed":0,"gold_gain":0,"player_choice":"Shed Blood","damage_taken":18,"max_hp_gain":5,"max_hp_loss":0,"event_name":"Forgotten Altar","floor":25,"gold_loss":0},{"damage_healed":0,"gold_gain":0,"player_choice":"Read","damage_taken":0,"max_hp_gain":0,"max_hp_loss":0,"event_name":"The Library","floor":29,"gold_loss":0,"cards_obtained":["Bouncing Flask"]},{"cards_removed":["Well Laid Plans"],"damage_healed":0,"gold_gain":0,"player_choice":"Removed Power","damage_taken":0,"max_hp_gain":0,"max_hp_loss":0,"event_name":"Falling","floor":36,"gold_loss":0},{"damage_healed":0,"gold_gain":0,"player_choice":"Fight","damage_taken":0,"max_hp_gain":0,"max_hp_loss":0,"event_name":"MindBloom","floor":45,"gold_loss":0},{"damage_healed":0,"gold_gain":100,"player_choice":"Pray","damage_taken":0,"max_hp_gain":0,"max_hp_loss":0,"event_name":"Golden Shrine","floor":46,"gold_loss":0}],"is_beta":false,"boss_relics":[{"not_picked":["Calling Bell","Fusion Hammer"],"picked":"Astrolabe"},{"not_picked":["Eternal Feather","Runic Pyramid"],"picked":"Lizard Tail"}],"items_purged_floors":[39],"is_endless":false,"potions_floor_spawned":[1,3,4,5,6,10,11,13,14,16,18,19,20,24,27,31,33,35,37,38,41,44,45],"killed_by":"Jaw Worm Horde","ascension_level":0}