{"gold_per_floor":[119,119,44,18,18,50,64,99,122,122,136,136,156,188,188,262,262,275,287,305,319,234,234,234,234],"floor_reached":25,"playtime":1030,"items_purged":[],"score":492,"play_id":"bf507dec-181c-4e40-af9d-763253ff2422","local_time":"20190902012647","is_ascension_mode":true,"campfire_choices":[{"data":"Defragment","floor":12,"key":"SMITH"},{"data":"Defragment","floor":15,"key":"SMITH"},{"floor":23,"key":"REST"}],"neow_cost":"NONE","seed_source_timestamp":291371433284320,"circlet_count":0,"master_deck":["AscendersBane","Strike_B","Defend_B","Defend_B","Defend_B","Zap","Dualcast","Ball Lightning","Streamline","Redo","Glacier","Defragment+1","Glacier","Turbo","Defragment+1","Machine Learning","Rebound","Gash","Reinforced Body","Compile Driver","Doom and Gloom","Darkness"],"relics":["Cracked Core","NeowsBlessing","Dream Catcher","Darkstone Periapt","Potion Belt","Orichalcum","Oddly Smooth Stone","White Beast Statue","Kunai"],"potions_floor_usage":[8,8,19,19,21,21,25,25],"damage_taken":[{"damage":0,"enemies":"Cultist","floor":1,"turns":1},{"damage":0,"enemies":"Lagavulin","floor":6,"turns":1},{"damage":0,"enemies":"Jaw Worm","floor":7,"turns":1},{"damage":14,"enemies":"Gremlin Nob","floor":8,"turns":4},{"damage":2,"enemies":"2 Louse","floor":11,"turns":2},{"damage":2,"enemies":"Exordium Thugs","floor":13,"turns":4},{"damage":5,"enemies":"Lagavulin","floor":14,"turns":7},{"damage":4,"enemies":"The Guardian","floor":16,"turns":10},{"damage":9,"enemies":"Shell Parasite","floor":18,"turns":11},{"damage":6,"enemies":"3 Byrds","floor":19,"turns":4},{"damage":43,"enemies":"Centurion and Healer","floor":20,"turns":14},{"damage":4,"enemies":"3 Cultists","floor":21,"turns":5},{"damage":31,"enemies":"Gremlin Leader","floor":25,"turns":4}],"seed_played":"3971193636899674286","potions_obtained":[{"floor":6,"key":"Energy Potion"},{"floor":7,"key":"EssenceOfSteel"},{"floor":13,"key":"Block Potion"},{"floor":16,"key":"FearPotion"},{"floor":18,"key":"FocusPotion"},{"floor":19,"key":"Dexterity Potion"},{"floor":20,"key":"SkillPotion"},{"floor":21,"key":"Explosive Potion"}],"is_trial":false,"path_per_floor":["M","?","?","$","?","E","M","E","T","?","M","R","M","E","R","B",null,"M","M","M","M","?","R","?","E"],"character_chosen":"DEFECT","items_purchased":["Streamline"],"campfire_rested":1,"item_purchase_floors":[4],"current_hp_per_floor":[64,59,59,59,59,59,59,45,45,71,69,69,67,62,62,58,68,59,53,10,6,6,27,27,0],"gold":234,"neow_bonus":"THREE_ENEMY_KILL","is_prod":false,"is_daily":false,"chose_seed":false,"campfire_upgraded":2,"win_rate":0,"timestamp":1567402007,"path_taken":["M","?","?","?","?","E","?","E","T","?","M","R","M","E","R","BOSS","M","M","?","M","?","R","?","E"],"build_version":"2019-07-17","purchased_purges":0,"victory":false,"max_hp_per_floor":[71,71,71,71,71,71,71,71,71,71,71,71,71,71,71,71,71,71,71,71,71,71,71,71,71],"card_choices":[{"not_picked":["Hologram","Darkness"],"picked":"Ball Lightning","floor":1},{"not_picked":["Turbo","Doom and Gloom"],"picked":"Glacier","floor":6},{"not_picked":["Redo","Stack"],"picked":"Defragment","floor":7},{"not_picked":["Turbo","Coolheaded"],"picked":"Glacier","floor":8},{"not_picked":["Hyperbeam","Blizzard"],"picked":"Turbo","floor":11},{"not_picked":["Compile Driver","Coolheaded"],"picked":"Defragment","floor":13},{"not_picked":["Steam Power","Steam","Aggregate"],"picked":"SKIP","floor":14},{"not_picked":["Thunder Strike","All For One"],"picked":"Machine Learning","floor":16},{"not_picked":["Streamline","Reinforced Body","Conserve Battery"],"picked":"SKIP","floor":18},{"not_picked":["Hologram","Turbo"],"picked":"Rebound","floor":19},{"not_picked":["Double Energy","Recycle"],"picked":"Gash","floor":20},{"not_picked":["FTL","Turbo"],"picked":"Reinforced Body","floor":21},{"not_picked":["Turbo","Barrage"],"picked":"Compile Driver","floor":23}],"player_experience":1937169,"relics_obtained":[{"floor":6,"key":"Darkstone Periapt"},{"floor":8,"key":"Potion Belt"},{"floor":9,"key":"Orichalcum"},{"floor":14,"key":"Oddly Smooth Stone"}],"event_choices":[{"damage_healed":0,"gold_gain":0,"player_choice":"Success","damage_taken":5,"relics_obtained":["Dream Catcher"],"max_hp_gain":0,"max_hp_loss":0,"event_name":"Scrap Ooze","floor":2,"gold_loss":0},{"cards_removed":["Strike_B"],"damage_healed":0,"gold_gain":0,"player_choice":"Card Removal","damage_taken":0,"max_hp_gain":0,"max_hp_loss":0,"event_name":"The Cleric","floor":3,"gold_loss":75},{"damage_healed":0,"gold_gain":0,"cards_transformed":["Strike_B"],"player_choice":"Transformed","damage_taken":0,"max_hp_gain":0,"max_hp_loss":0,"event_name":"Transmorgrifier","floor":5,"gold_loss":0,"cards_obtained":["Redo"]},{"damage_healed":26,"gold_gain":0,"player_choice":"Full Heal","damage_taken":0,"max_hp_gain":0,"max_hp_loss":0,"event_name":"Wheel of Change","floor":10,"gold_loss":0},{"damage_healed":0,"gold_gain":0,"player_choice":"Obtained Relic","damage_taken":0,"relics_obtained":["Kunai"],"max_hp_gain":0,"max_hp_loss":0,"event_name":"Addict","floor":22,"gold_loss":85},{"damage_healed":0,"gold_gain":0,"cards_transformed":["Strike_B","Defend_B"],"player_choice":"Became Test Subject","damage_taken":0,"max_hp_gain":0,"max_hp_loss":0,"event_name":"Drug Dealer","floor":24,"gold_loss":0,"cards_obtained":["Doom and Gloom","Darkness"]}],"is_beta":false,"boss_relics":[{"not_picked":["Coffee Dripper","Eternal Feather"],"picked":"White Beast Statue"}],"items_purged_floors":[],"is_endless":false,"potions_floor_spawned":[6,7,13,16,18,19,20,21],"killed_by":"Gremlin Leader","ascension_level":20}