{"gold_per_floor":[110,110,120,140,157,157,184,204,204,217,217,243,243,6,6,79,79,79,79,79,79,79,79,79,79],"floor_reached":25,"playtime":1860,"items_purged":[],"score":466,"play_id":"5e9af96b-2bcb-4134-b887-4496561a7640","local_time":"20190506103815","is_ascension_mode":true,"campfire_choices":[{"data":"Skewer","floor":6,"key":"SMITH"},{"data":"Neutralize","floor":11,"key":"SMITH"},{"data":"Footwork","floor":13,"key":"SMITH"},{"data":"Dagger Spray","floor":15,"key":"SMITH"},{"floor":23,"key":"REST"}],"neow_cost":"NONE","seed_source_timestamp":1036729869472156,"circlet_count":0,"master_deck":["AscendersBane","Defend_G+1","Defend_G","Defend_G","Defend_G","Defend_G+1","Strike_G","Strike_G","Strike_G","Survivor","Neutralize+1","Outmaneuver","Predator","Skewer+1","Quick Slash","Flying Knee","Footwork+1","PiercingWail","Dagger Spray+1","Well Laid Plans","Unload","Cloak And Dagger","Caltrops","Backflip","Escape Plan","Terror"],"relics":["Ring of the Snake","Pear","War Paint","Oddly Smooth Stone","Dodecahedron","Pen Nib","Ectoplasm","Girya"],"potions_floor_usage":[5,8,12,16,22,24],"damage_taken":[{"damage":7,"enemies":"Jaw Worm","floor":1,"turns":8},{"damage":1,"enemies":"Cultist","floor":3,"turns":4},{"damage":7,"enemies":"Small Slimes","floor":4,"turns":3},{"damage":0,"enemies":"2 Fungi Beasts","floor":5,"turns":1},{"damage":32,"enemies":"Gremlin Nob","floor":7,"turns":4},{"damage":1,"enemies":"Large Slime","floor":8,"turns":5},{"damage":0,"enemies":"Exordium Wildlife","floor":10,"turns":4},{"damage":11,"enemies":"3 Sentries","floor":12,"turns":4},{"damage":34,"enemies":"Slime Boss","floor":16,"turns":12},{"damage":6,"enemies":"3 Byrds","floor":18,"turns":4},{"damage":3,"enemies":"Chosen","floor":20,"turns":4},{"damage":14,"enemies":"Shelled Parasite and Fungi","floor":22,"turns":5},{"damage":5,"enemies":"Gremlin Leader","floor":24,"turns":9},{"damage":36,"enemies":"Cultist and Chosen","floor":25,"turns":5}],"seed_played":"5710889924133079062","potions_obtained":[{"floor":4,"key":"SkillPotion"},{"floor":7,"key":"Regen Potion"},{"floor":8,"key":"Strength Potion"},{"floor":12,"key":"Regen Potion"},{"floor":18,"key":"Weak Potion"},{"floor":22,"key":"Swift Potion"}],"is_trial":false,"path_per_floor":["M","?","M","M","M","R","E","M","T","M","R","E","R","$","R","B",null,"M","?","M","?","M","R","E","M"],"character_chosen":"THE_SILENT","items_purchased":["Pen Nib","Well Laid Plans"],"campfire_rested":1,"item_purchase_floors":[14,14],"current_hp_per_floor":[52,62,61,54,54,54,22,35,35,35,35,24,24,24,24,5,58,52,30,27,27,13,37,32,0],"gold":79,"neow_bonus":"TRANSFORM_CARD","is_prod":false,"is_daily":false,"chose_seed":false,"campfire_upgraded":4,"win_rate":0,"timestamp":1557153495,"path_taken":["M","?","M","M","?","R","E","?","T","M","R","E","R","$","R","BOSS","M","?","M","?","M","R","E","?"],"build_version":"2019-01-23","purchased_purges":0,"victory":false,"max_hp_per_floor":[66,76,76,76,76,76,76,76,76,76,76,76,76,76,76,76,76,76,81,81,81,81,81,81,81],"card_choices":[{"not_picked":["PiercingWail","Blur"],"picked":"Predator","floor":1},{"not_picked":["Deflect","Finisher"],"picked":"Skewer","floor":3},{"not_picked":["Deadly Poison","Accuracy"],"picked":"Quick Slash","floor":4},{"not_picked":["Footwork","Setup"],"picked":"Flying Knee","floor":5},{"not_picked":["Infinite Blades","Blade Dance"],"picked":"Footwork","floor":7},{"not_picked":["Escape Plan","Concentrate"],"picked":"PiercingWail","floor":8},{"not_picked":["Calculated Gamble","Deadly Poison"],"picked":"Dagger Spray","floor":10},{"not_picked":["Distraction","Endless Agony","Dagger Throw"],"picked":"SKIP","floor":12},{"not_picked":["Doppelganger","Venomology"],"picked":"Unload","floor":16},{"not_picked":["Accuracy","Sucker Punch"],"picked":"Cloak And Dagger","floor":18},{"not_picked":["Bane","Blade Dance"],"picked":"Caltrops","floor":20},{"not_picked":["Endless Agony","Concentrate"],"picked":"Escape Plan","floor":22},{"not_picked":["Underhanded Strike","Sucker Punch"],"picked":"Terror","floor":24}],"player_experience":1463993,"relics_obtained":[{"floor":2,"key":"Pear"},{"floor":7,"key":"War Paint"},{"floor":9,"key":"Oddly Smooth Stone"},{"floor":12,"key":"Dodecahedron"},{"floor":24,"key":"Girya"}],"event_choices":[{"damage_healed":0,"gold_gain":0,"player_choice":"Relic","damage_taken":0,"max_hp_gain":0,"max_hp_loss":0,"event_name":"Wheel of Change","floor":2,"gold_loss":0},{"damage_healed":0,"gold_gain":0,"player_choice":"Shed Blood","damage_taken":27,"max_hp_gain":5,"max_hp_loss":0,"event_name":"Forgotten Altar","floor":19,"gold_loss":0},{"damage_healed":0,"gold_gain":0,"cards_transformed":["Strike_G"],"player_choice":"Transformed","damage_taken":0,"max_hp_gain":0,"max_hp_loss":0,"event_name":"Transmorgrifier","floor":21,"gold_loss":0,"cards_obtained":["Backflip"]}],"is_beta":false,"boss_relics":[{"not_picked":["WristBlade","Lizard Tail"],"picked":"Ectoplasm"}],"items_purged_floors":[],"is_endless":false,"potions_floor_spawned":[4,7,8,12,18,22],"killed_by":"Cultist and Chosen","ascension_level":20}