{"path_per_floor":["M","M","M","$","M","E","R","?","T","M","?","R","$","M","R","B",null,"M","?","?","M"],"character_chosen":"IRONCLAD","items_purchased":["Armaments","Iron Wave","Rage"],"gold_per_floor":[109,126,144,40,60,87,87,67,67,77,77,77,5,25,25,123,123,142,142,142,157],"floor_reached":22,"campfire_rested":1,"playtime":2262,"current_hp_per_floor":[69,70,69,69,65,39,63,63,77,73,73,73,73,79,79,54,94,83,93,93,89],"items_purged":[],"gold":157,"score":211,"play_id":"f4b34030-2e14-4d5b-908f-d78f4891705a","local_time":"20180319013237","is_prod":false,"is_daily":false,"is_ascension_mode":false,"campfire_upgraded":2,"timestamp":1521437557,"path_taken":["M","M","M","$","M","E","R","?","T","M","?","R","$","M","R","BOSS","M","?","?","M","M"],"build_version":"2018-03-15v3","purchased_purges":0,"victory":false,"master_deck":["Strike_R","Strike_R","Strike_R","Strike_R","Strike_R","Defend_R","Defend_R","Defend_R","Defend_R","Bash","Flame Barrier+1","Headbutt","Headbutt","Armaments","Iron Wave+1","Warcry","Pommel Strike+1","Pommel Strike","Rage","Sword Boomerang","Barricade","Fire Breathing+1","Writhe","Warcry+1"],"max_hp_per_floor":[80,80,80,80,80,80,80,80,94,94,94,94,94,94,94,94,94,94,104,104,104],"relics":["Burning Blood","Orichalcum","Mango","Black Star","Pear"],"card_choices":[{"not_picked":["Bloodletting","True Grit"],"picked":"Flame Barrier"},{"not_picked":["Shrug It Off","True Grit"],"picked":"Headbutt"},{"not_picked":["Searing Blow","Disarm"],"picked":"Headbutt"},{"not_picked":["Armaments","Body Slam"],"picked":"Warcry"},{"not_picked":["Brutality","Uppercut"],"picked":"Pommel Strike"},{"not_picked":["Burning Pact","Carnage"],"picked":"Pommel Strike"},{"not_picked":["Headbutt","Flex"],"picked":"Sword Boomerang"},{"not_picked":["Dark Embrace","Offering"],"picked":"Barricade"},{"not_picked":["Carnage","Sword Boomerang"],"picked":"Fire Breathing"},{"not_picked":["Dropkick","Clash"],"picked":"Warcry"}],"player_experience":0,"potions_floor_usage":[16,16,16,22],"damage_taken":[{"damage":17,"enemies":"2 Louse","floor":1,"turns":4},{"damage":5,"enemies":"Cultist","floor":2,"turns":5},{"damage":7,"enemies":"Small Slimes","floor":3,"turns":3},{"damage":10,"enemies":"3 Louse","floor":5,"turns":4},{"damage":32,"enemies":"3 Sentries","floor":6,"turns":13},{"damage":10,"enemies":"Red Slaver","floor":10,"turns":5},{"damage":0,"enemies":"Blue Slaver","floor":14,"turns":3},{"damage":31,"enemies":"The Guardian","floor":16,"turns":15},{"damage":17,"enemies":"Shell Parasite","floor":18,"turns":9},{"damage":10,"enemies":"3 Byrds","floor":21,"turns":2},{"damage":106,"enemies":"Cultist and Chosen","floor":22,"turns":9}],"event_choices":[{"event_name":"The Woman in Blue","player_choice":"Bought 1 Potion","floor":8,"damage_taken":0},{"event_name":"Upgrade Shrine","player_choice":"Upgraded","floor":11,"damage_taken":0},{"event_name":"The Mausoleum","player_choice":"Yes","floor":19,"damage_taken":0},{"event_name":"Vampires","player_choice":"Ignored","floor":20,"damage_taken":0}],"boss_relics":[{"not_picked":["Calling Bell","Runic Pyramid"],"picked":"Black Star"}],"potions_floor_spawned":[1,10,14,18,21],"seed_played":"-6771611283000186749","killed_by":"Cultist and Chosen","ascension_level":0,"is_trial":false}