{"gold_per_floor":[217,233,26,42,42,42,53,71,95,95,109,128,160,170,170,275,275,287,302,321,321,65,65,94,94,94,94,119,19,39,51,51,153,153,167,177,177,52,70,70,70,70,95,113,144,144,163,176,176,176],"floor_reached":50,"playtime":1424,"items_purged":["Strike_R","Strike_R","Writhe"],"score":829,"play_id":"7bfb5db6-890c-479e-bdd2-aaad36a131cd","local_time":"20181202213829","is_ascension_mode":true,"campfire_choices":[{"data":"Twin Strike","floor":6,"key":"SMITH"},{"data":"Double Tap","floor":10,"key":"SMITH"},{"data":"Flex","floor":15,"key":"SMITH"},{"floor":23,"key":"REST"},{"data":"Whirlwind","floor":25,"key":"SMITH"},{"data":"Flex","floor":27,"key":"SMITH"},{"floor":32,"key":"REST"},{"data":"Twin Strike","floor":40,"key":"SMITH"},{"data":"Battle Trance","floor":42,"key":"SMITH"},{"floor":46,"key":"REST"},{"floor":49,"key":"REST"}],"neow_cost":"NONE","seed_source_timestamp":8908891226552,"circlet_count":0,"master_deck":["AscendersBane","Strike_R+1","Defend_R","Defend_R","Defend_R","Defend_R","Bash","Flame Barrier","Headbutt+1","Twin Strike+1","Double Tap+1","Battle Trance+1","Twin Strike+1","Flex+1","Rage","Iron Wave+1","Shrug It Off+1","Flex+1","Whirlwind+1","Thunderclap+1","Injury"],"relics":["Burning Blood","Brimstone","Juzu Bracelet","Vajra","Philosopher\u0027s Stone","PreservedInsect","Potion Belt","Darkstone Periapt","Regal Pillow","Cursed Key","Smiling Mask","Boot"],"potions_floor_usage":[4,8,19,24,33,33,39,50,50],"damage_taken":[{"damage":10,"enemies":"Small Slimes","floor":1,"turns":4},{"damage":13,"enemies":"Jaw Worm","floor":2,"turns":4},{"damage":0,"enemies":"2 Louse","floor":4,"turns":2},{"damage":2,"enemies":"2 Fungi Beasts","floor":7,"turns":3},{"damage":5,"enemies":"Red Slaver","floor":8,"turns":2},{"damage":13,"enemies":"Exordium Wildlife","floor":11,"turns":3},{"damage":0,"enemies":"Looter","floor":12,"turns":2},{"damage":19,"enemies":"3 Sentries","floor":13,"turns":4},{"damage":3,"enemies":"Exordium Thugs","floor":14,"turns":2},{"damage":24,"enemies":"Slime Boss","floor":16,"turns":5},{"damage":16,"enemies":"Chosen","floor":18,"turns":2},{"damage":33,"enemies":"3 Byrds","floor":19,"turns":3},{"damage":9,"enemies":"Sentry and Sphere","floor":20,"turns":3},{"damage":19,"enemies":"Gremlin Leader","floor":24,"turns":3},{"damage":31,"enemies":"Book of Stabbing","floor":28,"turns":3},{"damage":0,"enemies":"Centurion and Healer","floor":30,"turns":2},{"damage":0,"enemies":"Snecko","floor":31,"turns":3},{"damage":41,"enemies":"Champ","floor":33,"turns":6},{"damage":11,"enemies":"3 Shapes","floor":35,"turns":4},{"damage":9,"enemies":"Orb Walker","floor":36,"turns":2},{"damage":5,"enemies":"3 Darklings","floor":39,"turns":3},{"damage":47,"enemies":"Spire Growth","floor":44,"turns":4},{"damage":23,"enemies":"Giant Head","floor":45,"turns":5},{"damage":0,"enemies":"Jaw Worm Horde","floor":47,"turns":3},{"damage":42,"enemies":"Writhing Mass","floor":48,"turns":2},{"damage":107,"enemies":"Donu and Deca","floor":50,"turns":3}],"seed_played":"-9152279381926458218","potions_obtained":[{"floor":1,"key":"SneckoOil"},{"floor":2,"key":"SkillPotion"},{"floor":16,"key":"Dexterity Potion"},{"floor":20,"key":"BloodPotion"},{"floor":28,"key":"Ancient Potion"},{"floor":30,"key":"Energy Potion"},{"floor":35,"key":"Strength Potion"},{"floor":36,"key":"Explosive Potion"},{"floor":45,"key":"PowerPotion"}],"is_trial":false,"path_per_floor":["M","M","$","M","?","R","M","M","T","R","M","M","E","M","R","B",null,"M","M","M","?","$","R","E","R","T","R","E","$","M","M","R","B",null,"M","M","?","$","M","R","?","R","T","M","E","R","M","M","R","B"],"character_chosen":"IRONCLAD","items_purchased":["Brimstone","PreservedInsect","Flex"],"campfire_rested":4,"item_purchase_floors":[3,22,22],"current_hp_per_floor":[68,61,61,67,51,51,55,56,56,56,49,55,42,45,45,27,67,57,30,27,27,27,51,46,46,46,46,21,21,27,33,72,37,69,64,61,86,86,86,86,86,86,92,51,34,76,82,46,88,0],"gold":176,"neow_bonus":"HUNDRED_GOLD","is_prod":false,"is_daily":false,"chose_seed":false,"campfire_upgraded":7,"win_rate":0,"timestamp":1543804709,"path_taken":["M","M","$","M","?","R","M","M","T","R","M","M","E","M","R","BOSS","M","M","M","?","$","R","E","R","T","R","E","$","M","M","R","BOSS","M","M","?","$","M","R","?","R","T","M","E","R","M","M","R","BOSS"],"build_version":"2018-11-15","purchased_purges":3,"victory":false,"max_hp_per_floor":[80,80,80,80,80,80,80,80,80,80,80,80,80,80,80,80,80,80,80,80,80,80,80,80,80,80,80,80,80,80,80,80,80,80,80,80,86,86,86,86,86,86,92,92,92,92,92,92,92,92],"card_choices":[{"not_picked":["Intimidate","Body Slam"],"picked":"Flame Barrier","floor":1},{"not_picked":["Iron Wave","Havoc"],"picked":"Headbutt","floor":2},{"not_picked":["Pommel Strike","Anger"],"picked":"Twin Strike","floor":4},{"not_picked":["Iron Wave","Evolve"],"picked":"Double Tap","floor":7},{"not_picked":["Clothesline","Power Through"],"picked":"Battle Trance","floor":8},{"not_picked":["Wild Strike","Armaments"],"picked":"Twin Strike","floor":11},{"not_picked":["Power Through","Cleave"],"picked":"Flex","floor":12},{"not_picked":["Uppercut","Headbutt","Perfected Strike"],"picked":"SKIP","floor":13},{"not_picked":["True Grit","Intimidate"],"picked":"Rage","floor":14},{"not_picked":["Fire Breathing","Entrench"],"picked":"Iron Wave+1","floor":18},{"not_picked":["Wild Strike","Fire Breathing+1","Disarm"],"picked":"SKIP","floor":19},{"not_picked":["Second Wind","Havoc"],"picked":"Shrug It Off+1","floor":20},{"not_picked":["Rupture","Sword Boomerang"],"picked":"Whirlwind","floor":24},{"not_picked":["Body Slam","Flame Barrier","Headbutt"],"picked":"SKIP","floor":28},{"not_picked":["Burning Pact","Anger","Brutality"],"picked":"SKIP","floor":30},{"not_picked":["Sentinel","Rage","Heavy Blade"],"picked":"SKIP","floor":31},{"not_picked":["Warcry","Anger","Infernal Blade+1"],"picked":"SKIP","floor":35},{"not_picked":["Intimidate+1","Thunderclap","Havoc+1"],"picked":"SKIP","floor":36},{"not_picked":["Armaments","Inflame+1"],"picked":"Thunderclap+1","floor":39},{"not_picked":["Clash","Body Slam","Perfected Strike+1"],"picked":"SKIP","floor":44},{"not_picked":["Iron Wave+1","Bloodletting","Body Slam"],"picked":"SKIP","floor":45},{"not_picked":["Anger","Dark Embrace","Sentinel"],"picked":"SKIP","floor":47},{"not_picked":["Thunderclap","True Grit","Cleave"],"picked":"SKIP","floor":48}],"player_experience":774032,"relics_obtained":[{"floor":9,"key":"Juzu Bracelet"},{"floor":13,"key":"Vajra"},{"floor":24,"key":"Potion Belt"},{"floor":26,"key":"Darkstone Periapt"},{"floor":28,"key":"Regal Pillow"},{"floor":43,"key":"Smiling Mask"},{"floor":45,"key":"Boot"}],"event_choices":[{"damage_healed":0,"gold_gain":0,"player_choice":"Entered Light","damage_taken":16,"max_hp_gain":0,"max_hp_loss":0,"event_name":"Shining Light","floor":5,"gold_loss":0,"cards_upgraded":["Headbutt","Strike_R"]},{"cards_removed":["Strike_R"],"damage_healed":0,"gold_gain":0,"player_choice":"Elegance","damage_taken":0,"max_hp_gain":0,"max_hp_loss":0,"event_name":"Back to Basics","floor":21,"gold_loss":0},{"damage_healed":20,"gold_gain":0,"player_choice":"Writhe","damage_taken":0,"max_hp_gain":0,"max_hp_loss":0,"event_name":"Winding Halls","floor":37,"gold_loss":0,"cards_obtained":["Writhe"]},{"cards_removed":["Strike_R"],"damage_healed":0,"gold_gain":0,"player_choice":"Removed Attack","damage_taken":0,"max_hp_gain":0,"max_hp_loss":0,"event_name":"Falling","floor":41,"gold_loss":0}],"is_beta":false,"boss_relics":[{"not_picked":["Sozu","Orrery"],"picked":"Philosopher\u0027s Stone"},{"not_picked":["Calling Bell","Fusion Hammer"],"picked":"Cursed Key"}],"items_purged_floors":[22,29,38],"is_endless":false,"potions_floor_spawned":[1,2,16,20,28,30,35,36,45],"killed_by":"Donu and Deca","ascension_level":12}