{"gold_per_floor":[111,130,141,216,226,255,255,283,337,337,347,347],"floor_reached":12,"playtime":872,"items_purged":[],"score":104,"play_id":"e2cbf58d-38fe-4277-bb1e-f3ed28ff66fb","local_time":"20190909124058","is_ascension_mode":true,"campfire_choices":[{"floor":7,"key":"REST"}],"neow_cost":"NONE","seed_source_timestamp":439184556812600,"circlet_count":0,"master_deck":["Strike_R","Strike_R","Strike_R","Strike_R","Strike_R","Defend_R","Defend_R","Defend_R","Defend_R","Bash","Blood for Blood","Shockwave","Burning Pact","Dual Wield","Power Through","Sword Boomerang","Exhume"],"relics":["Burning Blood","Strawberry","Red Skull","Darkstone Periapt"],"potions_floor_usage":[8],"damage_taken":[{"damage":4,"enemies":"Jaw Worm","floor":1,"turns":6},{"damage":10,"enemies":"Small Slimes","floor":2,"turns":4},{"damage":0,"enemies":"Cultist","floor":3,"turns":5},{"damage":13,"enemies":"2 Fungi Beasts","floor":5,"turns":5},{"damage":47,"enemies":"Lagavulin","floor":6,"turns":8},{"damage":45,"enemies":"3 Sentries","floor":8,"turns":11},{"damage":6,"enemies":"Blue Slaver","floor":11,"turns":3},{"damage":15,"enemies":"3 Louse","floor":12,"turns":1}],"seed_played":"-4857469341596058201","potions_obtained":[{"floor":3,"key":"Weak Potion"},{"floor":6,"key":"SkillPotion"},{"floor":8,"key":"SpeedPotion"}],"is_trial":false,"path_per_floor":["M","M","M","?","M","E","R","E","T","?","M","M"],"character_chosen":"IRONCLAD","items_purchased":[],"campfire_rested":1,"item_purchase_floors":[],"current_hp_per_floor":[87,83,87,76,69,28,54,15,15,15,15,0],"gold":347,"neow_bonus":"RANDOM_COMMON_RELIC","is_prod":false,"is_daily":false,"chose_seed":false,"campfire_upgraded":0,"win_rate":0,"timestamp":1568050858,"path_taken":["M","M","M","?","M","E","R","E","T","?","M","?"],"build_version":"2019-07-17","purchased_purges":0,"victory":false,"max_hp_per_floor":[87,87,87,87,87,87,87,87,87,87,87,87],"card_choices":[{"not_picked":["Wild Strike","Thunderclap"],"picked":"Blood for Blood","floor":1},{"not_picked":["Twin Strike","Wild Strike"],"picked":"Shockwave","floor":2},{"not_picked":["Armaments","Heavy Blade"],"picked":"Burning Pact","floor":3},{"not_picked":["Warcry","Body Slam"],"picked":"Dual Wield","floor":5},{"not_picked":["Cleave","Rampage"],"picked":"Power Through","floor":6},{"not_picked":["Wild Strike","Headbutt"],"picked":"Sword Boomerang","floor":8},{"not_picked":["Cleave","Clash"],"picked":"Exhume","floor":11}],"player_experience":296792,"relics_obtained":[{"floor":6,"key":"Red Skull"},{"floor":8,"key":"Darkstone Periapt"}],"event_choices":[{"damage_healed":0,"gold_gain":75,"player_choice":"Gather Gold","damage_taken":11,"max_hp_gain":0,"max_hp_loss":0,"event_name":"World of Goop","floor":4,"gold_loss":0},{"damage_healed":0,"gold_gain":0,"player_choice":"Leave","damage_taken":0,"max_hp_gain":0,"max_hp_loss":0,"event_name":"FaceTrader","floor":10,"gold_loss":0}],"is_beta":false,"boss_relics":[],"items_purged_floors":[],"is_endless":false,"potions_floor_spawned":[3,6,8],"killed_by":"3 Louse","ascension_level":3}