{"gold_per_floor":[114,114,39,13,13,41,41,57,57,90,140,34,60,72,72,146,146,166,184,184,184,194,224,251,283,337,337],"floor_reached":27,"playtime":2935,"items_purged":["Defend_B"],"score":649,"play_id":"94b5eb94-3166-4699-b147-cb4d926091bc","local_time":"20190803230208","is_ascension_mode":true,"campfire_choices":[{"data":"Glacier","floor":7,"key":"SMITH"},{"data":"Lockon","floor":15,"key":"SMITH"}],"neow_cost":"NONE","seed_source_timestamp":629805514410913,"circlet_count":0,"master_deck":["AscendersBane","Defend_B","Defend_B","Defend_B","Zap","Dualcast","Lockon+1","Stack","Glacier+1","Rebound","Conserve Battery+1","Coolheaded+1","Compile Driver","Echo Form","Coolheaded+1","Reinforced Body+1","Bite","Bite","Bite","Bite","Bite","RitualDagger","Defragment","Glacier+1","Defragment"],"relics":["Cracked Core","NeowsBlessing","Smiling Mask","Boot","Singing Bowl","Toxic Egg 2","Dream Catcher","Snecko Eye","WingedGreaves","Dodecahedron","Omamori","PreservedInsect"],"potions_floor_usage":[10,13,16,22,24,24,25],"damage_taken":[{"damage":0,"enemies":"2 Louse","floor":1,"turns":1},{"damage":0,"enemies":"Lagavulin","floor":6,"turns":1},{"damage":0,"enemies":"Small Slimes","floor":8,"turns":1},{"damage":24,"enemies":"Gremlin Nob","floor":10,"turns":4},{"damage":6,"enemies":"3 Sentries","floor":13,"turns":11},{"damage":0,"enemies":"Jaw Worm","floor":14,"turns":3},{"damage":35,"enemies":"The Guardian","floor":16,"turns":20},{"damage":7,"enemies":"3 Byrds","floor":18,"turns":7},{"damage":0,"enemies":"Chosen","floor":19,"turns":4},{"damage":23,"enemies":"Centurion and Healer","floor":22,"turns":14},{"damage":4,"enemies":"Book of Stabbing","floor":23,"turns":7},{"damage":27,"enemies":"Slavers","floor":24,"turns":12},{"damage":42,"enemies":"Book of Stabbing","floor":25,"turns":10},{"damage":22,"enemies":"Slavers","floor":27,"turns":3}],"seed_played":"8780521026445293069","potions_obtained":[{"floor":1,"key":"Fire Potion"},{"floor":5,"key":"Block Potion"},{"floor":10,"key":"Weak Potion"},{"floor":16,"key":"SkillPotion"},{"floor":19,"key":"SpeedPotion"},{"floor":23,"key":"Swift Potion"},{"floor":24,"key":"FearPotion"}],"is_trial":false,"path_per_floor":["M","?","?","$","?","E","R","M","T","E","?","$","E","M","R","B",null,"M","M","?","?","M","E","E","E","T","E"],"character_chosen":"DEFECT","items_purchased":["Stack","Coolheaded+1"],"campfire_rested":0,"item_purchase_floors":[4,12],"current_hp_per_floor":[64,64,64,64,64,64,64,64,64,40,40,40,34,36,36,1,55,48,48,48,42,51,53,40,18,18,0],"gold":337,"neow_bonus":"THREE_ENEMY_KILL","is_prod":false,"is_daily":false,"chose_seed":false,"campfire_upgraded":2,"win_rate":0,"timestamp":1564887728,"path_taken":["M","?","?","$","?","E","R","?","T","E","?","?","E","M","R","BOSS","M","M","?","?","M","E","E","E","T","E"],"build_version":"2019-07-17","purchased_purges":1,"victory":false,"max_hp_per_floor":[71,71,71,71,71,71,71,71,71,71,71,71,71,73,73,73,73,73,73,51,51,51,53,53,53,53,53],"card_choices":[{"not_picked":["Cold Snap","Leap"],"picked":"Lockon","floor":1},{"not_picked":["Sweeping Beam","Go for the Eyes"],"picked":"Glacier","floor":6},{"not_picked":["Stack","FTL"],"picked":"Rebound","floor":8},{"not_picked":["Storm","Heatsinks"],"picked":"Conserve Battery","floor":10},{"not_picked":["Turbo+1","Streamline"],"picked":"Compile Driver","floor":13},{"not_picked":["Reinforced Body+1","Machine Learning","Rebound"],"picked":"Singing Bowl","floor":14},{"not_picked":["Thunder Strike","All For One"],"picked":"Echo Form","floor":16},{"not_picked":["Hologram+1","Barrage"],"picked":"Coolheaded+1","floor":18},{"not_picked":["Conserve Battery+1","Stack+1"],"picked":"Reinforced Body+1","floor":19},{"not_picked":["Rebound","FTL"],"picked":"Defragment","floor":22},{"not_picked":["Thunder Strike","Coolheaded+1","Streamline"],"picked":"Singing Bowl","floor":23},{"not_picked":["BootSequence+1","Steam+1"],"picked":"Glacier+1","floor":24},{"not_picked":["Leap+1","Conserve Battery+1"],"picked":"Defragment","floor":25}],"player_experience":1695147,"relics_obtained":[{"floor":6,"key":"Boot"},{"floor":9,"key":"Singing Bowl"},{"floor":10,"key":"Toxic Egg 2"},{"floor":13,"key":"Dream Catcher"},{"floor":23,"key":"WingedGreaves"},{"floor":24,"key":"Dodecahedron"},{"floor":25,"key":"Omamori"},{"floor":26,"key":"PreservedInsect"}],"event_choices":[{"damage_healed":0,"gold_gain":0,"player_choice":"Box","damage_taken":0,"relics_obtained":["Smiling Mask"],"max_hp_gain":0,"max_hp_loss":0,"event_name":"Big Fish","floor":2,"gold_loss":0,"cards_obtained":["Regret"]},{"cards_removed":["Regret"],"damage_healed":0,"gold_gain":0,"player_choice":"Card Removal","damage_taken":0,"max_hp_gain":0,"max_hp_loss":0,"event_name":"The Cleric","floor":3,"gold_loss":75},{"damage_healed":0,"gold_gain":0,"player_choice":"Got Potions","damage_taken":0,"max_hp_gain":0,"max_hp_loss":0,"event_name":"Lab","floor":5,"gold_loss":0},{"damage_healed":0,"gold_gain":50,"player_choice":"Pray","damage_taken":0,"max_hp_gain":0,"max_hp_loss":0,"event_name":"Golden Shrine","floor":11,"gold_loss":0},{"damage_healed":0,"gold_gain":0,"player_choice":"Became a vampire","damage_taken":0,"max_hp_gain":0,"max_hp_loss":22,"event_name":"Vampires","floor":20,"gold_loss":0,"cards_obtained":["Bite","Bite","Bite","Bite","Bite"]},{"damage_healed":0,"gold_gain":0,"player_choice":"Joined the Cult","damage_taken":6,"max_hp_gain":0,"max_hp_loss":0,"event_name":"Nest","floor":21,"gold_loss":0,"cards_obtained":["RitualDagger"]}],"is_beta":false,"boss_relics":[{"not_picked":["Busted Crown","Velvet Choker"],"picked":"Snecko Eye"}],"items_purged_floors":[12],"is_endless":false,"potions_floor_spawned":[1,8,10,16,19,23,24],"killed_by":"Slavers","ascension_level":20}