{"gold_per_floor":[109,121,134,154,167,167,199,199,226,226],"floor_reached":10,"playtime":505,"items_purged":[],"score":119,"play_id":"a1390f76-174d-43c3-a218-f49ca7aa25a0","local_time":"20181217114638","is_ascension_mode":true,"campfire_choices":[{"data":"Eviscerate","floor":6,"key":"SMITH"},{"floor":8,"key":"RECALL"}],"neow_cost":"NONE","seed_source_timestamp":317980953768826,"circlet_count":0,"master_deck":["AscendersBane","Defend_G","Defend_G","Defend_G","Defend_G","Defend_G","Strike_G","Strike_G","Strike_G","Strike_G","Strike_G","Survivor","Neutralize","Dagger Spray","Calculated Gamble","Eviscerate+1","Dagger Throw","Quick Slash","Venomology","Shame"],"relics":["Cursed Key","Bottled Lightning"],"potions_floor_usage":[7,7],"damage_taken":[{"damage":0,"enemies":"Cultist","floor":1,"turns":4},{"damage":11,"enemies":"Jaw Worm","floor":2,"turns":4},{"damage":4,"enemies":"Small Slimes","floor":3,"turns":3},{"damage":6,"enemies":"Blue Slaver","floor":4,"turns":4},{"damage":0,"enemies":"Large Slime","floor":5,"turns":5},{"damage":23,"enemies":"3 Sentries","floor":7,"turns":7},{"damage":17,"enemies":"Exordium Thugs","floor":10,"turns":3}],"seed_played":"-495483641587055714","potions_obtained":[{"floor":4,"key":"SkillPotion"},{"floor":5,"key":"SkillPotion"},{"floor":7,"key":"FearPotion"}],"is_trial":false,"path_per_floor":["M","M","M","M","M","R","E","R","T","M"],"character_chosen":"THE_SILENT","items_purchased":[],"campfire_rested":0,"item_purchase_floors":[],"current_hp_per_floor":[59,48,44,38,38,38,15,15,15,0],"gold":226,"neow_bonus":"BOSS_RELIC","is_prod":false,"is_daily":false,"chose_seed":false,"campfire_upgraded":1,"win_rate":0,"timestamp":1545065198,"path_taken":["M","M","?","M","M","R","E","R","T","M"],"build_version":"2018-12-13","purchased_purges":0,"victory":false,"max_hp_per_floor":[66,66,66,66,66,66,66,66,66,66],"card_choices":[{"not_picked":["PiercingWail","Backflip"],"picked":"Dagger Spray","floor":1},{"not_picked":["All Out Attack","Deadly Poison"],"picked":"Calculated Gamble","floor":2},{"not_picked":["Escape Plan","Deflect"],"picked":"Eviscerate","floor":3},{"not_picked":["Deflect","Prepared"],"picked":"Dagger Throw","floor":4},{"not_picked":["Deadly Poison","Dagger Throw"],"picked":"Quick Slash","floor":5},{"not_picked":["Blade Dance","Sucker Punch"],"picked":"Venomology","floor":7}],"player_experience":888343,"relics_obtained":[{"floor":7,"key":"Bottled Lightning"}],"event_choices":[],"is_beta":false,"boss_relics":[],"items_purged_floors":[],"is_endless":false,"potions_floor_spawned":[4,5,7],"killed_by":"Exordium Thugs","ascension_level":14}