{"gold_per_floor":[14,30,30,30,30,30,55,79,131,108,120,155,167,210,222,330,342,372,404,25,45,64,64,97,97,97,110,110,129,153,153,153,153],"floor_reached":33,"playtime":1140,"items_purged":[],"score":511,"play_id":"cda136ce-b571-4628-8db3-55d182feac70","local_time":"20190906082702","is_ascension_mode":true,"campfire_choices":[{"floor":6.0,"key":"REST"},{"floor":15.0,"key":"REST"},{"floor":23.0,"key":"REST"},{"floor":25,"key":"REST"},{"floor":32,"key":"REST"}],"neow_cost":"NO_GOLD","seed_source_timestamp":72371518678042,"circlet_count":0,"master_deck":["AscendersBane","Strike_B","Strike_B","Strike_B","Defend_B","Defend_B+1","Defend_B","Defend_B","Zap","Dualcast","Biased Cognition","Ball Lightning","Tempest+1","Injury","Reinforced Body","Lockon","Go for the Eyes","Streamline","Hologram","Core Surge","Ball Lightning","Stack","Hologram","Hologram+1","Turbo","Amplify","Coolheaded+1","Core Surge","Redo","Steam"],"special_seed":0,"relics":["Cracked Core","Bloody Idol","MawBank","Vajra","Philosopher\u0027s Stone","Regal Pillow","PreservedInsect","Pantograph","Bag of Marbles"],"potions_floor_usage":[30,33,33],"damage_taken":[{"damage":6.0,"enemies":"Cultist","floor":1.0,"turns":3.0},{"damage":7.0,"enemies":"Jaw Worm","floor":2.0,"turns":2.0},{"damage":17.0,"enemies":"Small Slimes","floor":7.0,"turns":3.0},{"damage":12.0,"enemies":"Exordium Wildlife","floor":8.0,"turns":2.0},{"damage":3.0,"enemies":"Looter","floor":12.0,"turns":2.0},{"damage":20.0,"enemies":"Lagavulin","floor":14.0,"turns":3.0},{"damage":37.0,"enemies":"The Guardian","floor":16.0,"turns":8.0},{"damage":0.0,"enemies":"Chosen","floor":18.0,"turns":3.0},{"damage":12.0,"enemies":"Spheric Guardian","floor":19.0,"turns":3.0},{"damage":26.0,"enemies":"Snake Plant","floor":21.0,"turns":2.0},{"damage":24.0,"enemies":"Centurion and Healer","floor":22.0,"turns":7.0},{"damage":45,"enemies":"Slavers","floor":24,"turns":5},{"damage":16,"enemies":"Cultist and Chosen","floor":27,"turns":5},{"damage":3,"enemies":"Snecko","floor":29,"turns":5},{"damage":7,"enemies":"Centurion and Healer","floor":30,"turns":4},{"damage":93,"enemies":"Collector","floor":33,"turns":8}],"seed_played":"-6984942644089246015","potions_obtained":[{"floor":2.0,"key":"FearPotion"},{"floor":8.0,"key":"FearPotion"},{"floor":12.0,"key":"SteroidPotion"},{"floor":18.0,"key":"SteroidPotion"},{"floor":19.0,"key":"Regen Potion"},{"floor":27,"key":"SkillPotion"},{"floor":29,"key":"Block Potion"},{"floor":30,"key":"Strength Potion"}],"is_trial":false,"path_per_floor":["M","M","?","?","?","R","M","M","T","?","$","M","?","E","R","B",null,"M","M","$","M","M","R","E","R","T","M","?","M","M","?","R","B"],"character_chosen":"DEFECT","items_purchased":["Regal Pillow","PreservedInsect","Hologram"],"campfire_rested":5,"item_purchase_floors":[20,20,20],"current_hp_per_floor":[58,51,51,51,30,51,34,22,22,39,39,36,59,39,60,23,59,59,47,47,21,12,48,3,39,39,23,23,20,13,13,49,0],"gold":153,"neow_bonus":"THREE_RARE_CARDS","is_prod":false,"is_daily":false,"chose_seed":false,"campfire_upgraded":0,"win_rate":0,"timestamp":1567722422,"path_taken":["M","M","?","?","?","R","M","?","T","?","$","M","?","E","R","BOSS","M","M","$","M","M","R","E","R","T","M","?","?","M","?","R","BOSS"],"build_version":"2019-07-17","purchased_purges":0,"victory":false,"max_hp_per_floor":[71,71,71,71,71,71,71,71,71,71,71,71,71,71,71,71,71,71,71,71,71,71,71,71,71,71,71,71,71,71,71,71,71],"card_choices":[{"not_picked":["Rainbow","Electrodynamics"],"picked":"Biased Cognition","floor":0.0},{"not_picked":["Conserve Battery","Auto Shields"],"picked":"Ball Lightning","floor":1.0},{"not_picked":["Barrage","Ball Lightning"],"picked":"Tempest","floor":2.0},{"not_picked":["Skim","Barrage"],"picked":"Lockon","floor":7.0},{"not_picked":["Barrage","Double Energy"],"picked":"Go for the Eyes","floor":8.0},{"not_picked":["Auto Shields","Barrage"],"picked":"Streamline","floor":12.0},{"not_picked":["Steam","Barrage"],"picked":"Hologram","floor":14.0},{"not_picked":["Biased Cognition","Machine Learning"],"picked":"Core Surge","floor":16.0},{"not_picked":["Conserve Battery","Reinforced Body"],"picked":"Ball Lightning","floor":18.0},{"not_picked":["Compile Driver","Barrage+1"],"picked":"Stack","floor":19.0},{"not_picked":["Ball Lightning","Cold Snap"],"picked":"Hologram+1","floor":21.0},{"not_picked":["Gash","Recycle"],"picked":"Turbo","floor":22.0},{"not_picked":["Lockon+1","Aggregate"],"picked":"Amplify","floor":24},{"not_picked":["Streamline","Rip and Tear+1"],"picked":"Coolheaded+1","floor":27},{"not_picked":["Beam Cell","Gash"],"picked":"Redo","floor":29},{"not_picked":["Sweeping Beam","Auto Shields"],"picked":"Steam","floor":30}],"player_experience":1257653,"relics_obtained":[{"floor":9.0,"key":"MawBank"},{"floor":14.0,"key":"Vajra"},{"floor":24,"key":"Pantograph"},{"floor":26,"key":"Bag of Marbles"}],"event_choices":[{"damage_healed":0.0,"max_hp_gain":0.0,"max_hp_loss":0.0,"gold_gain":0.0,"event_name":"Golden Idol","player_choice":"Take Wound","floor":3.0,"gold_loss":0.0,"damage_taken":0.0,"relics_obtained":["Golden Idol"],"cards_obtained":["Injury"]},{"damage_healed":0.0,"max_hp_gain":0.0,"max_hp_loss":0.0,"gold_gain":0.0,"cards_transformed":["Strike_B"],"event_name":"Living Wall","player_choice":"Change","floor":4.0,"gold_loss":0.0,"damage_taken":0.0,"cards_obtained":["Reinforced Body"]},{"damage_healed":0.0,"max_hp_gain":0.0,"max_hp_loss":0.0,"gold_gain":0.0,"event_name":"Shining Light","player_choice":"Entered Light","floor":5.0,"gold_loss":0.0,"damage_taken":21.0,"cards_upgraded":["Tempest","Defend_B"]},{"damage_healed":17.0,"max_hp_gain":0.0,"max_hp_loss":0.0,"gold_gain":0.0,"event_name":"The Cleric","player_choice":"Healed","floor":10.0,"gold_loss":35.0,"damage_taken":0.0},{"damage_healed":23.0,"max_hp_gain":0.0,"max_hp_loss":0.0,"gold_gain":0.0,"event_name":"Big Fish","player_choice":"Banana","floor":13.0,"gold_loss":0.0,"damage_taken":0.0},{"damage_healed":0,"gold_gain":0,"player_choice":"Copied","damage_taken":0,"max_hp_gain":0,"max_hp_loss":0,"event_name":"Duplicator","floor":28,"gold_loss":0,"cards_obtained":["Core Surge"]},{"damage_healed":0,"gold_gain":0,"player_choice":"Gave Idol","damage_taken":0,"relics_obtained":["Bloody Idol"],"max_hp_gain":0,"max_hp_loss":0,"event_name":"Forgotten Altar","floor":31,"relics_lost":["Golden Idol"],"gold_loss":0}],"is_beta":false,"boss_relics":[{"not_picked":["Coffee Dripper","Runic Dome"],"picked":"Philosopher\u0027s Stone"}],"items_purged_floors":[],"is_endless":false,"potions_floor_spawned":[2,8,12,18,19,27,29,30],"killed_by":"Collector","ascension_level":18}