{"path_per_floor":["M","M","M","M","?","R","M","?","T","$","E","M","M","M","R","B",null,"M","M","M","$","M","E","M","R","T","?","M","R","E","?","R","B",null,"M","$","M","M","?","R","M","M","T","M","M","T","T","E","R"],"character_chosen":"IRONCLAD","items_purchased":["Mummified Hand","Inflame","Orichalcum","Matryoshka"],"gold_per_floor":[112,125,141,160,160,160,178,178,478,17,46,62,73,87,87,188,188,208,225,245,170,181,213,232,232,285,285,300,300,328,253,253,358,358,369,28,40,57,57,57,69,81,111,127,143,143,168,196,196,196],"floor_reached":50,"campfire_rested":3,"playtime":2942,"current_hp_per_floor":[72,72,72,72,72,72,72,72,72,72,63,66,70,72,72,72,72,72,69,62,62,65,49,49,70,70,70,62,62,50,50,71,49,72,72,72,72,71,71,72,72,68,68,72,64,64,64,42,72,0],"items_purged":["Normality","Writhe"],"gold":196,"score":737,"play_id":"9aff006a-4b6a-4d3e-934e-7c87f7571402","local_time":"20180406165452","is_prod":false,"is_daily":false,"is_ascension_mode":true,"campfire_upgraded":4,"timestamp":1523048092,"path_taken":["M","M","M","M","?","R","M","?","T","$","E","?","M","M","R","BOSS","M","M","M","$","M","E","M","R","T","?","?","R","E","?","R","BOSS","M","?","M","M","?","R","M","M","T","M","?","?","?","E","R","BOSS"],"build_version":"2018-04-05v2","purchased_purges":2,"victory":false,"master_deck":["Strike_R+1","Strike_R","Defend_R","Defend_R","Defend_R","Bash","Cleave+1","Impervious","Disarm","Thunderclap","Combust+1","Impervious","Inflame","Clothesline","Infernal Blade","Inflame+1","Uppercut","Injury","Armaments","Flame Barrier+1","Body Slam+1","Ghostly Armor","Shrug It Off","Heavy Blade+1","Havoc","Impervious","Juggernaut","Battle Trance+1","Warcry","Pummel+1","True Grit+1","Seeing Red+1","Headbutt+1","Flame Barrier+1","Seeing Red"],"max_hp_per_floor":[72,72,72,72,72,72,72,72,72,72,72,72,72,72,72,72,72,72,72,72,72,72,72,72,72,72,72,72,72,72,72,72,72,72,72,72,72,72,72,72,72,72,72,72,72,72,72,72,72,72],"relics":["Burning Blood","Thread and Needle","Old Coin","Mummified Hand","Orichalcum","Sundial","Calling Bell","Dead Branch","Blue Candle","Bag of Marbles","Whetstone","Omamori","Du-Vu Doll","Eternal Feather","Matryoshka","Tiny Chest","Unceasing Top","Pen Nib","Letter Opener","Happy Flower","Paper Frog"],"card_choices":[{"not_picked":["Twin Strike","Headbutt"],"picked":"Cleave","floor":1},{"not_picked":["Armaments","Cleave"],"picked":"Impervious","floor":2},{"not_picked":["Rupture","Pommel Strike"],"picked":"Disarm","floor":3},{"not_picked":["Headbutt","Cleave"],"picked":"Thunderclap","floor":4},{"not_picked":["Flex","Fire Breathing"],"picked":"Impervious","floor":7},{"not_picked":["Pummel","Iron Wave"],"picked":"Clothesline","floor":11},{"not_picked":["Perfected Strike","Fire Breathing"],"picked":"Infernal Blade","floor":12},{"not_picked":["Headbutt","Clash"],"picked":"Inflame","floor":13},{"not_picked":["Anger","Evolve"],"picked":"Uppercut","floor":14},{"not_picked":["Carnage","Anger"],"picked":"Armaments","floor":18},{"not_picked":["Clash","Ghostly Armor"],"picked":"Flame Barrier","floor":19},{"not_picked":["Havoc","Clash"],"picked":"Body Slam","floor":20},{"not_picked":["Dropkick","Flex"],"picked":"Ghostly Armor","floor":22},{"not_picked":["Double Tap","Combust"],"picked":"Shrug It Off","floor":23},{"not_picked":["Clothesline","Body Slam"],"picked":"Heavy Blade","floor":24},{"not_picked":["Clash","Carnage"],"picked":"Havoc","floor":28},{"not_picked":["Battle Trance","Pommel Strike"],"picked":"Impervious","floor":30},{"not_picked":["Impervious","Fiend Fire"],"picked":"Juggernaut","floor":33},{"not_picked":["Sever Soul","Armaments"],"picked":"Battle Trance","floor":35},{"not_picked":["Combust","Clash"],"picked":"Warcry","floor":37},{"not_picked":["Sword Boomerang","Entrench"],"picked":"Pummel","floor":38},{"not_picked":["Clothesline","Anger"],"picked":"True Grit","floor":41},{"not_picked":["Heavy Blade","Flex"],"picked":"Seeing Red","floor":42},{"not_picked":["Cleave","Pommel Strike"],"picked":"Headbutt","floor":44},{"not_picked":["Reckless Charge","True Grit"],"picked":"Flame Barrier","floor":45},{"not_picked":["Reaper","Juggernaut"],"picked":"Seeing Red","floor":48}],"player_experience":181840,"potions_floor_usage":[16,19,22,23,30,33,33,44,44,48],"damage_taken":[{"damage":0,"enemies":"Small Slimes","floor":1,"turns":4},{"damage":0,"enemies":"Cultist","floor":2,"turns":4},{"damage":0,"enemies":"2 Louse","floor":3,"turns":3},{"damage":0,"enemies":"Red Slaver","floor":4,"turns":5},{"damage":1,"enemies":"Large Slime","floor":7,"turns":4},{"damage":15,"enemies":"Lagavulin","floor":11,"turns":6},{"damage":3,"enemies":"Exordium Thugs","floor":12,"turns":5},{"damage":2,"enemies":"3 Louse","floor":13,"turns":3},{"damage":2,"enemies":"Red Slaver","floor":14,"turns":3},{"damage":6,"enemies":"Slime Boss","floor":16,"turns":7},{"damage":6,"enemies":"Chosen","floor":18,"turns":4},{"damage":9,"enemies":"3 Byrds","floor":19,"turns":6},{"damage":13,"enemies":"Centurion and Healer","floor":20,"turns":7},{"damage":3,"enemies":"Cultist and Chosen","floor":22,"turns":4},{"damage":22,"enemies":"Gremlin Leader","floor":23,"turns":5},{"damage":6,"enemies":"3 Cultists","floor":24,"turns":5},{"damage":14,"enemies":"Centurion and Healer","floor":28,"turns":8},{"damage":18,"enemies":"Book of Stabbing","floor":30,"turns":6},{"damage":28,"enemies":"Automaton","floor":33,"turns":10},{"damage":3,"enemies":"Orb Walker","floor":35,"turns":6},{"damage":0,"enemies":"3 Shapes","floor":37,"turns":4},{"damage":7,"enemies":"3 Darklings","floor":38,"turns":5},{"damage":5,"enemies":"Maw","floor":41,"turns":5},{"damage":15,"enemies":"4 Shapes","floor":42,"turns":5},{"damage":5,"enemies":"3 Darklings","floor":44,"turns":2},{"damage":14,"enemies":"Sphere and 2 Shapes","floor":45,"turns":5},{"damage":37,"enemies":"Nemesis","floor":48,"turns":7},{"damage":77,"enemies":"Awakened One","floor":50,"turns":4}],"event_choices":[{"event_name":"Transmorgrifier","player_choice":"Transform","floor":5,"damage_taken":0},{"event_name":"Purifier","player_choice":"One Purge","floor":8,"damage_taken":0},{"event_name":"Ghosts","player_choice":"Ignored","floor":27,"damage_taken":0},{"event_name":"Beggar","player_choice":"Gave Gold","floor":31,"damage_taken":0}],"boss_relics":[{"not_picked":["Orrery","Lizard Tail"],"picked":"Calling Bell"},{"not_picked":["Astrolabe","Runic Dome"],"picked":"Eternal Feather"}],"potions_floor_spawned":[4,11,14,16,18,19,22,30,35,37,42],"seed_played":"-4948046533494838718","killed_by":"Awakened One","ascension_level":3,"is_trial":false}