{"gold_per_floor":[110,130,130,130,150,179,194,194,262,262,278,298,328,383,395,506,518,544,586,598,321,335,335,348,383,407,407,407,322,322,322,322,423,423,441,663,663,278,288,288,318,318,365,365,465,16,16,27,27,27],"floor_reached":51,"playtime":8436,"items_purged":[],"score":774,"play_id":"ecf6e553-4585-417a-b4b6-813296f0eb14","local_time":"20190911151057","is_ascension_mode":false,"campfire_choices":[{"floor":8,"key":"REST"},{"floor":15,"key":"REST"},{"data":"Defragment","floor":23,"key":"SMITH"},{"floor":32,"key":"REST"},{"data":"Defragment","floor":40,"key":"SMITH"},{"data":"Hello World","floor":42,"key":"SMITH"},{"floor":49,"key":"REST"}],"neow_cost":"NONE","seed_source_timestamp":83943173224356,"circlet_count":0,"master_deck":["Strike_B+1","Defend_B","Dualcast","Go for the Eyes","Cold Snap","Recycle","Ball Lightning+1","Sweeping Beam","Coolheaded","White Noise+1","Conserve Battery+1","Coolheaded+1","Buffer","Recycle+1","Meteor Strike+1","Glacier+1","Go for the Eyes","Defragment+1","Barrage","Tempest+1","Hello World+1","Hologram+1","Coolheaded+1","Coolheaded+1","Conserve Battery+1","Gash","Capacitor","Auto Shields+1","Decay","Seek+1","Go for the Eyes+1","Gash","Leap+1","Go for the Eyes","Coolheaded+1","Cold Snap","Defragment+1","Gash","Coolheaded+1","Turbo+1","Rebound+1","All For One","Hologram+1","Forethought+1","Coolheaded+1"],"relics":["Cracked Core","NeowsBlessing","StoneCalendar","Toxic Egg 2","Ancient Tea Set","Whetstone","MawBank","Astrolabe","Red Mask","DataDisk","Bag of Preparation","Juzu Bracelet","Incense Burner","Orrery","Bottled Flame","Vajra","Lantern","Emotion Chip","Cables"],"potions_floor_usage":[13,13,16,16,19,33,33,41,50,50,50],"damage_taken":[{"damage":0,"enemies":"2 Louse","floor":1,"turns":1},{"damage":0,"enemies":"Small Slimes","floor":2,"turns":1},{"damage":0,"enemies":"Jaw Worm","floor":5,"turns":1},{"damage":14,"enemies":"Lagavulin","floor":6,"turns":6},{"damage":14,"enemies":"Exordium Thugs","floor":7,"turns":5},{"damage":4,"enemies":"Exordium Wildlife","floor":11,"turns":2},{"damage":10,"enemies":"Looter","floor":12,"turns":3},{"damage":9,"enemies":"3 Sentries","floor":13,"turns":4},{"damage":28,"enemies":"The Guardian","floor":16,"turns":9},{"damage":6,"enemies":"Shell Parasite","floor":18,"turns":7},{"damage":0,"enemies":"Masked Bandits","floor":19,"turns":3},{"damage":0,"enemies":"2 Thieves","floor":22,"turns":4},{"damage":8,"enemies":"Shelled Parasite and Fungi","floor":24,"turns":7},{"damage":39,"enemies":"Slavers","floor":25,"turns":5},{"damage":0,"enemies":"Colosseum Slavers","floor":30,"turns":7},{"damage":13,"enemies":"Automaton","floor":33,"turns":18},{"damage":1,"enemies":"3 Darklings","floor":35,"turns":7},{"damage":2,"enemies":"Orb Walker","floor":39,"turns":5},{"damage":5,"enemies":"Giant Head","floor":41,"turns":13},{"damage":0,"enemies":"Mind Bloom Boss Battle","floor":45,"turns":7},{"damage":3,"enemies":"3 Darklings","floor":48,"turns":4},{"damage":21,"enemies":"Awakened One","floor":50,"turns":16}],"seed_played":"-1772026249877476989","potions_obtained":[{"floor":5,"key":"Strength Potion"},{"floor":7,"key":"Poison Potion"},{"floor":12,"key":"LiquidBronze"},{"floor":13,"key":"SkillPotion"},{"floor":16,"key":"SteroidPotion"},{"floor":22,"key":"Dexterity Potion"},{"floor":25,"key":"Weak Potion"},{"floor":35,"key":"Swift Potion"},{"floor":41,"key":"Regen Potion"},{"floor":45,"key":"Regen Potion"},{"floor":48,"key":"FocusPotion"}],"is_trial":false,"path_per_floor":["M","M","?","?","M","E","M","R","T","?","M","M","E","T","R","B",null,"M","?","?","$","M","R","M","E","T","?","?","?","?","?","R","B",null,"M","?","?","$","M","R","E","R","T","?","?","$","?","M","R","B",null],"character_chosen":"DEFECT","items_purchased":["DataDisk","Hello World","Hologram+1","Coolheaded+1","Defragment","Bottled Flame","Gash","All For One","Hologram+1","Cables"],"campfire_rested":4,"item_purchase_floors":[21,21,21,21,38,38,38,46,46,46],"current_hp_per_floor":[75,75,75,75,75,61,47,69,69,62,58,48,39,39,61,33,75,69,69,69,69,69,69,61,22,22,22,22,22,22,22,44,31,75,74,74,74,74,72,72,67,67,67,67,67,67,67,64,75,75],"gold":27,"neow_bonus":"THREE_ENEMY_KILL","is_prod":false,"is_daily":false,"chose_seed":false,"campfire_upgraded":3,"win_rate":0,"timestamp":1568225457,"path_taken":["M","M","?","?","M","E","M","R","T","?","?","M","E","?","R","BOSS","M","?","?","$","M","R","M","E","T","?","?","?","?","?","R","BOSS","M","?","?","$","M","R","E","R","T","?","?","$","?","M","R","BOSS"],"build_version":"2019-07-17","purchased_purges":0,"victory":true,"max_hp_per_floor":[75,75,75,75,75,75,75,75,75,75,75,75,75,75,75,75,75,75,75,75,75,75,75,75,75,75,75,75,75,75,75,75,75,75,75,75,75,75,75,75,75,75,75,75,75,75,75,75,75,75],"card_choices":[{"not_picked":["Sweeping Beam","Hologram"],"picked":"Go for the Eyes","floor":1},{"not_picked":["Streamline","Redo"],"picked":"Cold Snap","floor":2},{"not_picked":["Sunder","Steam"],"picked":"Ball Lightning","floor":5},{"not_picked":["Steam","Recycle"],"picked":"Sweeping Beam","floor":6},{"not_picked":["Reprogram","Streamline"],"picked":"Coolheaded","floor":7},{"not_picked":["Steam+1","Cold Snap"],"picked":"White Noise+1","floor":11},{"not_picked":["Meteor Strike","Rebound"],"picked":"Conserve Battery+1","floor":12},{"not_picked":["Chill+1","Creative AI"],"picked":"Coolheaded+1","floor":13},{"not_picked":["Amplify+1","Core Surge"],"picked":"Buffer","floor":16},{"not_picked":["Leap+1","Barrage"],"picked":"Go for the Eyes","floor":18},{"not_picked":["Turbo+1","Auto Shields+1"],"picked":"Defragment","floor":19},{"not_picked":["Steam+1","Leap+1"],"picked":"Coolheaded+1","floor":22},{"not_picked":["Beam Cell+1","Genetic Algorithm+1"],"picked":"Conserve Battery+1","floor":24},{"not_picked":["Loop","Capacitor"],"picked":"Gash","floor":25},{"not_picked":["Hyperbeam","Buffer"],"picked":"Seek+1","floor":33},{"not_picked":["Coolheaded+1","Streamline"],"picked":"Go for the Eyes+1","floor":34},{"not_picked":["Blizzard","Chill+1"],"picked":"Gash","floor":34},{"not_picked":["BootSequence+1","Storm+1"],"picked":"Leap+1","floor":34},{"not_picked":["Steam+1","Doom and Gloom"],"picked":"Go for the Eyes","floor":34},{"not_picked":["Compile Driver","Ball Lightning"],"picked":"Coolheaded+1","floor":34},{"not_picked":["Redo+1","Conserve Battery+1"],"picked":"Cold Snap","floor":35},{"not_picked":["Cold Snap+1","FTL"],"picked":"Coolheaded+1","floor":39},{"not_picked":["Rebound","Compile Driver+1"],"picked":"Turbo+1","floor":41},{"not_picked":["Sweeping Beam","Chill+1"],"picked":"Rebound+1","floor":45},{"not_picked":["Good Instincts+1","Sadistic Nature"],"picked":"Forethought+1","floor":47},{"not_picked":["Turbo+1","Rebound"],"picked":"Coolheaded+1","floor":48}],"player_experience":148009,"relics_obtained":[{"floor":6,"key":"StoneCalendar"},{"floor":9,"key":"Toxic Egg 2"},{"floor":13,"key":"Whetstone"},{"floor":14,"key":"MawBank"},{"floor":19,"key":"Red Mask"},{"floor":25,"key":"Bag of Preparation"},{"floor":26,"key":"Juzu Bracelet"},{"floor":41,"key":"Vajra"},{"floor":43,"key":"Lantern"},{"floor":45,"key":"Emotion Chip"}],"event_choices":[{"damage_healed":0,"gold_gain":0,"cards_transformed":["Strike_B"],"player_choice":"Change","damage_taken":0,"max_hp_gain":0,"max_hp_loss":0,"event_name":"Living Wall","floor":3,"gold_loss":0,"cards_obtained":["Recycle"]},{"damage_healed":0,"gold_gain":0,"player_choice":"Leave","damage_taken":0,"max_hp_gain":0,"max_hp_loss":0,"event_name":"The Cleric","floor":4,"gold_loss":0},{"damage_healed":0,"gold_gain":0,"player_choice":"Success","damage_taken":7,"relics_obtained":["Ancient Tea Set"],"max_hp_gain":0,"max_hp_loss":0,"event_name":"Scrap Ooze","floor":10,"gold_loss":0},{"damage_healed":0,"gold_gain":0,"player_choice":"Fought Bandits","damage_taken":0,"max_hp_gain":0,"max_hp_loss":0,"event_name":"Masked Bandits","floor":19,"gold_loss":0},{"damage_healed":0,"gold_gain":0,"player_choice":"2 cards matched","damage_taken":0,"max_hp_gain":0,"max_hp_loss":0,"event_name":"Match and Keep!","floor":20,"gold_loss":0,"cards_obtained":["Barrage","Tempest"]},{"damage_healed":0,"gold_gain":0,"player_choice":"Ignored","damage_taken":0,"max_hp_gain":0,"max_hp_loss":0,"event_name":"Ghosts","floor":27,"gold_loss":0},{"damage_healed":0,"gold_gain":0,"cards_transformed":["Defend_B","Strike_B"],"player_choice":"Became Test Subject","damage_taken":0,"max_hp_gain":0,"max_hp_loss":0,"event_name":"Drug Dealer","floor":28,"gold_loss":0,"cards_obtained":["Capacitor","Auto Shields"]},{"damage_healed":0,"gold_gain":0,"player_choice":"Obtained Relic","damage_taken":0,"relics_obtained":["Incense Burner"],"max_hp_gain":0,"max_hp_loss":0,"event_name":"Addict","floor":29,"gold_loss":85},{"damage_healed":0,"gold_gain":0,"player_choice":"Fight","damage_taken":0,"max_hp_gain":0,"max_hp_loss":0,"event_name":"Colosseum","floor":30,"gold_loss":0},{"damage_healed":0,"gold_gain":0,"player_choice":"Fled From Nobs","damage_taken":0,"max_hp_gain":0,"max_hp_loss":0,"event_name":"Colosseum","floor":30,"gold_loss":0},{"damage_healed":0,"gold_gain":0,"player_choice":"Smashed Altar","damage_taken":0,"max_hp_gain":0,"max_hp_loss":0,"event_name":"Forgotten Altar","floor":31,"gold_loss":0,"cards_obtained":["Decay"]},{"damage_healed":0,"gold_gain":222,"player_choice":"Wore Mask","damage_taken":0,"max_hp_gain":0,"max_hp_loss":0,"event_name":"Tomb of Lord Red Mask","floor":36,"gold_loss":0},{"cards_removed":["Zap"],"damage_healed":0,"gold_gain":0,"player_choice":"Removed Skill","damage_taken":0,"max_hp_gain":0,"max_hp_loss":0,"event_name":"Falling","floor":37,"gold_loss":0},{"damage_healed":0,"gold_gain":0,"player_choice":"Ignored","damage_taken":0,"max_hp_gain":0,"max_hp_loss":0,"event_name":"Mysterious Sphere","floor":44,"gold_loss":0},{"damage_healed":0,"gold_gain":0,"player_choice":"Fight","damage_taken":0,"max_hp_gain":0,"max_hp_loss":0,"event_name":"MindBloom","floor":45,"gold_loss":0},{"damage_healed":0,"gold_gain":0,"player_choice":"Memory 1","damage_taken":0,"max_hp_gain":0,"max_hp_loss":0,"event_name":"SensoryStone","floor":47,"gold_loss":0}],"is_beta":false,"boss_relics":[{"not_picked":["Busted Crown","Velvet Choker"],"picked":"Astrolabe"},{"not_picked":["Empty Cage","FrozenCore"],"picked":"Orrery"}],"items_purged_floors":[],"is_endless":false,"potions_floor_spawned":[5,7,12,13,16,22,25,35,41,45,48],"ascension_level":0}