{"gold_per_floor":[114,127,144,158,133,133,166,183,231,231,231,244,259,286,286,286],"floor_reached":16,"playtime":857,"items_purged":[],"score":114,"play_id":"0c2fa2b3-ae2f-4ed7-ab3f-ee00579beb0e","local_time":"20190328024311","is_ascension_mode":false,"campfire_choices":[{"floor":6,"key":"REST"},{"floor":10,"key":"REST"},{"floor":15,"key":"REST"}],"neow_cost":"NONE","seed_source_timestamp":57913963004093,"circlet_count":0,"master_deck":["Defend_G","Defend_G","Defend_G","Defend_G","Defend_G","Strike_G","Strike_G","Strike_G","Strike_G","Survivor","Neutralize","Dagger Throw","Cloak And Dagger","Footwork","Outmaneuver","Blade Dance","Flying Knee","Heel Hook","Cloak And Dagger","Blur"],"relics":["Ring of the Snake","NeowsBlessing","Meat on the Bone","Lantern","The Courier"],"potions_floor_usage":[13,13,14,16],"damage_taken":[{"damage":0,"enemies":"Jaw Worm","floor":1,"turns":1},{"damage":0,"enemies":"2 Louse","floor":2,"turns":1},{"damage":0,"enemies":"Cultist","floor":3,"turns":1},{"damage":11,"enemies":"Lots of Slimes","floor":4,"turns":8},{"damage":55,"enemies":"Lagavulin","floor":7,"turns":14},{"damage":0,"enemies":"3 Louse","floor":8,"turns":6},{"damage":3,"enemies":"Exordium Wildlife","floor":12,"turns":6},{"damage":14,"enemies":"Lots of Slimes","floor":13,"turns":3},{"damage":19,"enemies":"Gremlin Nob","floor":14,"turns":5},{"damage":59,"enemies":"Slime Boss","floor":16,"turns":13}],"seed_played":"-8943384434033959718","potions_obtained":[{"floor":7,"key":"Ancient Potion"},{"floor":8,"key":"Strength Potion"},{"floor":12,"key":"SpeedPotion"},{"floor":13,"key":"Block Potion"},{"floor":14,"key":"Fire Potion"}],"is_trial":false,"path_per_floor":["M","M","M","M","?","R","E","M","T","R","?","M","M","E","R","B"],"character_chosen":"THE_SILENT","items_purchased":[],"campfire_rested":3,"item_purchase_floors":[],"current_hp_per_floor":[70,70,70,59,59,70,15,27,27,48,48,45,43,36,57,0],"gold":286,"neow_bonus":"THREE_ENEMY_KILL","is_prod":false,"is_daily":false,"chose_seed":false,"campfire_upgraded":0,"win_rate":0,"timestamp":1553704991,"path_taken":["M","M","M","M","?","R","E","M","T","R","?","?","?","E","R","BOSS"],"build_version":"2019-01-23","purchased_purges":0,"victory":false,"max_hp_per_floor":[70,70,70,70,70,70,70,70,70,70,70,70,70,70,70,70],"card_choices":[{"not_picked":["Deflect","Noxious Fumes"],"picked":"Dagger Throw","floor":1},{"not_picked":["Choke","Dagger Throw"],"picked":"Cloak And Dagger","floor":2},{"not_picked":["Catalyst","Sucker Punch"],"picked":"Footwork","floor":3},{"not_picked":["Quick Slash","Sucker Punch"],"picked":"Outmaneuver","floor":4},{"not_picked":["Flechettes","Reflex"],"picked":"Blade Dance","floor":7},{"not_picked":["Malaise","Quick Slash"],"picked":"Flying Knee","floor":8},{"not_picked":["Catalyst","Reflex"],"picked":"Heel Hook","floor":12},{"not_picked":["Masterful Stab","Predator"],"picked":"Cloak And Dagger","floor":13},{"not_picked":["Catalyst","Crippling Poison"],"picked":"Blur","floor":14}],"player_experience":222417,"relics_obtained":[{"floor":7,"key":"Meat on the Bone"},{"floor":9,"key":"Lantern"},{"floor":14,"key":"The Courier"}],"event_choices":[{"damage_healed":0,"gold_gain":0,"player_choice":"Left Gold","damage_taken":0,"max_hp_gain":0,"max_hp_loss":0,"event_name":"World of Goop","floor":5,"gold_loss":25},{"cards_removed":["Strike_G"],"damage_healed":0,"gold_gain":0,"player_choice":"Offered Basic","damage_taken":0,"max_hp_gain":0,"max_hp_loss":0,"event_name":"Bonfire Elementals","floor":11,"gold_loss":0}],"is_beta":false,"boss_relics":[],"items_purged_floors":[],"is_endless":false,"potions_floor_spawned":[7,8,12,13,14],"killed_by":"Slime Boss","ascension_level":0}