{"gold_per_floor":[118,118,131,147,166,166,183,198,248,248,274,274,291,291,291,370,370,384,384,396,21,34,34],"floor_reached":23,"playtime":1479,"items_purged":[],"score":390,"play_id":"75e6a987-b8f7-4eed-ac92-036a69c2f346","local_time":"20190508224611","is_ascension_mode":true,"campfire_choices":[{"data":"Neutralize","floor":6,"key":"SMITH"},{"data":"All Out Attack","floor":10,"key":"SMITH"},{"data":"Noxious Fumes","floor":12,"key":"SMITH"},{"data":"Dash","floor":15,"key":"SMITH"}],"neow_cost":"NONE","seed_source_timestamp":1253604680121060,"circlet_count":0,"master_deck":["AscendersBane","Defend_G","Defend_G","Defend_G","Defend_G","Defend_G","Strike_G","Strike_G","Strike_G","Strike_G","Survivor","Neutralize+1","All Out Attack+1","Noxious Fumes+1","Predator","Dash+1","Storm of Steel+1","PiercingWail","Backstab","Deflect","Glass Knife","Calculated Gamble","Acrobatics","Dramatic Entrance","Crippling Poison"],"relics":["Ring of the Snake","NeowsBlessing","Bag of Preparation","Paper Crane","Eternal Feather","Toolbox"],"potions_floor_usage":[7,8,11,23,23],"damage_taken":[{"damage":0,"enemies":"2 Louse","floor":1,"turns":1},{"damage":0,"enemies":"Cultist","floor":3,"turns":1},{"damage":0,"enemies":"Jaw Worm","floor":4,"turns":1},{"damage":13,"enemies":"Large Slime","floor":5,"turns":7},{"damage":1,"enemies":"Exordium Thugs","floor":7,"turns":5},{"damage":1,"enemies":"Red Slaver","floor":8,"turns":3},{"damage":10,"enemies":"Lagavulin","floor":11,"turns":7},{"damage":0,"enemies":"2 Fungi Beasts","floor":13,"turns":1},{"damage":4,"enemies":"Slime Boss","floor":16,"turns":8},{"damage":7,"enemies":"2 Thieves","floor":18,"turns":5},{"damage":6,"enemies":"Shell Parasite","floor":20,"turns":6},{"damage":9,"enemies":"Centurion and Healer","floor":22,"turns":9},{"damage":20,"enemies":"Book of Stabbing","floor":23,"turns":5}],"seed_played":"-6902895873313490161","potions_obtained":[{"floor":3,"key":"AttackPotion"},{"floor":7,"key":"Poison Potion"},{"floor":8,"key":"SteroidPotion"},{"floor":16,"key":"SpeedPotion"},{"floor":22,"key":"AttackPotion"}],"is_trial":false,"path_per_floor":["M","?","M","M","M","R","M","M","T","R","E","R","M","?","R","B",null,"M","?","M","$","M","E"],"character_chosen":"THE_SILENT","items_purchased":["AttackPotion","Dramatic Entrance","Toolbox"],"campfire_rested":0,"item_purchase_floors":[21,21,21],"current_hp_per_floor":[59,59,59,59,46,46,45,44,44,44,34,34,34,34,34,30,57,50,32,26,26,17,0],"gold":34,"neow_bonus":"THREE_ENEMY_KILL","is_prod":false,"is_daily":false,"chose_seed":false,"campfire_upgraded":4,"win_rate":0,"timestamp":1557369971,"path_taken":["M","?","?","M","M","R","M","M","T","R","E","R","M","?","R","BOSS","M","?","M","?","M","E"],"build_version":"2019-01-23","purchased_purges":0,"victory":false,"max_hp_per_floor":[66,66,66,66,66,66,66,66,66,66,66,66,66,66,66,66,66,66,71,71,71,71,71],"card_choices":[{"not_picked":["Flying Knee","Slice"],"picked":"All Out Attack","floor":1},{"not_picked":["Bouncing Flask","Dodge and Roll"],"picked":"Noxious Fumes","floor":3},{"not_picked":["Dagger Throw","Quick Slash"],"picked":"Predator","floor":4},{"not_picked":["Backflip","Dagger Throw"],"picked":"Dash","floor":5},{"not_picked":["Flying Knee","Backflip"],"picked":"Storm of Steel","floor":7},{"not_picked":["Acrobatics","Blur"],"picked":"PiercingWail","floor":8},{"not_picked":["Quick Slash","Underhanded Strike"],"picked":"Backstab","floor":11},{"not_picked":["Sucker Punch","Flechettes"],"picked":"Deflect","floor":13},{"not_picked":["Corpse Explosion","Venomology"],"picked":"Glass Knife","floor":16},{"not_picked":["All Out Attack","Dodge and Roll"],"picked":"Calculated Gamble","floor":18},{"not_picked":["Calculated Gamble","Skewer"],"picked":"Acrobatics","floor":20},{"not_picked":["Caltrops","Dagger Throw"],"picked":"Crippling Poison","floor":22}],"player_experience":1494074,"relics_obtained":[{"floor":9,"key":"Bag of Preparation"},{"floor":11,"key":"Paper Crane"}],"event_choices":[{"cards_removed":["Strike_G"],"damage_healed":0,"gold_gain":0,"player_choice":"Offered Basic","damage_taken":0,"max_hp_gain":0,"max_hp_loss":0,"event_name":"Bonfire Elementals","floor":2,"gold_loss":0},{"damage_healed":0,"gold_gain":0,"player_choice":"Grow","damage_taken":0,"max_hp_gain":0,"max_hp_loss":0,"event_name":"Living Wall","floor":14,"gold_loss":0,"cards_upgraded":["Storm of Steel"]},{"damage_healed":0,"gold_gain":0,"player_choice":"Shed Blood","damage_taken":23,"max_hp_gain":5,"max_hp_loss":0,"event_name":"Forgotten Altar","floor":19,"gold_loss":0}],"is_beta":false,"boss_relics":[{"not_picked":["Calling Bell","HoveringKite"],"picked":"Eternal Feather"}],"items_purged_floors":[],"is_endless":false,"potions_floor_spawned":[3,7,8,16,22],"killed_by":"Book of Stabbing","ascension_level":20}