{"gold_per_floor":[115,130,130,100,113,125,159,159,183,258,50,50,60,86,86,157,157,176,176,176,192,212,212,212],"floor_reached":24,"playtime":1243,"items_purged":["Strike_R"],"score":391,"play_id":"1ff9639b-7433-4e54-a2d6-8266bfd6a56c","local_time":"20190715153634","is_ascension_mode":true,"campfire_choices":[{"data":"Uppercut","floor":8,"key":"SMITH"},{"data":"Cleave","floor":12,"key":"SMITH"},{"floor":15,"key":"REST"},{"data":"Demon Form","floor":23,"key":"SMITH"}],"neow_cost":"NONE","seed_source_timestamp":234128064624077,"circlet_count":0,"master_deck":["AscendersBane","Strike_R","Strike_R","Strike_R","Defend_R","Defend_R","Defend_R","Bash","Cleave+1","Twin Strike","Twin Strike","Headbutt","Uppercut+1","Demon Form+1","Reckless Charge","Reaper","Reckless Charge+1","Thunderclap"],"relics":["Burning Blood","Orichalcum","Smiling Mask","Lantern","Omamori","Potion Belt","Art of War","Empty Cage","Dream Catcher","Blood Vial"],"potions_floor_usage":[7,16,18,21,24,24],"damage_taken":[{"damage":4,"enemies":"Small Slimes","floor":1,"turns":3},{"damage":6,"enemies":"2 Louse","floor":2,"turns":2},{"damage":0,"enemies":"Cultist","floor":5,"turns":3},{"damage":3,"enemies":"2 Fungi Beasts","floor":6,"turns":3},{"damage":19,"enemies":"3 Sentries","floor":7,"turns":8},{"damage":6,"enemies":"Exordium Wildlife","floor":13,"turns":3},{"damage":18,"enemies":"Lagavulin","floor":14,"turns":6},{"damage":10,"enemies":"Slime Boss","floor":16,"turns":7},{"damage":5,"enemies":"Spheric Guardian","floor":18,"turns":3},{"damage":8,"enemies":"3 Byrds","floor":21,"turns":5},{"damage":36,"enemies":"Snake Plant","floor":22,"turns":4},{"damage":50,"enemies":"Slavers","floor":24,"turns":6}],"seed_played":"2277328623681389232","potions_obtained":[{"floor":4,"key":"SmokeBomb"},{"floor":4,"key":"Ancient Potion"},{"floor":5,"key":"Dexterity Potion"},{"floor":7,"key":"Swift Potion"},{"floor":14,"key":"Swift Potion"},{"floor":18,"key":"AttackPotion"},{"floor":21,"key":"Fire Potion"}],"is_trial":false,"path_per_floor":["M","M","?","?","M","M","E","R","T","?","$","R","M","E","R","B",null,"M","?","?","M","M","R","E"],"character_chosen":"IRONCLAD","items_purchased":["Potion Belt"],"campfire_rested":1,"item_purchase_floors":[11],"current_hp_per_floor":[70,70,59,59,65,68,55,55,55,44,44,44,44,32,54,50,69,70,70,70,70,45,45,0],"gold":212,"neow_bonus":"RANDOM_COMMON_RELIC","is_prod":false,"is_daily":false,"chose_seed":false,"campfire_upgraded":3,"win_rate":0,"timestamp":1563219394,"path_taken":["M","M","?","?","?","M","E","R","T","?","?","R","M","E","R","BOSS","M","?","?","M","M","R","E"],"build_version":"2019-07-05","purchased_purges":1,"victory":false,"max_hp_per_floor":[75,75,75,75,75,75,75,75,75,75,75,75,75,75,75,75,75,75,75,75,75,75,75,75],"card_choices":[{"not_picked":["Shrug It Off","Body Slam"],"picked":"Cleave","floor":1},{"not_picked":["Power Through","Havoc"],"picked":"Twin Strike","floor":2},{"not_picked":["Clash","Iron Wave"],"picked":"Twin Strike","floor":5},{"not_picked":["Cleave","Burning Pact"],"picked":"Headbutt","floor":6},{"not_picked":["Havoc","Feel No Pain"],"picked":"Uppercut","floor":7},{"not_picked":["Clothesline","Body Slam"],"picked":"Demon Form","floor":13},{"not_picked":["Metallicize","Shockwave"],"picked":"Reckless Charge","floor":14},{"not_picked":["Berserk","Dark Embrace"],"picked":"Reaper","floor":16},{"not_picked":["Perfected Strike","Second Wind"],"picked":"Reckless Charge+1","floor":18},{"not_picked":["Wild Strike","Burning Pact","Twin Strike"],"picked":"SKIP","floor":21},{"not_picked":["Entrench+1","Wild Strike"],"picked":"Thunderclap","floor":22}],"player_experience":1598465,"relics_obtained":[{"floor":7,"key":"Lantern"},{"floor":9,"key":"Omamori"},{"floor":14,"key":"Art of War"}],"event_choices":[{"damage_healed":0,"gold_gain":0,"player_choice":"Success","damage_taken":11,"relics_obtained":["Smiling Mask"],"max_hp_gain":0,"max_hp_loss":0,"event_name":"Scrap Ooze","floor":3,"gold_loss":0},{"damage_healed":0,"gold_gain":0,"player_choice":"Bought 2 Potions","damage_taken":0,"max_hp_gain":0,"max_hp_loss":0,"event_name":"The Woman in Blue","floor":4,"gold_loss":0},{"damage_healed":0,"gold_gain":75,"player_choice":"Gather Gold","damage_taken":11,"max_hp_gain":0,"max_hp_loss":0,"event_name":"World of Goop","floor":10,"gold_loss":0},{"damage_healed":0,"gold_gain":0,"player_choice":"Opened","damage_taken":0,"relics_obtained":["Dream Catcher"],"max_hp_gain":0,"max_hp_loss":0,"event_name":"The Mausoleum","floor":19,"gold_loss":0,"cards_obtained":["Writhe"]},{"damage_healed":0,"gold_gain":0,"player_choice":"Stole Relic","damage_taken":0,"relics_obtained":["Blood Vial"],"max_hp_gain":0,"max_hp_loss":0,"event_name":"Addict","floor":20,"gold_loss":0,"cards_obtained":["Shame"]}],"is_beta":false,"boss_relics":[{"not_picked":["Pandora\u0027s Box","Tiny House"],"picked":"Empty Cage"}],"items_purged_floors":[11],"is_endless":false,"potions_floor_spawned":[5,6,7,14,18,21],"killed_by":"Slavers","ascension_level":18}