{"gold_per_floor":[362,137,137,154,168,168,182,182,182,182,182,201,214,128,128,259,259,279,4,23,23,37,37,60,60],"floor_reached":25,"playtime":1257,"items_purged":["Injury"],"score":245,"play_id":"9e7720a0-a6a1-4c1f-a282-ee4d051bb33c","local_time":"20190322125021","is_ascension_mode":false,"campfire_choices":[{"data":"Storm","floor":6,"key":"SMITH"},{"data":"Zap","floor":11,"key":"SMITH"},{"data":"Hello World","floor":15,"key":"SMITH"},{"data":"Echo Form","floor":23,"key":"SMITH"}],"neow_cost":"CURSE","seed_source_timestamp":76217140664203,"circlet_count":0,"master_deck":["Strike_B","Strike_B","Strike_B","Defend_B","Defend_B","Defend_B","Defend_B","Zap+1","Dualcast","Stack","All For One","Go for the Eyes","Storm+1","Sweeping Beam","Cold Snap","Hologram+1","Echo Form+1","Hello World+1","Hologram+1","Electrodynamics","Ball Lightning","Enlightenment+1","Rainbow+1","Cold Snap","Compile Driver+1","Stack+1","Conserve Battery+1"],"relics":["Cracked Core","Orichalcum","Toxic Egg 2","Golden Idol","Eternal Feather"],"potions_floor_usage":[16,16,24,25],"damage_taken":[{"damage":1,"enemies":"Cultist","floor":1,"turns":3},{"damage":2,"enemies":"2 Louse","floor":4,"turns":2},{"damage":10,"enemies":"Small Slimes","floor":5,"turns":3},{"damage":20,"enemies":"Exordium Thugs","floor":7,"turns":5},{"damage":4,"enemies":"Red Slaver","floor":12,"turns":4},{"damage":4,"enemies":"Looter","floor":13,"turns":3},{"damage":0,"enemies":"Hexaghost","floor":16,"turns":9},{"damage":15,"enemies":"Spheric Guardian","floor":18,"turns":5},{"damage":13,"enemies":"Chosen","floor":20,"turns":5},{"damage":23,"enemies":"3 Cultists","floor":22,"turns":4},{"damage":21,"enemies":"Snake Plant","floor":24,"turns":4},{"damage":13,"enemies":"Slavers","floor":25,"turns":1}],"seed_played":"5041517584297057145","potions_obtained":[{"floor":7,"key":"LiquidBronze"},{"floor":12,"key":"Block Potion"},{"floor":20,"key":"FocusPotion"},{"floor":22,"key":"SteroidPotion"}],"is_trial":false,"path_per_floor":["M","$","T","M","M","R","M","?","T","?","R","M","M","$","R","B",null,"M","$","M","?","M","R","M","E"],"character_chosen":"DEFECT","items_purchased":["All For One","Hello World","Hologram+1","Enlightenment+1","Rainbow+1","Cold Snap"],"campfire_rested":0,"item_purchase_floors":[2,14,14,19,19,19],"current_hp_per_floor":[74,74,74,72,62,62,42,42,42,42,42,38,34,34,34,34,69,54,54,41,41,18,33,12,0],"gold":60,"neow_bonus":"TWO_FIFTY_GOLD","is_prod":false,"is_daily":false,"chose_seed":false,"campfire_upgraded":4,"win_rate":0.0,"timestamp":1553223021,"path_taken":["M","$","?","M","M","R","M","?","T","?","R","M","?","?","R","BOSS","M","$","M","?","M","R","M","E"],"build_version":"2019-01-23","purchased_purges":1,"victory":false,"max_hp_per_floor":[75,75,75,75,75,75,75,75,75,69,69,69,69,69,69,69,69,69,69,69,69,69,69,69,69],"card_choices":[{"not_picked":["Rebound","Consume"],"picked":"Stack","floor":1},{"not_picked":["Melter","Coolheaded"],"picked":"Go for the Eyes","floor":4},{"not_picked":["Conserve Battery","Compile Driver"],"picked":"Storm","floor":5},{"not_picked":["Self Repair","Consume"],"picked":"Sweeping Beam","floor":7},{"not_picked":["Compile Driver","Gash"],"picked":"Hologram+1","floor":12},{"not_picked":["Self Repair","Stack+1"],"picked":"Echo Form","floor":13},{"not_picked":["Thunder Strike","Seek+1"],"picked":"Electrodynamics","floor":16},{"not_picked":["Skim+1","Gash"],"picked":"Ball Lightning","floor":18},{"not_picked":["Ball Lightning","Rebound"],"picked":"Compile Driver+1","floor":20},{"not_picked":["Compile Driver","Barrage"],"picked":"Stack+1","floor":22},{"not_picked":["Ball Lightning","Barrage"],"picked":"Conserve Battery+1","floor":24}],"player_experience":35529,"relics_obtained":[{"floor":3,"key":"Orichalcum"},{"floor":9,"key":"Toxic Egg 2"}],"event_choices":[{"damage_healed":0,"gold_gain":0,"cards_transformed":["Strike_B"],"player_choice":"Change","damage_taken":0,"max_hp_gain":0,"max_hp_loss":0,"event_name":"Living Wall","floor":8,"gold_loss":0,"cards_obtained":["Cold Snap"]},{"damage_healed":0,"gold_gain":0,"player_choice":"Lose Max HP","damage_taken":0,"relics_obtained":["Golden Idol"],"max_hp_gain":0,"max_hp_loss":6,"event_name":"Golden Idol","floor":10,"gold_loss":0},{"damage_healed":0,"gold_gain":0,"player_choice":"Ignored","damage_taken":0,"max_hp_gain":0,"max_hp_loss":0,"event_name":"Beggar","floor":21,"gold_loss":0}],"is_beta":false,"boss_relics":[{"not_picked":["Ectoplasm","Snecko Eye"],"picked":"Eternal Feather"}],"items_purged_floors":[2],"is_endless":false,"potions_floor_spawned":[7,12,20,22],"killed_by":"Slavers","ascension_level":0}