{"gold_per_floor":[119,135,23,37,37,37,63,63,87,107,107,142,142,155,155,233,233,248,248,248],"floor_reached":20,"playtime":1048,"items_purged":["Strike_R"],"score":355,"play_id":"c1337e0b-bf20-4c2e-a296-5570f42c0bfd","local_time":"20190418185911","is_ascension_mode":true,"campfire_choices":[{"data":"Uppercut","floor":6,"key":"SMITH"},{"data":"Whirlwind","floor":8,"key":"SMITH"},{"data":"Headbutt","floor":11,"key":"SMITH"},{"data":"Corruption","floor":13,"key":"SMITH"},{"data":"Rampage","floor":15,"key":"SMITH"}],"neow_cost":"TEN_PERCENT_HP_LOSS","seed_source_timestamp":518934782516300,"circlet_count":0,"master_deck":["AscendersBane","Strike_R","Strike_R","Defend_R","Defend_R","Defend_R","Defend_R","Bash","Sentinel","Clash","Whirlwind+1","Headbutt+1","Uppercut+1","Anger","Thunderclap","Shrug It Off","Corruption+1","Rampage+1","Juggernaut","Headbutt","Dropkick","Hemokinesis","Iron Wave","Armaments+1"],"relics":["Burning Blood","Incense Burner","Charon\u0027s Ashes","Oddly Smooth Stone","Bag of Marbles","Orrery"],"potions_floor_usage":[14],"damage_taken":[{"damage":0,"enemies":"Cultist","floor":1,"turns":3},{"damage":5,"enemies":"Small Slimes","floor":2,"turns":4},{"damage":2,"enemies":"2 Louse","floor":4,"turns":3},{"damage":20,"enemies":"Gremlin Nob","floor":7,"turns":4},{"damage":7,"enemies":"Blue Slaver","floor":10,"turns":6},{"damage":15,"enemies":"Lagavulin","floor":12,"turns":5},{"damage":5,"enemies":"Gremlin Gang","floor":14,"turns":2},{"damage":22,"enemies":"The Guardian","floor":16,"turns":7},{"damage":50,"enemies":"3 Byrds","floor":18,"turns":7},{"damage":14,"enemies":"Chosen","floor":20,"turns":3}],"seed_played":"-8386543844368477574","potions_obtained":[{"floor":1,"key":"Dexterity Potion"},{"floor":4,"key":"Explosive Potion"},{"floor":16,"key":"PowerPotion"}],"is_trial":false,"path_per_floor":["M","M","$","M","T","R","E","R","T","M","R","E","R","M","R","B",null,"M","?","M"],"character_chosen":"IRONCLAD","items_purchased":["Uppercut"],"campfire_rested":0,"item_purchase_floors":[3],"current_hp_per_floor":[68,68,68,68,68,68,54,54,54,53,53,44,44,45,45,29,58,14,14,0],"gold":248,"neow_bonus":"TRANSFORM_TWO_CARDS","is_prod":false,"is_daily":false,"chose_seed":false,"campfire_upgraded":5,"win_rate":0,"timestamp":1555639151,"path_taken":["M","M","$","M","?","R","E","R","T","M","R","E","R","?","R","BOSS","M","?","?"],"build_version":"2019-01-23","purchased_purges":1,"victory":false,"max_hp_per_floor":[68,68,68,68,68,68,68,68,68,68,68,68,68,68,68,68,68,68,68,68],"card_choices":[{"not_picked":["Heavy Blade","Twin Strike"],"picked":"Whirlwind","floor":1},{"not_picked":["Dropkick","Twin Strike"],"picked":"Headbutt","floor":2},{"not_picked":["Evolve","Burning Pact"],"picked":"Anger","floor":4},{"not_picked":["Bloodletting","Wild Strike"],"picked":"Thunderclap","floor":7},{"not_picked":["Warcry","Body Slam"],"picked":"Shrug It Off","floor":10},{"not_picked":["Thunderclap","Carnage"],"picked":"Corruption","floor":12},{"not_picked":["Anger","Pommel Strike"],"picked":"Rampage","floor":14},{"not_picked":["Berserk","Fiend Fire"],"picked":"Juggernaut","floor":16},{"not_picked":["Thunderclap","Sentinel"],"picked":"Headbutt","floor":17},{"not_picked":["Perfected Strike","Cleave"],"picked":"Dropkick","floor":17},{"not_picked":["Clash","Wild Strike"],"picked":"Hemokinesis","floor":17},{"not_picked":["Searing Blow","Wild Strike"],"picked":"Iron Wave","floor":17},{"not_picked":["True Grit","Cleave"],"picked":"Armaments","floor":17},{"not_picked":["Armaments","Perfected Strike","Carnage"],"picked":"SKIP","floor":18}],"player_experience":472145,"relics_obtained":[{"floor":5,"key":"Incense Burner"},{"floor":7,"key":"Charon\u0027s Ashes"},{"floor":9,"key":"Oddly Smooth Stone"},{"floor":12,"key":"Bag of Marbles"}],"event_choices":[{"damage_healed":0,"gold_gain":0,"player_choice":"Upgraded","damage_taken":0,"max_hp_gain":0,"max_hp_loss":0,"event_name":"Upgrade Shrine","floor":19,"gold_loss":0,"cards_upgraded":["Armaments"]}],"is_beta":false,"boss_relics":[{"not_picked":["Mark of Pain","Runic Cube"],"picked":"Orrery"}],"items_purged_floors":[3],"is_endless":false,"potions_floor_spawned":[1,4,7,16],"killed_by":"Chosen","ascension_level":19}