{"path_per_floor":["M","M","M","?","?","E","M","R","T","?","M","M","R","?","R"],"character_chosen":"IRONCLAD","items_purchased":[],"gold_per_floor":[111,128,140,215,390,417,434,434,434,494,508,528,528,558,558],"floor_reached":16,"campfire_rested":1,"playtime":802,"current_hp_per_floor":[80,79,79,68,68,38,25,25,25,25,25,26,50,50,50],"items_purged":[],"gold":558,"score":102,"play_id":"f9bcdc09-9d95-429c-9220-081024b01f1e","local_time":"20180321120748","is_prod":false,"is_daily":false,"is_ascension_mode":false,"campfire_upgraded":0,"timestamp":1521648468,"path_taken":["M","M","M","?","?","E","M","R","T","?","?","M","R","?","R","BOSS"],"build_version":"2018-03-15v3","purchased_purges":0,"victory":false,"master_deck":["Strike_R","Strike_R","Strike_R","Strike_R","Strike_R","Defend_R","Defend_R","Defend_R","Defend_R","Bash","Rupture","Clash","Anger","Doubt","Shrug It Off","Ghostly Armor","Anger","Impervious"],"max_hp_per_floor":[80,80,80,80,80,80,80,80,80,80,80,80,80,80,80],"relics":["Burning Blood","Girya","Unceasing Top"],"card_choices":[{"not_picked":["Burning Pact","Anger"],"picked":"Rupture"},{"not_picked":["Rupture","Body Slam"],"picked":"Clash"},{"not_picked":["Clash","Whirlwind"],"picked":"Anger"},{"not_picked":["True Grit","Rupture"],"picked":"Shrug It Off"},{"not_picked":["Carnage","Rupture"],"picked":"Ghostly Armor"},{"not_picked":["Thunderclap","Carnage"],"picked":"Anger"},{"not_picked":["Wild Strike","Feel No Pain"],"picked":"Impervious"}],"player_experience":51689,"potions_floor_usage":[6,16,16],"damage_taken":[{"damage":0,"enemies":"2 Louse","floor":1,"turns":3},{"damage":7,"enemies":"Small Slimes","floor":2,"turns":3},{"damage":6,"enemies":"Jaw Worm","floor":3,"turns":3},{"damage":36,"enemies":"Lagavulin","floor":6,"turns":9},{"damage":19,"enemies":"Large Slime","floor":7,"turns":10},{"damage":6,"enemies":"3 Louse","floor":11,"turns":4},{"damage":5,"enemies":"Looter","floor":12,"turns":4},{"damage":67,"enemies":"Hexaghost","floor":16,"turns":14}],"event_choices":[{"event_name":"World of Goop","player_choice":"Gather Gold","floor":4,"damage_taken":0},{"event_name":"Liars Game","player_choice":"agreed","floor":5,"damage_taken":0},{"event_name":"Golden Wing","player_choice":"Gained Gold","floor":10,"damage_taken":0},{"event_name":"Dead Adventurer","player_choice":"Searched \u00272\u0027 times","floor":14,"damage_taken":0}],"boss_relics":[],"potions_floor_spawned":[1,6,11],"seed_played":"-2556718855794614813","killed_by":"Hexaghost","ascension_level":0,"is_trial":false}