{"path_per_floor":["M","M","?","$","M","R","E","?","T","M","M","R","M","M","R","B",null,"M","?","?","$"],"character_chosen":"IRONCLAD","items_purchased":["Iron Wave","Vajra","Metallicize"],"gold_per_floor":[112,127,77,27,46,46,77,77,128,147,163,163,182,207,207,330,330,355,355,355,131],"floor_reached":22,"campfire_rested":0,"playtime":1449,"current_hp_per_floor":[80,80,80,80,77,77,59,59,59,50,47,47,43,47,47,19,80,80,80,80,80],"items_purged":[],"gold":131,"score":186,"play_id":"83e26b3a-a61e-4c33-b050-defe85101810","local_time":"20180320161412","is_prod":false,"is_daily":false,"is_ascension_mode":false,"campfire_upgraded":3,"timestamp":1521576852,"path_taken":["M","M","?","$","M","R","E","?","T","M","M","R","M","M","R","BOSS","M","?","?","$","M"],"build_version":"2018-03-15v3","purchased_purges":1,"victory":false,"master_deck":["Strike_R","Strike_R","Strike_R","Defend_R","Defend_R","Defend_R","Bash","Decay","Armaments","Uppercut","Body Slam","Searing Blow+3","Iron Wave","Headbutt","Injury","Fiend Fire","Shrug It Off","Power Through","Thunderclap","Barricade","Metallicize"],"max_hp_per_floor":[80,80,80,80,80,80,80,80,80,80,80,80,80,80,80,80,80,80,80,80,80],"relics":["Burning Blood","Toolbox","Bloody Idol","Prayer Wheel","Black Star","Vajra"],"card_choices":[{"not_picked":["Anger","Berserk"],"picked":"Body Slam"},{"not_picked":["Clothesline","Burning Pact"],"picked":"Searing Blow"},{"not_picked":["Twin Strike","Perfected Strike"],"picked":"Headbutt"},{"not_picked":["Twin Strike","Bloodletting"],"picked":"Fiend Fire"},{"not_picked":["Sword Boomerang","Flex"],"picked":"Shrug It Off"},{"not_picked":["Armaments","Headbutt"],"picked":"Power Through"},{"not_picked":["Body Slam","Clash"],"picked":"Thunderclap"},{"not_picked":["Dark Embrace","Brutality"],"picked":"Barricade"}],"player_experience":24761,"potions_floor_usage":[16,16,16,22],"damage_taken":[{"damage":1,"enemies":"Cultist","floor":1,"turns":4},{"damage":0,"enemies":"2 Louse","floor":2,"turns":3},{"damage":9,"enemies":"Jaw Worm","floor":5,"turns":4},{"damage":24,"enemies":"Gremlin Nob","floor":7,"turns":5},{"damage":15,"enemies":"Large Slime","floor":10,"turns":6},{"damage":9,"enemies":"3 Louse","floor":11,"turns":3},{"damage":10,"enemies":"Exordium Wildlife","floor":13,"turns":5},{"damage":2,"enemies":"Exordium Thugs","floor":14,"turns":3},{"damage":34,"enemies":"The Guardian","floor":16,"turns":13},{"damage":5,"enemies":"Chosen","floor":18,"turns":6},{"damage":82,"enemies":"3 Byrds","floor":22,"turns":6}],"event_choices":[{"event_name":"The Cleric","player_choice":"Card Removal","floor":3,"damage_taken":0},{"event_name":"Golden Idol","player_choice":"Take Wound","floor":8,"damage_taken":0},{"event_name":"Drug Dealer","player_choice":"Ignored","floor":19,"damage_taken":0},{"event_name":"Forgotten Altar","player_choice":"Gave Idol","floor":20,"damage_taken":0}],"boss_relics":[{"not_picked":["Mark of Pain","Ectoplasm"],"picked":"Black Star"}],"potions_floor_spawned":[2,11,13,14,18],"seed_played":"-8233615101667501403","killed_by":"3 Byrds","ascension_level":0,"is_trial":false}