{"gold_per_floor":[113,113,123,141,141,175,175,175,226,226,42,42],"floor_reached":12,"playtime":384,"items_purged":["Injury"],"score":144,"play_id":"f3b62d08-de52-4032-ad60-8d09a0af5a96","local_time":"20190826205233","is_ascension_mode":true,"campfire_choices":[{"floor":7,"key":"REST"},{"floor":10,"key":"REST"}],"neow_cost":"NONE","seed_source_timestamp":43980964770480,"circlet_count":0,"master_deck":["AscendersBane","Strike_G","Strike_G+1","Strike_G","Strike_G","Defend_G","Defend_G","Defend_G","Defend_G","Defend_G","Survivor","Neutralize","Dagger Spray+1","PiercingWail+1","Backflip+1","Footwork","Dagger Throw"],"relics":["Ring of the Snake","NeowsBlessing","Whetstone","Golden Idol","War Paint"],"potions_floor_usage":[12],"damage_taken":[{"damage":0,"enemies":"Jaw Worm","floor":1,"turns":1},{"damage":0,"enemies":"2 Louse","floor":3,"turns":1},{"damage":0,"enemies":"Small Slimes","floor":4,"turns":1},{"damage":48,"enemies":"3 Sentries","floor":6,"turns":12},{"damage":57,"enemies":"Lagavulin","floor":12,"turns":13}],"seed_played":"2213414827466056745","potions_obtained":[],"is_trial":false,"path_per_floor":["M","?","M","M","?","E","R","?","T","R","$","E"],"character_chosen":"THE_SILENT","items_purchased":["Dagger Throw","GhostInAJar"],"campfire_rested":2,"item_purchase_floors":[11,11],"current_hp_per_floor":[59,52,52,52,57,9,30,30,30,51,51,0],"gold":42,"neow_bonus":"THREE_ENEMY_KILL","is_prod":false,"is_daily":false,"chose_seed":false,"campfire_upgraded":0,"win_rate":0,"timestamp":1566816753,"path_taken":["M","?","M","M","?","E","R","?","T","R","?","E"],"build_version":"2019-07-17","purchased_purges":1,"victory":false,"max_hp_per_floor":[66,66,66,66,71,71,71,71,71,71,71,71],"card_choices":[{"not_picked":["Prepared","Quick Slash"],"picked":"Dagger Spray","floor":1},{"not_picked":["All Out Attack","Slice"],"picked":"PiercingWail","floor":3},{"not_picked":["Acrobatics","Concentrate"],"picked":"Backflip","floor":4},{"not_picked":["Wraith Form v2","Endless Agony"],"picked":"Footwork","floor":6}],"player_experience":1225232,"relics_obtained":[{"floor":6,"key":"Whetstone"},{"floor":9,"key":"War Paint"}],"event_choices":[{"cards_removed":["Strike_G"],"damage_healed":0,"gold_gain":0,"player_choice":"Card Removal","damage_taken":7,"max_hp_gain":0,"max_hp_loss":0,"event_name":"Golden Wing","floor":2,"gold_loss":0},{"damage_healed":0,"gold_gain":0,"player_choice":"Donut","damage_taken":0,"max_hp_gain":5,"max_hp_loss":0,"event_name":"Big Fish","floor":5,"gold_loss":0},{"damage_healed":0,"gold_gain":0,"player_choice":"Take Wound","damage_taken":0,"relics_obtained":["Golden Idol"],"max_hp_gain":0,"max_hp_loss":0,"event_name":"Golden Idol","floor":8,"gold_loss":0,"cards_obtained":["Injury"]}],"is_beta":false,"boss_relics":[],"items_purged_floors":[11],"is_endless":false,"potions_floor_spawned":[],"killed_by":"Lagavulin","ascension_level":18}