{"gold_per_floor":[115,290,301,301,312,344,294,294,294,319,319,332,12,24,24,129,129,144,157,175,175,175,175,204,114,114,2,12,12,47,60,60,164,164,184,184,184,41,55,55,87,87,87,118,118,129,129,140,140,140],"floor_reached":51,"playtime":3374,"items_purged":["Strike_B+1"],"score":841,"play_id":"72ede9a3-0fed-48bf-aeca-99a3b03abfa1","local_time":"20190421212240","is_ascension_mode":true,"campfire_choices":[{"data":"Hello World","floor":8,"key":"SMITH"},{"floor":15,"key":"REST"},{"floor":23,"key":"REST"},{"floor":29,"key":"REST"},{"floor":32,"key":"REST"},{"data":"Capacitor","floor":40,"key":"SMITH"},{"data":"Creative AI","floor":42,"key":"SMITH"},{"floor":47,"key":"REST"},{"data":"Echo Form","floor":49,"key":"SMITH"}],"neow_cost":"NONE","seed_source_timestamp":19033240911922,"circlet_count":0,"master_deck":["Strike_B+1","Defend_B+1","Defend_B+1","Defend_B+1","Defend_B+1","Zap","Dualcast","Darkness","Hello World+1","Hologram","Creative AI+1","Redo+1","Capacitor+1","Conserve Battery","Go for the Eyes","Ball Lightning","Coolheaded","Electrodynamics","Cold Snap+1","Defragment+1","Self Repair+1","Go for the Eyes+1","Panacea","FTL+1","Echo Form+1","Beam Cell+1","Core Surge+1","Steam Power","Writhe","Auto Shields","Loop+1","Recycle","Decay","All For One+1","Leap+1","BootSequence+1"],"relics":["Cracked Core","NeowsBlessing","Singing Bowl","Incense Burner","Bag of Marbles","Kunai","Symbiotic Virus","Lantern","Cursed Key","Orichalcum","Molten Egg 2","Regal Pillow","Empty Cage","Centennial Puzzle","Toxic Egg 2","Bottled Tornado"],"potions_floor_usage":[16,16,16,20,28,41,44,48,50,50],"damage_taken":[{"damage":0,"enemies":"Small Slimes","floor":1,"turns":1},{"damage":0,"enemies":"Jaw Worm","floor":3,"turns":1},{"damage":0,"enemies":"Cultist","floor":5,"turns":1},{"damage":23,"enemies":"Lagavulin","floor":6,"turns":6},{"damage":29,"enemies":"3 Sentries","floor":10,"turns":8},{"damage":0,"enemies":"Large Slime","floor":12,"turns":5},{"damage":6,"enemies":"Exordium Wildlife","floor":14,"turns":4},{"damage":20,"enemies":"The Guardian","floor":16,"turns":11},{"damage":13,"enemies":"2 Thieves","floor":18,"turns":3},{"damage":12,"enemies":"Shell Parasite","floor":19,"turns":6},{"damage":17,"enemies":"Cultist and Chosen","floor":20,"turns":5},{"damage":23,"enemies":"Slavers","floor":24,"turns":6},{"damage":6,"enemies":"Shelled Parasite and Fungi","floor":28,"turns":7},{"damage":0,"enemies":"Gremlin Leader","floor":30,"turns":7},{"damage":20,"enemies":"Snake Plant","floor":31,"turns":4},{"damage":13,"enemies":"Automaton","floor":33,"turns":12},{"damage":17,"enemies":"3 Shapes","floor":35,"turns":3},{"damage":17,"enemies":"3 Darklings","floor":39,"turns":7},{"damage":44,"enemies":"Giant Head","floor":41,"turns":10},{"damage":39,"enemies":"Nemesis","floor":44,"turns":9},{"damage":8,"enemies":"Spire Growth","floor":46,"turns":5},{"damage":4,"enemies":"4 Shapes","floor":48,"turns":5},{"damage":62,"enemies":"Awakened One","floor":50,"turns":12}],"seed_played":"5968956580460821429","potions_obtained":[{"floor":1,"key":"Strength Potion"},{"floor":3,"key":"Strength Potion"},{"floor":12,"key":"GamblersBrew"},{"floor":14,"key":"FearPotion"},{"floor":16,"key":"AttackPotion"},{"floor":18,"key":"Energy Potion"},{"floor":31,"key":"Poison Potion"},{"floor":33,"key":"Regen Potion"},{"floor":35,"key":"FairyPotion"},{"floor":41,"key":"AttackPotion"},{"floor":44,"key":"SkillPotion"},{"floor":48,"key":"Regen Potion"}],"is_trial":false,"path_per_floor":["M","?","M","?","M","E","?","R","T","E","?","M","$","M","R","B",null,"M","M","M","?","?","R","E","?","T","$","M","R","E","M","R","B",null,"M","?","?","$","M","R","E","R","T","E","?","M","R","M","R","B",null],"character_chosen":"DEFECT","items_purchased":["Lantern","Conserve Battery","Go for the Eyes","Ball Lightning","Coolheaded","Go for the Eyes+1","Panacea","Auto Shields"],"campfire_rested":5,"item_purchase_floors":[13,13,13,13,13,27,27,38],"current_hp_per_floor":[75,75,75,75,75,52,52,52,52,23,11,11,11,7,30,10,77,64,52,35,21,21,45,22,22,22,22,26,50,60,40,79,76,82,65,82,82,82,75,75,56,56,56,27,27,19,58,64,64,27],"gold":140,"neow_bonus":"THREE_ENEMY_KILL","is_prod":false,"is_daily":false,"chose_seed":false,"campfire_upgraded":4,"win_rate":0,"timestamp":1555845760,"path_taken":["M","?","M","?","?","E","?","R","T","E","?","M","$","M","R","BOSS","M","M","M","?","?","R","E","?","T","$","?","R","E","M","R","BOSS","M","?","?","$","M","R","E","R","T","E","?","?","R","M","R","BOSS"],"build_version":"2019-01-23","purchased_purges":1,"victory":true,"max_hp_per_floor":[75,75,75,75,75,75,75,75,75,75,75,75,75,77,77,77,77,77,77,77,82,82,82,82,82,82,82,82,82,82,82,82,82,82,82,82,82,82,82,82,82,82,82,82,82,82,82,82,82,82],"card_choices":[{"not_picked":["Rebound","Hologram"],"picked":"Darkness","floor":1},{"not_picked":["Aggregate","Melter"],"picked":"Hello World","floor":3},{"not_picked":["Melter","Gash"],"picked":"Hologram","floor":5},{"not_picked":["Barrage","Tempest"],"picked":"Creative AI","floor":6},{"not_picked":["Heatsinks","Biased Cognition"],"picked":"Redo","floor":10},{"not_picked":["Undo","Hello World"],"picked":"Capacitor","floor":12},{"not_picked":["Gash","Hello World","Barrage"],"picked":"Singing Bowl","floor":14},{"not_picked":["Reboot","Biased Cognition"],"picked":"Electrodynamics","floor":16},{"not_picked":["Barrage+1","Turbo"],"picked":"Cold Snap+1","floor":18},{"not_picked":["Sunder","Ball Lightning+1"],"picked":"Melter","floor":19},{"not_picked":["Coolheaded+1","Doom and Gloom"],"picked":"Defragment+1","floor":20},{"not_picked":["Double Energy","Chill"],"picked":"Self Repair+1","floor":24},{"not_picked":["Rebound+1","Ball Lightning+1"],"picked":"FTL+1","floor":28},{"not_picked":["Amplify","Sunder+1"],"picked":"Echo Form","floor":30},{"not_picked":["Sunder+1","Cold Snap+1"],"picked":"Beam Cell+1","floor":31},{"not_picked":["Buffer","Rainbow"],"picked":"Core Surge+1","floor":33},{"not_picked":["Gash+1","Scrape+1"],"picked":"Steam Power","floor":35},{"not_picked":["Ball Lightning+1","Turbo+1"],"picked":"Loop+1","floor":39},{"not_picked":["Redo+1","Rebound+1"],"picked":"Recycle","floor":41},{"not_picked":["Doom and Gloom+1","Compile Driver+1","All For One+1"],"picked":"SKIP","floor":44},{"not_picked":["Doom and Gloom+1","Compile Driver+1"],"picked":"All For One+1","floor":44},{"not_picked":["Ball Lightning+1","Gash+1"],"picked":"Leap+1","floor":46},{"not_picked":["Barrage+1","Sweeping Beam+1"],"picked":"BootSequence+1","floor":48}],"player_experience":397577,"relics_obtained":[{"floor":6,"key":"Incense Burner"},{"floor":9,"key":"Bag of Marbles"},{"floor":10,"key":"Kunai"},{"floor":24,"key":"Orichalcum"},{"floor":26,"key":"Molten Egg 2"},{"floor":30,"key":"Regal Pillow"},{"floor":41,"key":"Centennial Puzzle"},{"floor":43,"key":"Toxic Egg 2"},{"floor":44,"key":"Bottled Tornado"}],"event_choices":[{"damage_healed":0,"gold_gain":175,"player_choice":"AGREE","damage_taken":0,"max_hp_gain":0,"max_hp_loss":0,"event_name":"Liars Game","floor":2,"gold_loss":0,"cards_obtained":["Doubt"]},{"damage_healed":0,"gold_gain":0,"player_choice":"Gave Potion","damage_taken":0,"relics_obtained":["Singing Bowl"],"max_hp_gain":0,"max_hp_loss":0,"event_name":"WeMeetAgain","floor":4,"gold_loss":0},{"cards_removed":["Strike_B"],"damage_healed":0,"gold_gain":0,"player_choice":"Card Removal","damage_taken":0,"max_hp_gain":0,"max_hp_loss":0,"event_name":"The Cleric","floor":7,"gold_loss":50},{"damage_healed":0,"gold_gain":0,"player_choice":"Success","damage_taken":12,"relics_obtained":["Symbiotic Virus"],"max_hp_gain":0,"max_hp_loss":0,"event_name":"Scrap Ooze","floor":11,"gold_loss":0},{"damage_healed":0,"gold_gain":0,"player_choice":"Shed Blood","damage_taken":19,"max_hp_gain":5,"max_hp_loss":0,"event_name":"Forgotten Altar","floor":21,"gold_loss":0},{"damage_healed":0,"gold_gain":0,"player_choice":"Simplicity","damage_taken":0,"max_hp_gain":0,"max_hp_loss":0,"event_name":"Back to Basics","floor":22,"gold_loss":0,"cards_upgraded":["Strike_B","Strike_B","Strike_B","Defend_B","Defend_B","Defend_B","Defend_B"]},{"cards_removed":["Doubt"],"damage_healed":0,"gold_gain":0,"player_choice":"Upgrade and Remove","damage_taken":0,"max_hp_gain":0,"max_hp_loss":0,"event_name":"Designer","floor":25,"gold_loss":90,"cards_upgraded":["Redo"]},{"damage_healed":21,"gold_gain":0,"player_choice":"Writhe","damage_taken":0,"max_hp_gain":0,"max_hp_loss":0,"event_name":"Winding Halls","floor":36,"gold_loss":0,"cards_obtained":["Writhe"]},{"cards_removed":["Melter"],"damage_healed":0,"gold_gain":0,"player_choice":"Removed Attack","damage_taken":0,"max_hp_gain":0,"max_hp_loss":0,"event_name":"Falling","floor":37,"gold_loss":0},{"damage_healed":0,"gold_gain":0,"player_choice":"Bought 0 Potions","damage_taken":0,"max_hp_gain":0,"max_hp_loss":0,"event_name":"The Woman in Blue","floor":45,"gold_loss":0}],"is_beta":false,"boss_relics":[{"not_picked":["Ectoplasm","Calling Bell"],"picked":"Cursed Key"},{"not_picked":["Eternal Feather","Runic Pyramid"],"picked":"Empty Cage"}],"items_purged_floors":[38],"is_endless":false,"potions_floor_spawned":[1,3,12,14,16,18,31,33,35,41,44,48],"ascension_level":1}