{"gold_per_floor":[113,128,203,203,19,53,18,18,18,30,30,59,59,86,86,186,186,204,204,224,124,135,135,148,148,228,247,259,269,269,300,300,404,404,422,422,211,257,532,532,549,569,596,628,638,655,655,955,955,955],"floor_reached":50,"playtime":2213,"items_purged":["Regret","Strike_R","Strike_R"],"score":662,"play_id":"95d34733-34f5-403d-a0cb-ada86cb13497","local_time":"20190501230042","is_ascension_mode":true,"campfire_choices":[{"data":"True Grit","floor":8,"key":"SMITH"},{"data":"Clothesline","floor":11,"key":"SMITH"},{"floor":15,"key":"REST"},{"data":"Spot Weakness","floor":23,"key":"SMITH"},{"data":"Offering","floor":25,"key":"SMITH"},{"floor":30,"key":"REST"},{"floor":32,"key":"REST"},{"data":"Armaments","floor":40,"key":"SMITH"},{"floor":47,"key":"REST"},{"floor":49,"key":"REST"}],"neow_cost":"NONE","seed_source_timestamp":33443728381054,"circlet_count":0,"master_deck":["Strike_R+1","Strike_R+1","Defend_R","Defend_R","Defend_R","Defend_R","Bash+1","Clothesline+1","Battle Trance","Metallicize","Whirlwind","True Grit+1","Shockwave","Blood for Blood","Spot Weakness+1","Offering+1","Warcry","Heavy Blade","Anger+1","Juggernaut+1","Rampage","Inflame+1","True Grit","Seeing Red","Double Tap","Shrug It Off+1","Power Through","Armaments+1","Infernal Blade+1","Regret","Sword Boomerang","Dual Wield+1","Normality","Barricade+1","Body Slam","Reaper"],"relics":["Burning Blood","Gambling Chip","Vajra","Whetstone","Frozen Egg 2","Sozu","Nloth\u0027s Gift","Letter Opener","PreservedInsect","Cursed Key","StoneCalendar","Anchor","Gremlin Horn"],"potions_floor_usage":[31,31,35],"damage_taken":[{"damage":7,"enemies":"Jaw Worm","floor":1,"turns":3},{"damage":15,"enemies":"2 Louse","floor":2,"turns":3},{"damage":30,"enemies":"3 Sentries","floor":6,"turns":8},{"damage":0,"enemies":"Cultist","floor":10,"turns":4},{"damage":21,"enemies":"Lagavulin","floor":12,"turns":7},{"damage":6,"enemies":"Gremlin Nob","floor":14,"turns":4},{"damage":23,"enemies":"The Guardian","floor":16,"turns":10},{"damage":22,"enemies":"Chosen","floor":18,"turns":6},{"damage":0,"enemies":"3 Byrds","floor":20,"turns":5},{"damage":25,"enemies":"Sentry and Sphere","floor":22,"turns":6},{"damage":7,"enemies":"3 Cultists","floor":24,"turns":3},{"damage":19,"enemies":"Centurion and Healer","floor":27,"turns":4},{"damage":19,"enemies":"Snake Plant","floor":28,"turns":3},{"damage":7,"enemies":"Shelled Parasite and Fungi","floor":29,"turns":3},{"damage":15,"enemies":"Slavers","floor":31,"turns":2},{"damage":58,"enemies":"Automaton","floor":33,"turns":8},{"damage":25,"enemies":"3 Darklings","floor":35,"turns":4},{"damage":6,"enemies":"2 Orb Walkers","floor":38,"turns":4},{"damage":6,"enemies":"Orb Walker","floor":41,"turns":4},{"damage":7,"enemies":"Maw","floor":42,"turns":5},{"damage":46,"enemies":"Reptomancer","floor":44,"turns":3},{"damage":9,"enemies":"Spire Growth","floor":45,"turns":3},{"damage":11,"enemies":"4 Shapes","floor":46,"turns":2},{"damage":64,"enemies":"Time Eater","floor":50,"turns":5}],"seed_played":"-7444685126184545716","potions_obtained":[{"floor":6,"key":"Energy Potion"},{"floor":10,"key":"SpeedPotion"},{"floor":12,"key":"Strength Potion"}],"is_trial":false,"path_per_floor":["M","M","?","?","$","E","?","R","T","M","R","E","?","E","R","B",null,"M","?","M","$","M","R","M","R","T","M","M","M","R","E","R","B",null,"M","?","$","?","?","R","M","M","T","E","M","M","R","?","R","B"],"character_chosen":"IRONCLAD","items_purchased":["Metallicize","Whirlwind","Power Through","Armaments"],"campfire_rested":5,"item_purchase_floors":[5,5,37,37],"current_hp_per_floor":[79,70,59,59,59,35,55,55,55,61,61,46,46,46,70,53,80,64,64,70,70,51,51,50,50,50,37,24,23,47,38,62,10,80,61,61,61,61,61,61,61,60,60,20,17,12,36,36,60,0],"gold":955,"neow_bonus":"UPGRADE_CARD","is_prod":false,"is_daily":false,"chose_seed":false,"campfire_upgraded":5,"win_rate":0,"timestamp":1556715642,"path_taken":["M","M","?","?","$","E","?","R","T","?","R","E","?","E","R","BOSS","M","?","M","$","M","R","M","R","T","M","?","M","R","E","R","BOSS","M","?","$","?","?","R","M","?","T","E","M","M","R","?","R","BOSS"],"build_version":"2019-01-23","purchased_purges":3,"victory":false,"max_hp_per_floor":[80,80,80,80,80,80,80,80,80,80,80,80,80,80,80,80,80,80,80,80,80,80,80,80,80,80,80,80,80,80,80,80,80,80,80,80,80,80,80,80,80,80,80,80,80,80,80,80,80,80],"card_choices":[{"not_picked":["Warcry","Perfected Strike"],"picked":"Clothesline","floor":1},{"not_picked":["Metallicize","Warcry"],"picked":"Battle Trance","floor":2},{"not_picked":["Pommel Strike","Rage"],"picked":"True Grit","floor":6},{"not_picked":["Shrug It Off","Twin Strike"],"picked":"Shockwave","floor":10},{"not_picked":["Corruption","Clash"],"picked":"Blood for Blood","floor":12},{"not_picked":["Twin Strike","Reaper"],"picked":"Spot Weakness","floor":14},{"not_picked":["Brutality+1","Limit Break"],"picked":"Offering","floor":16},{"not_picked":["Havoc","True Grit"],"picked":"Warcry","floor":18},{"not_picked":["Headbutt","Cleave"],"picked":"Heavy Blade","floor":20},{"not_picked":["Clash","Perfected Strike"],"picked":"Anger+1","floor":22},{"not_picked":["Ghostly Armor+1","Anger"],"picked":"Juggernaut+1","floor":24},{"not_picked":["Wild Strike","Combust+1"],"picked":"Rampage","floor":27},{"not_picked":["Pommel Strike","Perfected Strike"],"picked":"Inflame+1","floor":28},{"not_picked":["Blood for Blood+1","Heavy Blade"],"picked":"True Grit","floor":29},{"not_picked":["Anger","Iron Wave"],"picked":"Seeing Red","floor":31},{"not_picked":["Demon Form+1","Bludgeon"],"picked":"Double Tap","floor":33},{"not_picked":["True Grit+1","Flex"],"picked":"Shrug It Off+1","floor":35},{"not_picked":["Havoc+1","Ghostly Armor+1"],"picked":"Infernal Blade+1","floor":38},{"not_picked":["Shockwave+1","Clothesline"],"picked":"Sword Boomerang","floor":41},{"not_picked":["Carnage+1","Feel No Pain+1"],"picked":"Dual Wield+1","floor":42},{"not_picked":["Sword Boomerang+1","Juggernaut+1"],"picked":"Barricade+1","floor":44},{"not_picked":["Ghostly Armor","Double Tap"],"picked":"Body Slam","floor":45},{"not_picked":["Heavy Blade+1","Wild Strike"],"picked":"Reaper","floor":46}],"player_experience":562101,"relics_obtained":[{"floor":6,"key":"Vajra"},{"floor":9,"key":"Thread and Needle"},{"floor":12,"key":"Whetstone"},{"floor":14,"key":"Frozen Egg 2"},{"floor":26,"key":"Letter Opener"},{"floor":31,"key":"PreservedInsect"},{"floor":38,"key":"StoneCalendar"},{"floor":43,"key":"Anchor"},{"floor":44,"key":"Gremlin Horn"}],"event_choices":[{"damage_healed":0,"gold_gain":75,"player_choice":"Gather Gold","damage_taken":11,"max_hp_gain":0,"max_hp_loss":0,"event_name":"World of Goop","floor":3,"gold_loss":0},{"damage_healed":0,"gold_gain":0,"player_choice":"Box","damage_taken":0,"relics_obtained":["Gambling Chip"],"max_hp_gain":0,"max_hp_loss":0,"event_name":"Big Fish","floor":4,"gold_loss":0,"cards_obtained":["Regret"]},{"damage_healed":20,"gold_gain":0,"player_choice":"Healed","damage_taken":0,"max_hp_gain":0,"max_hp_loss":0,"event_name":"The Cleric","floor":7,"gold_loss":35},{"cards_removed":["Strike_R"],"damage_healed":0,"gold_gain":0,"player_choice":"Offered Basic","damage_taken":0,"max_hp_gain":0,"max_hp_loss":0,"event_name":"Bonfire Elementals","floor":13,"gold_loss":0},{"damage_healed":0,"gold_gain":0,"player_choice":"Traded Relic","damage_taken":0,"relics_obtained":["Nloth\u0027s Gift"],"max_hp_gain":0,"max_hp_loss":0,"event_name":"N\u0027loth","floor":19,"relics_lost":["Thread and Needle"],"gold_loss":0},{"damage_healed":0,"gold_gain":0,"player_choice":"Ignored","damage_taken":0,"max_hp_gain":0,"max_hp_loss":0,"event_name":"Tomb of Lord Red Mask","floor":36,"gold_loss":0},{"damage_healed":0,"gold_gain":0,"player_choice":"Fight","damage_taken":0,"max_hp_gain":0,"max_hp_loss":0,"event_name":"Mysterious Sphere","floor":38,"gold_loss":0},{"damage_healed":0,"gold_gain":275,"player_choice":"Desecrate","damage_taken":0,"max_hp_gain":0,"max_hp_loss":0,"event_name":"Golden Shrine","floor":39,"gold_loss":0,"cards_obtained":["Regret"]},{"damage_healed":0,"gold_gain":300,"player_choice":"Gold","damage_taken":0,"max_hp_gain":0,"max_hp_loss":0,"event_name":"Wheel of Change","floor":48,"gold_loss":0}],"is_beta":false,"boss_relics":[{"not_picked":["Lizard Tail","Runic Dome"],"picked":"Sozu"},{"not_picked":["Calling Bell","Empty Cage"],"picked":"Cursed Key"}],"items_purged_floors":[5,21,37],"is_endless":false,"potions_floor_spawned":[6,10,12,14,22,24,27,28,29,31,44,46],"killed_by":"Time Eater","ascension_level":4}