{"path_per_floor":["M","M","?","?","?","R","E","M","T","$","M","R","E","M","R","B",null,"M","M","$","T","M","R","M","E","T","$","M","?","R","M","R"],"character_chosen":"THE_SILENT","items_purchased":["Membership Card","Adrenaline","Sucker Punch","Matryoshka","Oddly Smooth Stone","Predator","Regen Potion"],"gold_per_floor":[117,128,428,428,428,428,461,476,501,136,150,150,216,241,241,370,370,394,413,71,98,113,113,126,159,159,61,85,85,85,96,96,96],"floor_reached":33,"campfire_rested":1,"playtime":1266,"current_hp_per_floor":[70,70,70,65,65,65,41,41,41,41,41,41,32,32,51,26,72,72,66,66,66,66,66,60,47,47,47,50,50,50,55,55,0],"items_purged":["Pain"],"gold":96,"score":305,"play_id":"b4dc22c8-62c6-4830-8703-8457c71fef2e","local_time":"20180326223429","is_prod":false,"is_daily":false,"is_ascension_mode":true,"campfire_upgraded":5,"timestamp":1522118069,"path_taken":["M","M","?","?","?","R","E","?","T","?","M","R","E","M","R","BOSS","M","M","$","?","?","R","M","E","T","$","?","?","R","M","R","BOSS"],"build_version":"2018-03-22v2","purchased_purges":2,"victory":false,"master_deck":["Defend_G+1","Defend_G","Defend_G+1","Defend_G","Defend_G","Strike_G","Strike_G","Strike_G","Strike_G","Strike_G","Survivor","Neutralize","Backstab+1","Dagger Throw","Regret","Neutralize","Dagger Spray","Backflip","Adrenaline+1","Sucker Punch","Choke","Dagger Spray+1","Die Die Die+1","Glass Knife+1","Writhe","Decay","Acrobatics+1","Predator","Poisoned Stab","Sucker Punch+1","Bouncing Flask","Deadly Poison+1","Escape Plan"],"max_hp_per_floor":[70,70,70,65,65,65,65,65,65,65,65,65,65,65,65,65,72,72,72,72,72,72,72,72,72,72,72,72,72,72,72,72,72],"relics":["Ring of the Snake","Old Coin","Bloody Idol","Du-Vu Doll","Bag of Marbles","Membership Card","Tiny Chest","Calling Bell","Vajra","Lantern","Strawberry","Matryoshka","Oddly Smooth Stone","Orichalcum","Snake Skull","War Paint","Tough Bandages","Torii"],"card_choices":[{"not_picked":["Tools of the Trade","Backflip"],"picked":"Backstab","floor":1},{"not_picked":["Concentrate","Sucker Punch"],"picked":"Dagger Throw","floor":2},{"not_picked":["Bouncing Flask","Distraction"],"picked":"Dagger Spray","floor":7},{"not_picked":["Sucker Punch","Dagger Throw"],"picked":"Backflip","floor":8},{"not_picked":["Deadly Poison","Crippling Poison"],"picked":"Choke","floor":11},{"not_picked":["Flying Knee","Catalyst"],"picked":"Dagger Spray","floor":13},{"not_picked":["Concentrate","Backflip"],"picked":"Die Die Die","floor":14},{"not_picked":["Envenom","Grand Finale"],"picked":"Glass Knife","floor":16},{"not_picked":["Outmaneuver","Deadly Poison"],"picked":"Acrobatics","floor":19},{"not_picked":["Predator","Blade Dance"],"picked":"Poisoned Stab","floor":22},{"not_picked":["Quick Slash","Expertise"],"picked":"Sucker Punch","floor":24},{"not_picked":["Predator","Dodge and Roll"],"picked":"Bouncing Flask","floor":25},{"not_picked":["Flechettes","Doppelganger"],"picked":"Deadly Poison","floor":28},{"not_picked":["Slice","Setup"],"picked":"Escape Plan","floor":31}],"player_experience":105296,"potions_floor_usage":[7,16,16,16,25,28,33],"damage_taken":[{"damage":0,"enemies":"Jaw Worm","floor":1,"turns":4},{"damage":0,"enemies":"Small Slimes","floor":2,"turns":2},{"damage":24,"enemies":"3 Sentries","floor":7,"turns":11},{"damage":0,"enemies":"2 Louse","floor":8,"turns":1},{"damage":0,"enemies":"Red Slaver","floor":11,"turns":1},{"damage":9,"enemies":"Lagavulin","floor":13,"turns":4},{"damage":0,"enemies":"Gremlin Gang","floor":14,"turns":1},{"damage":25,"enemies":"Hexaghost","floor":16,"turns":8},{"damage":0,"enemies":"Chosen","floor":18,"turns":1},{"damage":6,"enemies":"Shell Parasite","floor":19,"turns":2},{"damage":0,"enemies":"Snecko","floor":22,"turns":2},{"damage":6,"enemies":"Chosen and Byrds","floor":24,"turns":2},{"damage":13,"enemies":"Gremlin Leader","floor":25,"turns":2},{"damage":0,"enemies":"Centurion and Healer","floor":28,"turns":2},{"damage":0,"enemies":"Sentry and Sphere","floor":31,"turns":2},{"damage":56,"enemies":"Collector","floor":33,"turns":5}],"event_choices":[{"event_name":"Big Fish","player_choice":"Box","floor":3,"damage_taken":0},{"event_name":"Golden Idol","player_choice":"Lose Max HP","floor":4,"damage_taken":0},{"event_name":"Match and Keep!","player_choice":"1 cards matched","floor":5,"damage_taken":0},{"event_name":"Forgotten Altar","player_choice":"Gave Idol","floor":29,"damage_taken":0}],"boss_relics":[{"not_picked":["Velvet Choker","Pandora\u0027s Box"],"picked":"Calling Bell"}],"potions_floor_spawned":[1,2,11,13,14,18,22],"seed_played":"-4941018629362675360","killed_by":"Collector","ascension_level":2,"is_trial":false}