{"gold_per_floor":[111,125,125,143,143,143,191,191,214,232,232],"floor_reached":11,"playtime":232,"items_purged":[],"score":120,"play_id":"4f5e8cea-d6a8-45f9-b60c-7e9f2b715b36","local_time":"20190907075735","is_ascension_mode":true,"campfire_choices":[{"data":"Echo Form","floor":6,"key":"SMITH"},{"floor":8,"key":"REST"}],"neow_cost":"TEN_PERCENT_HP_LOSS","seed_source_timestamp":27884584180532,"circlet_count":0,"master_deck":["AscendersBane","Strike_B","Strike_B","Strike_B","Defend_B","Defend_B","Defend_B","Defend_B","Zap","Dualcast","Echo Form+1","Double Energy","Self Repair","Hologram","Consume"],"relics":["Cracked Core","Oddly Smooth Stone","Bronze Scales"],"potions_floor_usage":[],"damage_taken":[{"damage":10,"enemies":"2 Louse","floor":1,"turns":2},{"damage":11,"enemies":"Jaw Worm","floor":2,"turns":4},{"damage":28,"enemies":"Small Slimes","floor":4,"turns":4},{"damage":15,"enemies":"Exordium Wildlife","floor":10,"turns":2},{"damage":35,"enemies":"The Mushroom Lair","floor":11,"turns":5}],"seed_played":"3186115344733379169","potions_obtained":[{"floor":1,"key":"FocusPotion"},{"floor":2,"key":"SteroidPotion"}],"is_trial":false,"path_per_floor":["M","M","?","M","?","R","T","R","T","M","?"],"character_chosen":"DEFECT","items_purchased":[],"campfire_rested":1,"item_purchase_floors":[],"current_hp_per_floor":[54,43,48,34,27,27,27,47,47,32,0],"gold":232,"neow_bonus":"THREE_RARE_CARDS","is_prod":false,"is_daily":false,"chose_seed":false,"campfire_upgraded":1,"win_rate":0,"timestamp":1567807055,"path_taken":["M","M","?","M","?","R","?","R","T","M","?"],"build_version":"2019-07-17","purchased_purges":0,"victory":false,"max_hp_per_floor":[64,64,69,69,69,69,69,69,69,69,69],"card_choices":[{"not_picked":["Fission","Meteor Strike"],"picked":"Echo Form","floor":0},{"not_picked":["Reinforced Body","Beam Cell"],"picked":"Double Energy","floor":1},{"not_picked":["Compile Driver","Loop"],"picked":"Self Repair","floor":2},{"not_picked":["Conserve Battery","Chill"],"picked":"Hologram","floor":4},{"not_picked":["Capacitor","Hologram"],"picked":"Consume","floor":10}],"player_experience":1264758,"relics_obtained":[{"floor":7,"key":"Oddly Smooth Stone"},{"floor":9,"key":"Bronze Scales"}],"event_choices":[{"damage_healed":0,"gold_gain":0,"player_choice":"Donut","damage_taken":0,"max_hp_gain":5,"max_hp_loss":0,"event_name":"Big Fish","floor":3,"gold_loss":0},{"cards_removed":["Strike_B"],"damage_healed":0,"gold_gain":0,"player_choice":"Card Removal","damage_taken":7,"max_hp_gain":0,"max_hp_loss":0,"event_name":"Golden Wing","floor":5,"gold_loss":0},{"damage_healed":0,"gold_gain":0,"player_choice":"Fought Mushrooms","damage_taken":0,"max_hp_gain":0,"max_hp_loss":0,"event_name":"Mushrooms","floor":11,"gold_loss":0}],"is_beta":false,"boss_relics":[],"items_purged_floors":[],"is_endless":false,"potions_floor_spawned":[1,2],"killed_by":"The Mushroom Lair","ascension_level":18}