{"gold_per_floor":[116,96,113,38,38,68,80,80,80,80,3,19,19,32,32,111,111,129,129,140,156,7,39,39,66,116,116,9,9],"floor_reached":29,"playtime":878,"items_purged":["Strike_B"],"score":501,"play_id":"aa3f0a8c-fcdc-43e9-95fe-6fdccf47ad49","local_time":"20190722054300","is_ascension_mode":true,"campfire_choices":[{"data":"Zap","floor":8,"key":"SMITH"},{"data":"Static Discharge","floor":13,"key":"SMITH"},{"floor":15,"key":"REST"},{"floor":24,"key":"REST"}],"neow_cost":"NONE","seed_source_timestamp":59723806892217,"circlet_count":0,"master_deck":["AscendersBane","Strike_B","Strike_B","Defend_B","Defend_B","Defend_B","Defend_B","Zap+1","Dualcast","Sweeping Beam","Ball Lightning","Conserve Battery","Genetic Algorithm","Static Discharge+1","Hologram","Core Surge","BootSequence","Reboot","Tempest","Capacitor","Self Repair","Shame","Lockon","Loop"],"relics":["Cracked Core","NeowsBlessing","Letter Opener","Singing Bowl","Sundial","StoneCalendar","Nuclear Battery","DataDisk","Thread and Needle","Bronze Scales","Potion Belt","Boot"],"potions_floor_usage":[12,18,23,23],"damage_taken":[{"damage":0,"enemies":"Cultist","floor":1,"turns":1},{"damage":0,"enemies":"Jaw Worm","floor":3,"turns":1},{"damage":0,"enemies":"Lagavulin","floor":6,"turns":1},{"damage":4,"enemies":"Small Slimes","floor":7,"turns":3},{"damage":20,"enemies":"3 Louse","floor":12,"turns":2},{"damage":15,"enemies":"Large Slime","floor":14,"turns":4},{"damage":16,"enemies":"The Guardian","floor":16,"turns":8},{"damage":10,"enemies":"Shell Parasite","floor":18,"turns":5},{"damage":3,"enemies":"Spheric Guardian","floor":20,"turns":4},{"damage":1,"enemies":"Cultist and Chosen","floor":21,"turns":5},{"damage":23,"enemies":"Slavers","floor":23,"turns":5},{"damage":22,"enemies":"Book of Stabbing","floor":25,"turns":4},{"damage":33,"enemies":"Gremlin Leader","floor":29,"turns":4}],"seed_played":"3513655750822126308","potions_obtained":[{"floor":2,"key":"Swift Potion"},{"floor":3,"key":"SkillPotion"},{"floor":12,"key":"Strength Potion"},{"floor":20,"key":"Explosive Potion"},{"floor":21,"key":"Block Potion"}],"is_trial":false,"path_per_floor":["M","?","M","$","?","E","M","R","T","T","$","M","R","M","R","B",null,"M","?","M","M","$","E","R","E","T","?","$","E"],"character_chosen":"DEFECT","items_purchased":["Static Discharge","DataDisk","Lockon","Loop"],"campfire_rested":2,"item_purchase_floors":[11,22,28,28],"current_hp_per_floor":[64,64,64,64,59,59,55,55,55,55,55,37,37,22,43,27,62,52,52,49,48,48,25,46,33,33,33,33,0],"gold":9,"neow_bonus":"THREE_ENEMY_KILL","is_prod":false,"is_daily":false,"chose_seed":false,"campfire_upgraded":2,"win_rate":0,"timestamp":1563738180,"path_taken":["M","?","?","$","?","E","M","R","T","?","$","M","R","M","R","BOSS","M","?","M","?","$","E","R","E","T","?","$","E"],"build_version":"2019-07-17","purchased_purges":1,"victory":false,"max_hp_per_floor":[71,71,71,71,71,71,71,71,71,71,71,73,73,73,73,73,73,73,73,73,73,73,73,73,75,75,75,75,75],"card_choices":[{"not_picked":["FTL","Leap"],"picked":"Sweeping Beam","floor":1},{"not_picked":["BootSequence","Hologram"],"picked":"Ball Lightning","floor":3},{"not_picked":["Ball Lightning","Turbo"],"picked":"Conserve Battery","floor":6},{"not_picked":["Meteor Strike","Chill"],"picked":"Genetic Algorithm","floor":7},{"not_picked":["Leap","Reprogram","Barrage"],"picked":"Singing Bowl","floor":12},{"not_picked":["Chill","Tempest"],"picked":"Hologram","floor":14},{"not_picked":["Fission","Machine Learning"],"picked":"Core Surge","floor":16},{"not_picked":["Leap","Rebound+1"],"picked":"BootSequence","floor":18},{"not_picked":["Steam","Blizzard"],"picked":"Tempest","floor":20},{"not_picked":["Recycle","Coolheaded"],"picked":"Capacitor","floor":21},{"not_picked":["Gash","Hologram"],"picked":"Self Repair","floor":23},{"not_picked":["Compile Driver","Rip and Tear","Beam Cell"],"picked":"Singing Bowl","floor":25}],"player_experience":1054390,"relics_obtained":[{"floor":6,"key":"Singing Bowl"},{"floor":9,"key":"Sundial"},{"floor":10,"key":"StoneCalendar"},{"floor":23,"key":"Thread and Needle"},{"floor":25,"key":"Bronze Scales"},{"floor":26,"key":"Potion Belt"}],"event_choices":[{"damage_healed":0,"gold_gain":0,"player_choice":"Bought 1 Potion","damage_taken":0,"max_hp_gain":0,"max_hp_loss":0,"event_name":"The Woman in Blue","floor":2,"gold_loss":0},{"damage_healed":0,"gold_gain":0,"player_choice":"Success","damage_taken":5,"relics_obtained":["Letter Opener"],"max_hp_gain":0,"max_hp_loss":0,"event_name":"Scrap Ooze","floor":5,"gold_loss":0},{"damage_healed":0,"gold_gain":0,"cards_transformed":["Strike_B"],"player_choice":"Transformed","damage_taken":0,"max_hp_gain":0,"max_hp_loss":0,"event_name":"Transmorgrifier","floor":19,"gold_loss":0,"cards_obtained":["Reboot"]},{"damage_healed":0,"gold_gain":0,"player_choice":"Stole Relic","damage_taken":0,"relics_obtained":["Boot"],"max_hp_gain":0,"max_hp_loss":0,"event_name":"Addict","floor":27,"gold_loss":0,"cards_obtained":["Shame"]}],"is_beta":false,"boss_relics":[{"not_picked":["Runic Pyramid","Coffee Dripper"],"picked":"Nuclear Battery"}],"items_purged_floors":[4],"is_endless":false,"potions_floor_spawned":[3,12,14,20,21],"killed_by":"Gremlin Leader","ascension_level":15}