{"gold_per_floor":[115,134,154,174,185,185,214,214,214,214,214],"floor_reached":11,"playtime":564,"items_purged":[],"score":150,"play_id":"6cc13a6c-acc8-4b6a-b2f9-fc8ee471b5a4","local_time":"20190107113539","is_ascension_mode":true,"campfire_choices":[{"data":"Neutralize","floor":6.0,"key":"SMITH"}],"neow_cost":"PERCENT_DAMAGE","seed_source_timestamp":0,"circlet_count":0,"master_deck":["AscendersBane","Defend_G","Defend_G","Defend_G","Defend_G","Defend_G","Strike_G","Strike_G","Strike_G","Strike_G","Strike_G","Survivor","Neutralize+1","Doppelganger","Predator","Deadly Poison","Dagger Spray","Deadly Poison"],"special_seed":0,"relics":["Ring of the Snake","Nunchaku","Centennial Puzzle"],"potions_floor_usage":[7,11,11],"damage_taken":[{"damage":7.0,"enemies":"Jaw Worm","floor":1.0,"turns":7.0},{"damage":0.0,"enemies":"2 Louse","floor":2.0,"turns":3.0},{"damage":0.0,"enemies":"Cultist","floor":3.0,"turns":3.0},{"damage":0.0,"enemies":"Gremlin Gang","floor":4.0,"turns":1.0},{"damage":1.0,"enemies":"Red Slaver","floor":5.0,"turns":5.0},{"damage":22,"enemies":"Lagavulin","floor":7,"turns":5},{"damage":15,"enemies":"3 Sentries","floor":11,"turns":4}],"seed_played":"6524196915538851695","potions_obtained":[{"floor":3.0,"key":"EntropicBrew"},{"floor":4.0,"key":"AttackPotion"},{"floor":7,"key":"FearPotion"}],"is_trial":false,"path_per_floor":["M","M","M","M","M","R","E","?","T","?","E"],"character_chosen":"THE_SILENT","items_purchased":[],"campfire_rested":0,"item_purchase_floors":[],"current_hp_per_floor":[37,37,37,37,36,36,14,14,14,14,0],"gold":214,"neow_bonus":"THREE_RARE_CARDS","is_prod":false,"is_daily":false,"chose_seed":false,"campfire_upgraded":1,"win_rate":0,"timestamp":1546878939,"path_taken":["M","M","M","M","M","R","E","?","T","?","E"],"build_version":"2019-01-03v4","purchased_purges":0,"victory":false,"max_hp_per_floor":[66,66,66,66,66,66,66,66,66,66,66],"card_choices":[{"not_picked":["Tools of the Trade","Bullet Time"],"picked":"Doppelganger","floor":0.0},{"not_picked":["Sucker Punch","Slice"],"picked":"Predator","floor":1.0},{"not_picked":["Tactician","Bane"],"picked":"Deadly Poison","floor":2.0},{"not_picked":["Poisoned Stab","Outmaneuver"],"picked":"Dagger Spray","floor":3.0},{"not_picked":["Deadly Poison","Poisoned Stab","PiercingWail"],"picked":"SKIP","floor":4.0},{"not_picked":["Catalyst","Escape Plan"],"picked":"Deadly Poison","floor":5.0},{"not_picked":["Distraction","A Thousand Cuts","Phantasmal Killer"],"picked":"SKIP","floor":7}],"player_experience":1170221,"relics_obtained":[{"floor":7,"key":"Nunchaku"},{"floor":9,"key":"Centennial Puzzle"}],"event_choices":[{"damage_healed":0,"gold_gain":0,"player_choice":"Ignored","damage_taken":0,"max_hp_gain":0,"max_hp_loss":0,"event_name":"Shining Light","floor":8,"gold_loss":0},{"damage_healed":0,"gold_gain":0,"player_choice":"Ignored","damage_taken":0,"max_hp_gain":0,"max_hp_loss":0,"event_name":"Liars Game","floor":10,"gold_loss":0}],"is_beta":false,"boss_relics":[],"items_purged_floors":[],"is_endless":false,"potions_floor_spawned":[3,4,7],"killed_by":"3 Sentries","ascension_level":20}