{"gold_per_floor":[110,123,141,141,141,166,166,178,178,178,206,171,171,188,188,293,293,310,225,256,11,29,29,58,58,81,41,59,85,85,17,17,116,116,133,133,355,355,367,367,397,397,397,414,54,154,172,207,207,207],"floor_reached":50,"playtime":2475,"items_purged":["Doubt"],"score":765,"play_id":"6aa44f6a-441b-4c72-ba60-306d771e7d2c","local_time":"20190522135207","is_ascension_mode":true,"campfire_choices":[{"floor":7.0,"key":"REST"},{"data":"Dualcast","floor":10.0,"key":"SMITH"},{"data":"Redo","floor":15.0,"key":"SMITH"},{"data":"Defragment","floor":23.0,"key":"SMITH"},{"data":"Echo Form","floor":25.0,"key":"SMITH"},{"floor":30.0,"key":"REST"},{"data":"White Noise","floor":32.0,"key":"SMITH"},{"floor":40.0,"key":"REST"},{"floor":42.0,"key":"REST"},{"floor":49.0,"key":"REST"}],"neow_cost":"NONE","seed_source_timestamp":0,"circlet_count":0,"master_deck":["Strike_B","Strike_B","Strike_B","Defend_B","Defend_B","Defend_B","Defend_B","Zap","Dualcast+1","Hologram","Ball Lightning","Sweeping Beam","Compile Driver","Redo+1","Undo","Doom and Gloom","Echo Form+1","Leap+1","Defragment+1","Cold Snap","Stack","Lockon+1","Leap+1","Decay","Redo+1","Sunder","White Noise+1","Biased Cognition","FTL","Secret Technique","Apotheosis","Coolheaded+1","Glacier","Aggregate+1","Defragment","Chrysalis","Turbo+1","Fission"],"special_seed":0,"relics":["Cracked Core","NeowsBlessing","Pear","Ornamental Fan","Bag of Preparation","Cables","Letter Opener","Cursed Key","Turnip","Red Mask","Pen Nib","Symbiotic Virus","Boot","Juzu Bracelet","Nuclear Battery","Gremlin Horn","Blue Candle","Lantern"],"potions_floor_usage":[50,50,50],"damage_taken":[{"damage":0.0,"enemies":"Cultist","floor":1.0,"turns":1.0},{"damage":0.0,"enemies":"Jaw Worm","floor":2.0,"turns":1.0},{"damage":0.0,"enemies":"2 Louse","floor":3.0,"turns":1.0},{"damage":36.0,"enemies":"Lagavulin","floor":6.0,"turns":6.0},{"damage":8.0,"enemies":"Blue Slaver","floor":8.0,"turns":3.0},{"damage":20.0,"enemies":"Gremlin Nob","floor":11.0,"turns":3.0},{"damage":2.0,"enemies":"2 Fungi Beasts","floor":14.0,"turns":3.0},{"damage":14.0,"enemies":"The Guardian","floor":16.0,"turns":8.0},{"damage":7.0,"enemies":"Chosen","floor":18.0,"turns":4.0},{"damage":0.0,"enemies":"Masked Bandits","floor":20.0,"turns":3.0},{"damage":0.0,"enemies":"Spheric Guardian","floor":22.0,"turns":3.0},{"damage":17.0,"enemies":"Book of Stabbing","floor":24.0,"turns":6.0},{"damage":1.0,"enemies":"3 Cultists","floor":28.0,"turns":4.0},{"damage":19.0,"enemies":"Slavers","floor":29.0,"turns":5.0},{"damage":2.0,"enemies":"Champ","floor":33.0,"turns":7.0},{"damage":0.0,"enemies":"3 Shapes","floor":35.0,"turns":3.0},{"damage":18.0,"enemies":"3 Darklings","floor":39.0,"turns":4.0},{"damage":80.0,"enemies":"Giant Head","floor":41.0,"turns":9.0},{"damage":2.0,"enemies":"4 Shapes","floor":44.0,"turns":3.0},{"damage":0.0,"enemies":"Jaw Worm Horde","floor":47.0,"turns":3.0},{"damage":22.0,"enemies":"Nemesis","floor":48.0,"turns":5.0},{"damage":29,"enemies":"Donu and Deca","floor":50,"turns":11}],"seed_played":"4966274282284562293","potions_obtained":[{"floor":3.0,"key":"Ancient Potion"},{"floor":8.0,"key":"Fire Potion"},{"floor":14.0,"key":"Dexterity Potion"},{"floor":18.0,"key":"Swift Potion"},{"floor":28.0,"key":"Weak Potion"},{"floor":29.0,"key":"Strength Potion"}],"is_trial":false,"path_per_floor":["M","M","M","T","?","E","R","M","T","R","E","?","?","M","R","B",null,"M","?","?","$","M","R","E","R","T","?","M","E","R","$","R","B",null,"M","?","?","?","M","R","E","R","T","M","$","?","M","E","R","B"],"character_chosen":"DEFECT","items_purchased":["Cold Snap","Stack","Pen Nib","White Noise","Defragment","Chrysalis","LiquidBronze"],"campfire_rested":5,"item_purchase_floors":[21,21,21,31,45,45,45],"current_hp_per_floor":[68,68,68,78,71,35,60,52,52,52,32,53,81,79,79,65,80,73,73,73,73,73,73,56,56,56,56,55,36,61,61,61,59,79,79,79,79,74,56,81,1,26,26,24,24,24,24,2,27,0],"gold":207,"neow_bonus":"THREE_ENEMY_KILL","is_prod":false,"is_daily":false,"chose_seed":false,"campfire_upgraded":5,"win_rate":0,"timestamp":1558497127,"path_taken":["M","M","M","?","?","E","R","?","T","R","E","?","?","M","R","BOSS","M","?","?","$","M","R","E","R","T","?","M","E","R","$","R","BOSS","M","?","?","?","M","R","E","R","T","M","$","?","M","E","R","BOSS"],"build_version":"2019-01-23","purchased_purges":1,"victory":false,"max_hp_per_floor":[75,75,75,85,85,85,85,85,85,85,85,85,85,85,85,85,85,85,85,85,85,85,85,85,85,85,85,85,85,85,85,85,85,85,85,85,85,85,85,85,85,85,85,85,85,85,85,85,85,85],"card_choices":[{"not_picked":["Turbo","Reinforced Body"],"picked":"Hologram","floor":1.0},{"not_picked":["Conserve Battery","Stack"],"picked":"Ball Lightning","floor":2.0},{"not_picked":["Leap","Beam Cell"],"picked":"Sweeping Beam","floor":3.0},{"not_picked":["Go for the Eyes","Gash"],"picked":"Compile Driver","floor":6.0},{"not_picked":["Steam","Rebound"],"picked":"Redo","floor":8.0},{"not_picked":["BootSequence","Steam"],"picked":"Undo","floor":11.0},{"not_picked":["Leap","Rainbow"],"picked":"Doom and Gloom","floor":14.0},{"not_picked":["Amplify","Creative AI"],"picked":"Echo Form","floor":16.0},{"not_picked":["Barrage+1","Reinforced Body+1"],"picked":"Leap+1","floor":18.0},{"not_picked":["Beam Cell","BootSequence"],"picked":"Defragment","floor":20.0},{"not_picked":["Force Field","Steam"],"picked":"Lockon","floor":22.0},{"not_picked":["Hyperbeam","Barrage+1"],"picked":"Leap+1","floor":24.0},{"not_picked":["Tempest","Leap"],"picked":"Redo+1","floor":28.0},{"not_picked":["Beam Cell","Compile Driver"],"picked":"Sunder","floor":29.0},{"not_picked":["Machine Learning","Buffer"],"picked":"Biased Cognition","floor":33.0},{"not_picked":["Compile Driver+1","Tempest+1"],"picked":"FTL","floor":35.0},{"not_picked":["Enlightenment","Finesse"],"picked":"Secret Technique","floor":38.0},{"not_picked":["Magnetism","Good Instincts"],"picked":"Apotheosis","floor":38.0},{"not_picked":["Compile Driver","Sweeping Beam+1"],"picked":"Coolheaded+1","floor":39.0},{"not_picked":["Coolheaded+1","Steam+1"],"picked":"Glacier","floor":41.0},{"not_picked":["Capacitor","Undo+1"],"picked":"Aggregate+1","floor":44.0},{"not_picked":["Coolheaded","Chill+1"],"picked":"Turbo+1","floor":47.0},{"not_picked":["Defragment+1","Barrage"],"picked":"Fission","floor":48.0}],"player_experience":694470,"relics_obtained":[{"floor":4.0,"key":"Pear"},{"floor":6.0,"key":"Bag of Preparation"},{"floor":9.0,"key":"Cables"},{"floor":11.0,"key":"Letter Opener"},{"floor":20.0,"key":"Red Mask"},{"floor":24.0,"key":"Symbiotic Virus"},{"floor":26.0,"key":"Boot"},{"floor":29.0,"key":"Juzu Bracelet"},{"floor":41.0,"key":"Gremlin Horn"},{"floor":43.0,"key":"Blue Candle"},{"floor":48.0,"key":"Lantern"}],"event_choices":[{"damage_healed":0.0,"max_hp_gain":0.0,"max_hp_loss":0.0,"gold_gain":0.0,"event_name":"Scrap Ooze","player_choice":"Success","floor":5.0,"gold_loss":0.0,"damage_taken":7.0,"relics_obtained":["Ornamental Fan"]},{"damage_healed":21.0,"max_hp_gain":0.0,"max_hp_loss":0.0,"gold_gain":0.0,"event_name":"The Cleric","player_choice":"Healed","floor":12.0,"gold_loss":35.0,"damage_taken":0.0},{"damage_healed":28.0,"max_hp_gain":0.0,"max_hp_loss":0.0,"gold_gain":0.0,"event_name":"Big Fish","player_choice":"Banana","floor":13.0,"gold_loss":0.0,"damage_taken":0.0},{"damage_healed":0.0,"max_hp_gain":0.0,"max_hp_loss":0.0,"gold_gain":0.0,"event_name":"Addict","player_choice":"Obtained Relic","floor":19.0,"gold_loss":85.0,"damage_taken":0.0,"relics_obtained":["Turnip"]},{"damage_healed":0.0,"max_hp_gain":0.0,"max_hp_loss":0.0,"gold_gain":0.0,"event_name":"Masked Bandits","player_choice":"Fought Bandits","floor":20.0,"gold_loss":0.0,"damage_taken":0.0},{"damage_healed":0.0,"max_hp_gain":0.0,"max_hp_loss":0.0,"gold_gain":0.0,"event_name":"Designer","player_choice":"Upgrade","floor":27.0,"gold_loss":40.0,"damage_taken":0.0,"cards_upgraded":["Lockon"]},{"cards_removed":["Strike_B"],"damage_healed":0.0,"max_hp_gain":0.0,"max_hp_loss":0.0,"gold_gain":0.0,"event_name":"Falling","player_choice":"Removed Attack","floor":36.0,"gold_loss":0.0,"damage_taken":0.0},{"damage_healed":0.0,"max_hp_gain":0.0,"max_hp_loss":0.0,"gold_gain":222.0,"event_name":"Tomb of Lord Red Mask","player_choice":"Wore Mask","floor":37.0,"gold_loss":0.0,"damage_taken":0.0},{"damage_healed":0.0,"max_hp_gain":0.0,"max_hp_loss":0.0,"gold_gain":0.0,"event_name":"SensoryStone","player_choice":"Memory 2","floor":38.0,"gold_loss":0.0,"damage_taken":5.0},{"damage_healed":0.0,"max_hp_gain":0.0,"max_hp_loss":0.0,"gold_gain":100.0,"event_name":"Golden Shrine","player_choice":"Pray","floor":46.0,"gold_loss":0.0,"damage_taken":0.0}],"is_beta":false,"boss_relics":[{"not_picked":["Lizard Tail","Astrolabe"],"picked":"Cursed Key"},{"not_picked":["Eternal Feather","Fusion Hammer"],"picked":"Nuclear Battery"}],"items_purged_floors":[45],"is_endless":false,"potions_floor_spawned":[3,8,14,18,28,29,48],"killed_by":"Donu and Deca","ascension_level":6}