{"gold_per_floor":[109,184,198,198,210,210,237,237,237,237,250,250,266,39,39,116,166,185,204,204],"floor_reached":20,"playtime":846,"items_purged":[],"score":313,"play_id":"0145bfd6-23da-46d2-9605-5d8b1ca54252","local_time":"20190804024418","is_ascension_mode":true,"campfire_choices":[{"data":"Neutralize","floor":6,"key":"SMITH"},{"floor":8,"key":"REST"},{"floor":10,"key":"REST"},{"floor":12,"key":"REST"},{"data":"A Thousand Cuts","floor":15,"key":"SMITH"}],"neow_cost":"CURSE","seed_source_timestamp":10362423637005,"circlet_count":0,"master_deck":["AscendersBane","Strike_G","Strike_G","Strike_G","Strike_G","Strike_G+1","Defend_G","Defend_G","Defend_G","Defend_G","Defend_G","Survivor","Neutralize+1","Injury","Backstab","Underhanded Strike","Caltrops","A Thousand Cuts+1","Quick Slash+1","Dagger Spray+1","Corpse Explosion","Poisoned Stab+1","Catalyst+1","Flying Knee+1"],"relics":["Ring of the Snake","Ice Cream","Molten Egg 2","Ninja Scroll","OrangePellets","Tiny House"],"potions_floor_usage":[16,19,19],"damage_taken":[{"damage":6,"enemies":"Jaw Worm","floor":1,"turns":6},{"damage":2,"enemies":"Small Slimes","floor":3,"turns":4},{"damage":1,"enemies":"Cultist","floor":5,"turns":3},{"damage":36,"enemies":"3 Sentries","floor":7,"turns":12},{"damage":20,"enemies":"Exordium Wildlife","floor":11,"turns":5},{"damage":6,"enemies":"Lots of Slimes","floor":13,"turns":2},{"damage":27,"enemies":"Hexaghost","floor":16,"turns":10},{"damage":9,"enemies":"Chosen","floor":18,"turns":5},{"damage":6,"enemies":"Spheric Guardian","floor":19,"turns":3},{"damage":52,"enemies":"Centurion and Healer","floor":20,"turns":4}],"seed_played":"4499705520192965547","potions_obtained":[{"floor":1,"key":"GhostInAJar"},{"floor":16,"key":"Swift Potion"},{"floor":17,"key":"Fire Potion"},{"floor":19,"key":"Fire Potion"}],"is_trial":false,"path_per_floor":["M","?","M","?","M","R","E","R","T","R","M","R","M","$","R","B",null,"M","M","M"],"character_chosen":"THE_SILENT","items_purchased":["OrangePellets"],"campfire_rested":3,"item_purchase_floors":[14],"current_hp_per_floor":[53,42,40,45,44,44,8,29,29,50,30,51,45,45,45,18,63,54,48,0],"gold":204,"neow_bonus":"ONE_RARE_RELIC","is_prod":false,"is_daily":false,"chose_seed":false,"campfire_upgraded":2,"win_rate":0,"timestamp":1564850658,"path_taken":["M","?","M","?","M","R","E","R","T","R","M","R","?","$","R","BOSS","M","M","?"],"build_version":"2019-07-17","purchased_purges":0,"victory":false,"max_hp_per_floor":[66,66,66,71,71,71,71,71,71,71,71,71,71,71,71,71,76,76,76,76],"card_choices":[{"not_picked":["Prepared","Outmaneuver"],"picked":"Backstab","floor":1},{"not_picked":["Masterful Stab","Catalyst"],"picked":"Underhanded Strike","floor":3},{"not_picked":["Concentrate","Backflip"],"picked":"Caltrops","floor":5},{"not_picked":["Finisher","Dagger Spray"],"picked":"A Thousand Cuts","floor":7},{"not_picked":["Flying Knee+1","Dodge and Roll"],"picked":"Quick Slash+1","floor":11},{"not_picked":["Skewer+1","Quick Slash+1"],"picked":"Dagger Spray+1","floor":13},{"not_picked":["Wraith Form v2","Envenom"],"picked":"Corpse Explosion","floor":16},{"not_picked":["Dodge and Roll","Cloak And Dagger"],"picked":"Poisoned Stab+1","floor":17},{"not_picked":["Deflect","Deadly Poison"],"picked":"Catalyst+1","floor":18},{"not_picked":["Underhanded Strike+1","Phantasmal Killer"],"picked":"Flying Knee+1","floor":19}],"player_experience":1108025,"relics_obtained":[{"floor":7,"key":"Molten Egg 2"},{"floor":9,"key":"Ninja Scroll"}],"event_choices":[{"damage_healed":0,"gold_gain":75,"player_choice":"Gather Gold","damage_taken":11,"max_hp_gain":0,"max_hp_loss":0,"event_name":"World of Goop","floor":2,"gold_loss":0},{"damage_healed":0,"gold_gain":0,"player_choice":"Donut","damage_taken":0,"max_hp_gain":5,"max_hp_loss":0,"event_name":"Big Fish","floor":4,"gold_loss":0}],"is_beta":false,"boss_relics":[{"not_picked":["Busted Crown","Ring of the Serpent"],"picked":"Tiny House"}],"items_purged_floors":[],"is_endless":false,"potions_floor_spawned":[1,16,18,19],"killed_by":"Centurion and Healer","ascension_level":16}