{"gold_per_floor":[115,115,134,0,14,14,30,30,54,54,54,71,71,135,135,210,210,229,20,34,48,48,48,59,59],"floor_reached":25,"playtime":1176,"items_purged":[],"score":376,"play_id":"7aeae6af-37ca-4530-a329-93980ed7a524","local_time":"20190811090614","is_ascension_mode":true,"campfire_choices":[{"data":"Shockwave","floor":6,"key":"SMITH"},{"data":"Feel No Pain","floor":11,"key":"SMITH"},{"floor":13,"key":"REST"},{"floor":15,"key":"REST"},{"data":"Limit Break","floor":23,"key":"SMITH"}],"neow_cost":"CURSE","seed_source_timestamp":5636646045149,"circlet_count":0,"master_deck":["AscendersBane","Strike_R","Strike_R+1","Strike_R+1","Strike_R","Defend_R","Defend_R","Defend_R","Defend_R","Bash","Power Through","Clash","Feel No Pain+1","Shockwave+1","Battle Trance","Shrug It Off","Carnage","Inflame","Limit Break+1","Cleave","RitualDagger","Wild Strike"],"relics":["Burning Blood","Whetstone","Tiny Chest","Busted Crown","Membership Card"],"potions_floor_usage":[14,16,21],"damage_taken":[{"damage":24,"enemies":"Small Slimes","floor":1,"turns":6},{"damage":7,"enemies":"Cultist","floor":3,"turns":4},{"damage":5,"enemies":"2 Louse","floor":5,"turns":5},{"damage":18,"enemies":"Blue Slaver","floor":7,"turns":7},{"damage":2,"enemies":"Exordium Wildlife","floor":12,"turns":5},{"damage":55,"enemies":"Gremlin Nob","floor":14,"turns":7},{"damage":37,"enemies":"Hexaghost","floor":16,"turns":10},{"damage":8,"enemies":"Chosen","floor":18,"turns":6},{"damage":7,"enemies":"2 Thieves","floor":20,"turns":4},{"damage":18,"enemies":"Snake Plant","floor":21,"turns":5},{"damage":37,"enemies":"Centurion and Healer","floor":24,"turns":8},{"damage":28,"enemies":"Chosen and Byrds","floor":25,"turns":7}],"seed_played":"4434528482712387767","potions_obtained":[{"floor":5,"key":"LiquidBronze"},{"floor":7,"key":"Fire Potion"},{"floor":14,"key":"Ancient Potion"},{"floor":18,"key":"Weak Potion"}],"is_trial":false,"path_per_floor":["M","?","M","$","M","R","M","$","T","?","R","M","R","E","R","B",null,"M","$","M","M","?","R","M","M"],"character_chosen":"IRONCLAD","items_purchased":["Shockwave","PowerPotion","Membership Card"],"campfire_rested":2,"item_purchase_floors":[4,4,19],"current_hp_per_floor":[64,64,63,63,64,64,52,52,52,45,45,49,75,26,52,21,72,70,70,69,57,51,51,20,0],"gold":59,"neow_bonus":"TWENTY_PERCENT_HP_BONUS","is_prod":false,"is_daily":false,"chose_seed":false,"campfire_upgraded":3,"win_rate":0,"timestamp":1565478374,"path_taken":["M","?","?","$","M","R","M","$","T","?","R","M","R","E","R","BOSS","M","$","M","M","?","R","M","M"],"build_version":"2019-07-17","purchased_purges":0,"victory":false,"max_hp_per_floor":[89,89,89,89,89,89,89,89,89,89,89,89,89,89,89,89,89,89,89,89,89,89,89,89,89],"card_choices":[{"not_picked":["Havoc","Heavy Blade"],"picked":"Power Through","floor":1},{"not_picked":["Seeing Red","Thunderclap"],"picked":"Feel No Pain","floor":3},{"not_picked":["Twin Strike","Combust"],"picked":"Battle Trance","floor":5},{"not_picked":["Twin Strike","Body Slam"],"picked":"Shrug It Off","floor":7},{"not_picked":["Thunderclap","Berserk"],"picked":"Carnage","floor":12},{"not_picked":["Metallicize","Flex"],"picked":"Inflame","floor":14},{"not_picked":["Feed","Juggernaut"],"picked":"Limit Break","floor":16},{"not_picked":[],"picked":"Cleave","floor":18},{"not_picked":["Havoc"],"picked":"SKIP","floor":20},{"not_picked":["Warcry"],"picked":"SKIP","floor":21},{"not_picked":[],"picked":"Wild Strike","floor":24}],"player_experience":1182380,"relics_obtained":[{"floor":9,"key":"Whetstone"},{"floor":14,"key":"Tiny Chest"}],"event_choices":[{"damage_healed":0,"gold_gain":0,"cards_transformed":["Strike_R"],"player_choice":"Transformed","damage_taken":0,"max_hp_gain":0,"max_hp_loss":0,"event_name":"Transmorgrifier","floor":2,"gold_loss":0,"cards_obtained":["Clash"]},{"cards_removed":["Doubt"],"damage_healed":0,"gold_gain":0,"player_choice":"Card Removal","damage_taken":7,"max_hp_gain":0,"max_hp_loss":0,"event_name":"Golden Wing","floor":10,"gold_loss":0},{"damage_healed":0,"gold_gain":0,"player_choice":"Joined the Cult","damage_taken":6,"max_hp_gain":0,"max_hp_loss":0,"event_name":"Nest","floor":22,"gold_loss":0,"cards_obtained":["RitualDagger"]}],"is_beta":false,"boss_relics":[{"not_picked":["White Beast Statue","Runic Dome"],"picked":"Busted Crown"}],"items_purged_floors":[],"is_endless":false,"potions_floor_spawned":[5,7,14,18,20],"killed_by":"Chosen and Byrds","ascension_level":17}