{"gold_per_floor":[110,123,51,51,51,78,78,90,90,90,15,30,30,44,44,147,147,163,181,181,181,181],"floor_reached":22,"playtime":1146,"items_purged":["Strike_B"],"score":328,"play_id":"79eacbfa-d588-4f64-b873-21966710550d","local_time":"20190910024403","is_ascension_mode":true,"campfire_choices":[{"data":"Tempest","floor":7,"key":"SMITH"},{"data":"Chaos","floor":13,"key":"SMITH"},{"data":"Dualcast","floor":15,"key":"SMITH"}],"neow_cost":"NONE","seed_source_timestamp":293204949256200,"circlet_count":0,"master_deck":["Strike_B","Strike_B","Defend_B","Defend_B","Defend_B","Defend_B","Zap","Dualcast+1","Tempest+1","Genetic Algorithm","Loop+1","Chaos+1","Fission+1","BootSequence+1"],"special_seed":0,"relics":["FrozenCore","NeowsBlessing","Dodecahedron","Pear","Pantograph"],"potions_floor_usage":[18,19],"damage_taken":[{"damage":0.0,"enemies":"Small Slimes","floor":1.0,"turns":1.0},{"damage":0.0,"enemies":"2 Louse","floor":2.0,"turns":1.0},{"damage":0,"enemies":"Gremlin Nob","floor":6,"turns":1},{"damage":0,"enemies":"Cultist","floor":8,"turns":3},{"damage":11,"enemies":"Exordium Wildlife","floor":12,"turns":4},{"damage":6,"enemies":"Exordium Thugs","floor":14,"turns":4},{"damage":64,"enemies":"Hexaghost","floor":16,"turns":10},{"damage":11,"enemies":"3 Byrds","floor":18,"turns":5},{"damage":4,"enemies":"Shell Parasite","floor":19,"turns":7},{"damage":72,"enemies":"3 Cultists","floor":22,"turns":6}],"seed_played":"-1188821224449402808","potions_obtained":[{"floor":8,"key":"SteroidPotion"},{"floor":12,"key":"FearPotion"},{"floor":16,"key":"Poison Potion"},{"floor":18,"key":"Ancient Potion"}],"is_trial":false,"path_per_floor":["M","M","$","?","?","E","R","M","T","?","$","M","R","M","R","B",null,"M","M","$","?","M"],"character_chosen":"DEFECT","items_purchased":["Loop"],"campfire_rested":0,"item_purchase_floors":[3],"current_hp_per_floor":[68,68,68,65,65,75,75,75,75,75,75,64,64,58,58,19,69,58,54,54,54,0],"gold":181,"neow_bonus":"THREE_ENEMY_KILL","is_prod":false,"is_daily":false,"chose_seed":false,"campfire_upgraded":3,"win_rate":0,"timestamp":1568076243,"path_taken":["M","M","$","?","?","E","R","M","T","?","$","M","R","M","R","BOSS","M","M","?","?","?"],"build_version":"2019-07-17","purchased_purges":1,"victory":false,"max_hp_per_floor":[75,75,75,75,75,85,85,85,85,85,85,85,85,85,85,85,85,85,85,85,85,85],"card_choices":[{"not_picked":["Streamline","Coolheaded"],"picked":"Tempest","floor":1.0},{"not_picked":["Redo","Barrage"],"picked":"Genetic Algorithm","floor":2.0},{"not_picked":["Leap","Hyperbeam","White Noise"],"picked":"SKIP","floor":6},{"not_picked":["Leap","Barrage","Redo"],"picked":"SKIP","floor":8},{"not_picked":["Ball Lightning","Streamline"],"picked":"Chaos","floor":12},{"not_picked":["Aggregate","Lockon","Stack"],"picked":"SKIP","floor":14},{"not_picked":["Buffer","Hyperbeam"],"picked":"Fission","floor":16},{"not_picked":["Gash","Sunder"],"picked":"BootSequence+1","floor":18},{"not_picked":["Double Energy","Ball Lightning","Compile Driver"],"picked":"SKIP","floor":19}],"player_experience":140786,"relics_obtained":[{"floor":6,"key":"Pear"},{"floor":9,"key":"Pantograph"}],"event_choices":[{"damage_healed":0.0,"max_hp_gain":0.0,"max_hp_loss":0.0,"gold_gain":0.0,"event_name":"Scrap Ooze","player_choice":"Success","floor":4.0,"gold_loss":0.0,"damage_taken":3.0,"relics_obtained":["Dodecahedron"]},{"damage_healed":0,"gold_gain":0,"player_choice":"Grow","damage_taken":0,"max_hp_gain":0,"max_hp_loss":0,"event_name":"Living Wall","floor":5,"gold_loss":0,"cards_upgraded":["Loop"]},{"cards_removed":["Strike_B"],"damage_healed":0,"gold_gain":0,"player_choice":"Purged","damage_taken":0,"max_hp_gain":0,"max_hp_loss":0,"event_name":"Purifier","floor":10,"gold_loss":0},{"damage_healed":0,"gold_gain":0,"player_choice":"Upgraded","damage_taken":0,"max_hp_gain":0,"max_hp_loss":0,"event_name":"Upgrade Shrine","floor":21,"gold_loss":0,"cards_upgraded":["Fission"]}],"is_beta":false,"boss_relics":[{"not_picked":["Empty Cage","Coffee Dripper"],"picked":"FrozenCore"}],"items_purged_floors":[11],"is_endless":false,"potions_floor_spawned":[8,12,16,18],"killed_by":"3 Cultists","ascension_level":8}