{"gold_per_floor":[115,4,4,18,31,31,65,65,92,110,136,168,180],"floor_reached":13,"playtime":368,"items_purged":["Strike_B"],"score":152,"play_id":"b51cf56a-6bd6-4e00-94e8-df76610e6e68","local_time":"20181203014941","is_ascension_mode":true,"campfire_choices":[{"data":"Tempest","floor":6,"key":"SMITH"},{"floor":8,"key":"REST"}],"neow_cost":"TEN_PERCENT_HP_LOSS","seed_source_timestamp":25037422688062,"circlet_count":0,"master_deck":["AscendersBane","Strike_B","Defend_B","Defend_B","Defend_B","Defend_B","Zap","Dualcast","Tempest+1","Scrape","Ball Lightning","Double Energy","Genetic Algorithm","Go for the Eyes","Turbo"],"relics":["Cracked Core","Pen Nib","Blood Vial","MawBank"],"potions_floor_usage":[11,12],"damage_taken":[{"damage":7,"enemies":"Jaw Worm","floor":1,"turns":3},{"damage":4,"enemies":"2 Louse","floor":4,"turns":3},{"damage":9,"enemies":"Small Slimes","floor":5,"turns":3},{"damage":35,"enemies":"Lagavulin","floor":7,"turns":5},{"damage":9,"enemies":"Red Slaver","floor":10,"turns":3},{"damage":27,"enemies":"Gremlin Nob","floor":11,"turns":4},{"damage":1,"enemies":"Looter","floor":12,"turns":3},{"damage":13,"enemies":"Blue Slaver","floor":13,"turns":1}],"seed_played":"6108268277176674303","potions_obtained":[{"floor":1,"key":"LiquidBronze"},{"floor":4,"key":"Ancient Potion"},{"floor":10,"key":"FearPotion"},{"floor":11,"key":"Swift Potion"},{"floor":12,"key":"Dexterity Potion"}],"is_trial":false,"path_per_floor":["M","$","?","M","M","R","E","R","T","M","E","M","M"],"character_chosen":"DEFECT","items_purchased":["Scrape"],"campfire_rested":1,"item_purchase_floors":[2],"current_hp_per_floor":[61,61,61,57,48,48,13,33,33,26,1,2,0],"gold":180,"neow_bonus":"REMOVE_TWO","is_prod":false,"is_daily":false,"chose_seed":false,"campfire_upgraded":1,"win_rate":0,"timestamp":1543819781,"path_taken":["M","$","?","M","M","R","E","R","T","M","E","M","M"],"build_version":"2018-11-15","purchased_purges":1,"victory":false,"max_hp_per_floor":[68,68,68,68,68,68,68,68,68,68,68,68,68],"card_choices":[{"not_picked":["Consume","Capacitor"],"picked":"Tempest","floor":1},{"not_picked":["Leap","Redo"],"picked":"Ball Lightning","floor":4},{"not_picked":["Static Discharge","White Noise"],"picked":"Double Energy","floor":5},{"not_picked":["Recycle","Scrape","Stack"],"picked":"SKIP","floor":7},{"not_picked":["Barrage","Darkness"],"picked":"Genetic Algorithm","floor":10},{"not_picked":["Leap","Barrage"],"picked":"Go for the Eyes","floor":11},{"not_picked":["Hologram","Conserve Battery"],"picked":"Turbo","floor":12}],"player_experience":784525,"relics_obtained":[{"floor":7,"key":"Pen Nib"},{"floor":9,"key":"Blood Vial"},{"floor":11,"key":"MawBank"}],"event_choices":[{"damage_healed":0,"gold_gain":0,"player_choice":"Leave","damage_taken":0,"max_hp_gain":0,"max_hp_loss":0,"event_name":"The Cleric","floor":3,"gold_loss":0}],"is_beta":false,"boss_relics":[],"items_purged_floors":[2],"is_endless":false,"potions_floor_spawned":[1,4,10,11,12],"killed_by":"Blue Slaver","ascension_level":12}