{"gold_per_floor":[17,34,34,45,61,61,96,61,61,95,95,95,95,123,123,220,220,233,248,259,259,259],"floor_reached":22,"playtime":1003,"items_purged":[],"score":330,"play_id":"f4b05b0f-1850-4dbe-a878-961369614c7c","local_time":"20181209231604","is_ascension_mode":true,"campfire_choices":[{"data":"Glass Knife","floor":6,"key":"SMITH"},{"floor":11,"key":"REST"},{"data":"Slice","floor":13,"key":"SMITH"},{"floor":15,"key":"REST"}],"neow_cost":"NO_GOLD","seed_source_timestamp":510759401143305,"circlet_count":0,"master_deck":["AscendersBane","Defend_G","Defend_G","Defend_G","Defend_G","Defend_G","Strike_G","Strike_G","Strike_G","Strike_G","Survivor","Neutralize","Glass Knife+1","Acrobatics","Terror","Dash","Underhanded Strike","Slice+1","Escape Plan","Underhanded Strike","Night Terror","Blur+1"],"relics":["Ring of the Snake","Calipers","Paper Crane","Shuriken","Pen Nib","WristBlade"],"potions_floor_usage":[5,10,19,21,21],"damage_taken":[{"damage":4,"enemies":"Small Slimes","floor":1,"turns":3},{"damage":1,"enemies":"Cultist","floor":2,"turns":3},{"damage":0,"enemies":"2 Louse","floor":4,"turns":3},{"damage":3,"enemies":"Exordium Thugs","floor":5,"turns":4},{"damage":46,"enemies":"3 Sentries","floor":7,"turns":8},{"damage":17,"enemies":"Lagavulin","floor":10,"turns":5},{"damage":9,"enemies":"Gremlin Nob","floor":14,"turns":4},{"damage":9,"enemies":"The Guardian","floor":16,"turns":7},{"damage":2,"enemies":"Chosen","floor":18,"turns":4},{"damage":31,"enemies":"3 Byrds","floor":19,"turns":7},{"damage":12,"enemies":"Centurion and Healer","floor":20,"turns":5},{"damage":8,"enemies":"Sentry and Sphere","floor":21,"turns":5},{"damage":12,"enemies":"3 Cultists","floor":22,"turns":3}],"seed_played":"6282162804843649592","potions_obtained":[{"floor":2,"key":"SteroidPotion"},{"floor":7,"key":"FearPotion"},{"floor":14,"key":"Swift Potion"},{"floor":18,"key":"SpeedPotion"},{"floor":20,"key":"SmokeBomb"}],"is_trial":false,"path_per_floor":["M","M","$","M","M","R","E","?","T","E","R","?","R","E","R","B",null,"M","M","M","M","M"],"character_chosen":"THE_SILENT","items_purchased":[],"campfire_rested":2,"item_purchase_floors":[],"current_hp_per_floor":[59,58,58,58,55,55,9,26,26,9,30,30,30,21,42,33,61,59,28,16,8,0],"gold":259,"neow_bonus":"THREE_RARE_CARDS","is_prod":false,"is_daily":false,"chose_seed":false,"campfire_upgraded":2,"win_rate":0,"timestamp":1544415364,"path_taken":["M","M","$","M","M","R","E","?","T","E","R","?","R","E","R","BOSS","M","?","?","M","M"],"build_version":"2018-12-06","purchased_purges":0,"victory":false,"max_hp_per_floor":[70,70,70,70,70,70,70,70,70,70,70,70,70,70,70,70,70,70,70,70,70,70],"card_choices":[{"not_picked":["After Image","Venomology"],"picked":"Glass Knife","floor":0},{"not_picked":["Deflect","Well Laid Plans"],"picked":"Acrobatics","floor":1},{"not_picked":["Distraction","Quick Slash"],"picked":"Terror","floor":2},{"not_picked":["Cloak And Dagger","Slice"],"picked":"Dash","floor":4},{"not_picked":["Skewer","Dodge and Roll"],"picked":"Underhanded Strike","floor":5},{"not_picked":["Predator","All Out Attack","Bane"],"picked":"SKIP","floor":7},{"not_picked":["Reflex","Concentrate"],"picked":"Slice","floor":10},{"not_picked":["Bane","Infinite Blades"],"picked":"Underhanded Strike","floor":14},{"not_picked":["Malaise","Unload"],"picked":"Night Terror","floor":16},{"not_picked":["Escape Plan","PiercingWail"],"picked":"Blur+1","floor":18},{"not_picked":["Bouncing Flask","Backflip","Predator+1"],"picked":"SKIP","floor":19},{"not_picked":["Flying Knee","Expertise+1","Poisoned Stab"],"picked":"SKIP","floor":20}],"player_experience":849323,"relics_obtained":[{"floor":7,"key":"Calipers"},{"floor":9,"key":"Paper Crane"},{"floor":10,"key":"Shuriken"},{"floor":14,"key":"Pen Nib"}],"event_choices":[{"damage_healed":17,"gold_gain":0,"player_choice":"Healed","damage_taken":0,"max_hp_gain":0,"max_hp_loss":0,"event_name":"The Cleric","floor":8,"gold_loss":35},{"damage_healed":0,"gold_gain":0,"cards_transformed":["Strike_G"],"player_choice":"Transformed","damage_taken":0,"max_hp_gain":0,"max_hp_loss":0,"event_name":"Transmorgrifier","floor":12,"gold_loss":0,"cards_obtained":["Escape Plan"]}],"is_beta":false,"boss_relics":[{"not_picked":["Runic Dome","Coffee Dripper"],"picked":"WristBlade"}],"items_purged_floors":[],"is_endless":false,"potions_floor_spawned":[2,7,14,18,20],"killed_by":"3 Cultists","ascension_level":12}