{"gold_per_floor":[109,129,141,156,156,194,208,274,297,335,335,9,9,22,22,141,141,162,177,202,202,215,215,249,263,344,344],"floor_reached":27,"playtime":1228,"items_purged":[],"score":296,"play_id":"770ad2c5-792e-480f-9328-8a648eb8690b","local_time":"20190424053941","is_ascension_mode":true,"campfire_choices":[{"floor":11,"key":"REST"},{"data":"Neutralize","floor":13,"key":"SMITH"},{"data":"Infinite Blades","floor":15,"key":"SMITH"},{"floor":23,"key":"REST"}],"neow_cost":"NONE","seed_source_timestamp":71580986759569,"circlet_count":0,"master_deck":["Defend_G","Defend_G","Defend_G","Defend_G","Defend_G","Strike_G","Strike_G","Strike_G","Strike_G","Strike_G","Survivor","Neutralize+1","Bane","Escape Plan","Deflect","Noxious Fumes","Injury","Blur","Dagger Throw+1","Noxious Fumes","Infinite Blades+1","Poisoned Stab+1","Poisoned Stab+1","Glass Knife+1","Quick Slash+1","Bane+1","Outmaneuver+1","RitualDagger+1","Poisoned Stab+1","Cloak And Dagger"],"relics":["Ring of the Snake","NeowsBlessing","Golden Idol","Molten Egg 2","Regal Pillow","Snake Skull","Membership Card","Anchor","Sozu","Smiling Mask","Frozen Egg 2"],"potions_floor_usage":[1,10,25],"damage_taken":[{"damage":0,"enemies":"Jaw Worm","floor":1,"turns":1},{"damage":0,"enemies":"Small Slimes","floor":2,"turns":1},{"damage":0,"enemies":"2 Louse","floor":3,"turns":1},{"damage":1,"enemies":"Blue Slaver","floor":4,"turns":5},{"damage":31,"enemies":"Lagavulin","floor":6,"turns":10},{"damage":0,"enemies":"Exordium Wildlife","floor":7,"turns":7},{"damage":2,"enemies":"3 Sentries","floor":10,"turns":7},{"damage":4,"enemies":"2 Fungi Beasts","floor":14,"turns":4},{"damage":4,"enemies":"Slime Boss","floor":16,"turns":8},{"damage":11,"enemies":"Shell Parasite","floor":18,"turns":5},{"damage":18,"enemies":"Spheric Guardian","floor":19,"turns":5},{"damage":23,"enemies":"Chosen and Byrds","floor":20,"turns":5},{"damage":2,"enemies":"Cultist and Chosen","floor":22,"turns":6},{"damage":33,"enemies":"Slavers","floor":24,"turns":5},{"damage":22,"enemies":"Shelled Parasite and Fungi","floor":25,"turns":5},{"damage":13,"enemies":"Snecko","floor":27,"turns":2}],"seed_played":"7367464136569227570","potions_obtained":[{"floor":1,"key":"Fruit Juice"},{"floor":3,"key":"FairyPotion"},{"floor":7,"key":"AttackPotion"},{"floor":14,"key":"Strength Potion"}],"is_trial":false,"path_per_floor":["M","M","M","M","?","E","M","?","T","E","R","$","R","M","R","B",null,"M","M","M","?","M","R","E","M","T","M"],"character_chosen":"THE_SILENT","items_purchased":["Membership Card","Anchor","Infinite Blades","Poisoned Stab+1"],"campfire_rested":2,"item_purchase_floors":[12,12,12,12],"current_hp_per_floor":[75,75,75,74,74,43,43,43,43,41,75,75,75,71,71,67,75,64,46,23,17,15,52,19,7,7,0],"gold":344,"neow_bonus":"THREE_ENEMY_KILL","is_prod":false,"is_daily":false,"chose_seed":false,"campfire_upgraded":2,"win_rate":0,"timestamp":1556048381,"path_taken":["M","M","M","M","?","E","M","?","T","E","R","$","R","M","R","BOSS","M","M","M","?","M","R","E","M","T","M"],"build_version":"2019-01-23","purchased_purges":0,"victory":false,"max_hp_per_floor":[75,75,75,75,75,75,75,75,75,75,75,75,75,75,75,75,75,75,75,75,75,75,75,75,75,75,75],"card_choices":[{"not_picked":["Riddle With Holes","Outmaneuver"],"picked":"Bane","floor":1},{"not_picked":["Skewer","Flying Knee"],"picked":"Escape Plan","floor":2},{"not_picked":["Well Laid Plans","Bane"],"picked":"Deflect","floor":3},{"not_picked":["Cloak And Dagger","Backflip"],"picked":"Noxious Fumes","floor":4},{"not_picked":["Terror","Blade Dance"],"picked":"Blur","floor":6},{"not_picked":["Predator+1","PiercingWail"],"picked":"Dagger Throw+1","floor":7},{"not_picked":["Sucker Punch+1","Prepared"],"picked":"Noxious Fumes","floor":10},{"not_picked":["Flying Knee+1","Endless Agony+1"],"picked":"Poisoned Stab+1","floor":14},{"not_picked":["A Thousand Cuts","Die Die Die+1"],"picked":"Glass Knife+1","floor":16},{"not_picked":["PiercingWail","Deflect"],"picked":"Quick Slash+1","floor":18},{"not_picked":["Masterful Stab+1","Setup"],"picked":"Bane+1","floor":19},{"not_picked":["Blade Dance","Setup"],"picked":"Outmaneuver+1","floor":20},{"not_picked":["Outmaneuver","PiercingWail+1"],"picked":"Poisoned Stab+1","floor":22},{"not_picked":["Quick Slash+1","Flying Knee+1"],"picked":"Cloak And Dagger","floor":24},{"not_picked":["Underhanded Strike+1","Quick Slash+1","Deadly Poison"],"picked":"SKIP","floor":25}],"player_experience":448813,"relics_obtained":[{"floor":6,"key":"Molten Egg 2"},{"floor":9,"key":"Regal Pillow"},{"floor":10,"key":"Snake Skull"},{"floor":24,"key":"Smiling Mask"},{"floor":26,"key":"Frozen Egg 2"}],"event_choices":[{"damage_healed":0,"gold_gain":0,"player_choice":"Take Wound","damage_taken":0,"relics_obtained":["Golden Idol"],"max_hp_gain":0,"max_hp_loss":0,"event_name":"Golden Idol","floor":5,"gold_loss":0,"cards_obtained":["Injury"]},{"damage_healed":0,"gold_gain":66,"player_choice":"Gained Gold","damage_taken":0,"max_hp_gain":0,"max_hp_loss":0,"event_name":"Golden Wing","floor":8,"gold_loss":0},{"damage_healed":0,"gold_gain":0,"player_choice":"Joined the Cult","damage_taken":6,"max_hp_gain":0,"max_hp_loss":0,"event_name":"Nest","floor":21,"gold_loss":0,"cards_obtained":["RitualDagger"]}],"is_beta":false,"boss_relics":[{"not_picked":["Philosopher\u0027s Stone","WristBlade"],"picked":"Sozu"}],"items_purged_floors":[],"is_endless":false,"potions_floor_spawned":[1,3,7,14,18,20,22],"killed_by":"Snecko","ascension_level":4}