{"gold_per_floor":[117,128,146,164,178,208,208,241,241,10,24,24,24,57,57,155,155,137,62,62,62,79,79,93,93,93,109,109,121,121,138,138,243,293,306,249,262,278,291,291,308,308,308,308,308,308,708,722,722,722],"floor_reached":50,"playtime":4832,"items_purged":[],"score":516,"play_id":"761f1bbd-37a9-4f4c-b7eb-80d345b95f44","local_time":"20190829163834","is_ascension_mode":false,"campfire_choices":[{"floor":7,"key":"REST"},{"floor":13,"key":"REST"},{"floor":15,"key":"REST"},{"data":"Limit Break","floor":23,"key":"SMITH"},{"floor":25,"key":"REST"},{"data":"Heavy Blade","floor":28,"key":"SMITH"},{"floor":32,"key":"REST"},{"floor":40,"key":"REST"},{"floor":44,"key":"REST"},{"floor":46,"key":"RECALL"},{"floor":49,"key":"REST"}],"neow_cost":"NONE","seed_source_timestamp":149450866147800,"circlet_count":0,"master_deck":["Strike_R","Strike_R","Strike_R+1","Strike_R","Defend_R","Defend_R","Defend_R","Defend_R","Bash","Exhume","Inflame","Uppercut+1","Heavy Blade+1","Armaments","Pommel Strike","Metallicize","Limit Break+1","Inflame","Whirlwind","Iron Wave","Uppercut","Dark Shackles","Bash","Demon Form","Limit Break+1","Heavy Blade+1","Battle Trance+1","Shrug It Off","Offering","Parasite","Berserk+1","Intimidate"],"relics":["Black Blood","Happy Flower","PreservedInsect","Whetstone","Orichalcum","Frozen Egg 2","Vajra","Pen Nib","Tiny House","Oddly Smooth Stone","Old Coin"],"potions_floor_usage":[8,11,11,18,24,27,39,41,41,41,50],"damage_taken":[{"damage":2,"enemies":"Small Slimes","floor":1,"turns":3},{"damage":1,"enemies":"Cultist","floor":2,"turns":4},{"damage":0,"enemies":"2 Louse","floor":3,"turns":3},{"damage":15,"enemies":"Exordium Wildlife","floor":4,"turns":5},{"damage":14,"enemies":"Blue Slaver","floor":5,"turns":4},{"damage":23,"enemies":"Gremlin Nob","floor":6,"turns":4},{"damage":26,"enemies":"Lagavulin","floor":8,"turns":6},{"damage":32,"enemies":"Gremlin Gang","floor":11,"turns":5},{"damage":10,"enemies":"Gremlin Nob","floor":14,"turns":4},{"damage":16,"enemies":"Hexaghost","floor":16,"turns":9},{"damage":18,"enemies":"2 Thieves","floor":18,"turns":4},{"damage":12,"enemies":"Spheric Guardian","floor":22,"turns":4},{"damage":28,"enemies":"Centurion and Healer","floor":24,"turns":7},{"damage":8,"enemies":"Snake Plant","floor":27,"turns":3},{"damage":18,"enemies":"3 Cultists","floor":29,"turns":5},{"damage":6,"enemies":"Snecko","floor":31,"turns":3},{"damage":26,"enemies":"Champ","floor":33,"turns":6},{"damage":33,"enemies":"3 Darklings","floor":35,"turns":6},{"damage":16,"enemies":"3 Shapes","floor":37,"turns":4},{"damage":8,"enemies":"Writhing Mass","floor":38,"turns":6},{"damage":27,"enemies":"4 Shapes","floor":39,"turns":7},{"damage":46,"enemies":"Jaw Worm Horde","floor":41,"turns":5},{"damage":27,"enemies":"Mind Bloom Boss Battle","floor":47,"turns":8},{"damage":14,"enemies":"Spire Growth","floor":48,"turns":4},{"damage":77,"enemies":"Awakened One","floor":50,"turns":5}],"seed_played":"-1971637458977406574","potions_obtained":[{"floor":1,"key":"Strength Potion"},{"floor":4,"key":"SkillPotion"},{"floor":6,"key":"Dexterity Potion"},{"floor":8,"key":"PowerPotion"},{"floor":16,"key":"SteroidPotion"},{"floor":22,"key":"SpeedPotion"},{"floor":27,"key":"Weak Potion"},{"floor":29,"key":"Explosive Potion"},{"floor":34,"key":"Weak Potion"},{"floor":39,"key":"Dexterity Potion"},{"floor":48,"key":"SkillPotion"}],"is_trial":false,"path_per_floor":["M","M","M","M","M","E","R","E","T","$","M","?","R","E","R","B",null,"M","?","?","?","M","R","M","R","T","M","R","M","T","M","R","B",null,"M","?","M","M","M","R","M","?","T","R","?","R","?","M","R","B"],"character_chosen":"IRONCLAD","items_purchased":["Limit Break","Inflame","Whirlwind"],"campfire_rested":8,"item_purchase_floors":[10,10,10],"current_hp_per_floor":[80,80,80,71,63,46,70,50,50,50,24,24,48,44,68,58,80,72,72,57,57,55,55,37,62,62,64,64,56,56,60,85,69,90,67,67,61,63,46,73,37,37,37,64,64,64,47,43,70,0],"gold":722,"neow_bonus":"ONE_RANDOM_RARE_CARD","is_prod":false,"is_daily":false,"chose_seed":false,"campfire_upgraded":2,"win_rate":0,"timestamp":1567093114,"path_taken":["M","M","M","M","M","E","R","E","T","$","M","?","R","E","R","BOSS","M","?","?","?","?","R","M","R","T","M","R","M","?","M","R","BOSS","M","?","?","M","M","R","M","?","T","R","?","R","?","M","R","BOSS"],"build_version":"2019-07-17","purchased_purges":0,"victory":false,"max_hp_per_floor":[80,80,80,80,80,80,80,80,80,80,80,80,80,80,80,80,80,80,80,85,85,85,85,85,85,85,85,85,85,85,85,85,85,90,90,90,90,90,90,90,90,90,90,90,90,90,90,90,90,90],"card_choices":[{"not_picked":["Perfected Strike","Headbutt"],"picked":"Inflame","floor":1},{"not_picked":["Second Wind","Rupture"],"picked":"Uppercut","floor":2},{"not_picked":["Intimidate","Clothesline"],"picked":"Heavy Blade","floor":3},{"not_picked":["Body Slam","Rupture","Perfected Strike"],"picked":"SKIP","floor":4},{"not_picked":["Flame Barrier","Body Slam"],"picked":"Armaments","floor":5},{"not_picked":["Bloodletting","True Grit"],"picked":"Pommel Strike","floor":6},{"not_picked":["Iron Wave","Intimidate"],"picked":"Metallicize","floor":8},{"not_picked":["Sword Boomerang","Flame Barrier"],"picked":"Iron Wave","floor":11},{"not_picked":["Armaments","Havoc"],"picked":"Demon Form","floor":14},{"not_picked":["Demon Form","Feed"],"picked":"Limit Break","floor":16},{"not_picked":["Whirlwind+1","Inflame"],"picked":"Heavy Blade+1","floor":18},{"not_picked":["Flex","Perfected Strike+1","Corruption+1"],"picked":"SKIP","floor":22},{"not_picked":["Flex","Perfected Strike+1","Corruption+1"],"picked":"SKIP","floor":22},{"not_picked":["Headbutt+1","Warcry+1"],"picked":"Battle Trance+1","floor":24},{"not_picked":["Clash","Body Slam","Perfected Strike"],"picked":"SKIP","floor":27},{"not_picked":["Clash","Pommel Strike"],"picked":"Shrug It Off","floor":29},{"not_picked":["Heavy Blade","Battle Trance","Anger"],"picked":"SKIP","floor":31},{"not_picked":["Dark Embrace+1","Bludgeon"],"picked":"Offering","floor":33},{"not_picked":["Inflame+1","Cleave","Dual Wield+1"],"picked":"SKIP","floor":35},{"not_picked":["Cleave","Searing Blow+1","Uppercut+1"],"picked":"SKIP","floor":37},{"not_picked":["Clash","Body Slam+1"],"picked":"Berserk+1","floor":38},{"not_picked":["Perfected Strike","Heavy Blade+1","Bloodletting+1"],"picked":"SKIP","floor":39},{"not_picked":["Cleave","Perfected Strike"],"picked":"Intimidate","floor":41},{"not_picked":["Second Wind","True Grit","Sword Boomerang+1"],"picked":"SKIP","floor":48}],"player_experience":108989,"relics_obtained":[{"floor":6,"key":"Happy Flower"},{"floor":8,"key":"PreservedInsect"},{"floor":9,"key":"Whetstone"},{"floor":14,"key":"Orichalcum"},{"floor":26,"key":"Vajra"},{"floor":30,"key":"Pen Nib"},{"floor":47,"key":"Old Coin"}],"event_choices":[{"damage_healed":0,"gold_gain":0,"player_choice":"3 cards matched","damage_taken":0,"max_hp_gain":0,"max_hp_loss":0,"event_name":"Match and Keep!","floor":12,"gold_loss":0,"cards_obtained":["Uppercut","Dark Shackles","Bash"]},{"cards_removed":["Strike_R"],"damage_healed":0,"gold_gain":0,"player_choice":"Gave Gold","damage_taken":0,"max_hp_gain":0,"max_hp_loss":0,"event_name":"Beggar","floor":19,"gold_loss":75},{"damage_healed":0,"gold_gain":0,"player_choice":"Shed Blood","damage_taken":20,"max_hp_gain":5,"max_hp_loss":0,"event_name":"Forgotten Altar","floor":20,"gold_loss":0},{"damage_healed":0,"gold_gain":0,"player_choice":"Opened","damage_taken":0,"relics_obtained":["Frozen Egg 2"],"max_hp_gain":0,"max_hp_loss":0,"event_name":"The Mausoleum","floor":21,"gold_loss":0},{"damage_healed":0,"gold_gain":0,"player_choice":"Paid Gold","damage_taken":0,"relics_obtained":["Oddly Smooth Stone"],"max_hp_gain":0,"max_hp_loss":0,"event_name":"WeMeetAgain","floor":36,"gold_loss":57},{"damage_healed":0,"gold_gain":0,"player_choice":"Ignored","damage_taken":0,"max_hp_gain":0,"max_hp_loss":0,"event_name":"Mysterious Sphere","floor":42,"gold_loss":0},{"damage_healed":0,"gold_gain":0,"player_choice":"Memory 1","damage_taken":0,"max_hp_gain":0,"max_hp_loss":0,"event_name":"SensoryStone","floor":45,"gold_loss":0},{"damage_healed":0,"gold_gain":0,"player_choice":"Fight","damage_taken":0,"max_hp_gain":0,"max_hp_loss":0,"event_name":"MindBloom","floor":47,"gold_loss":0}],"is_beta":false,"boss_relics":[{"not_picked":["Pandora\u0027s Box","Astrolabe"],"picked":"Black Blood"},{"not_picked":["Runic Dome","Philosopher\u0027s Stone"],"picked":"Tiny House"}],"items_purged_floors":[],"is_endless":false,"potions_floor_spawned":[1,4,6,8,16,22,27,29,35,39,48],"killed_by":"Awakened One","ascension_level":0}