{"gold_per_floor":[109,109,120,131,29,29,60,72,128,128,128,128],"floor_reached":12,"playtime":537,"items_purged":[],"score":148,"play_id":"507e17c3-6c1f-4885-b4de-4a72539a733e","local_time":"20181228180205","is_ascension_mode":true,"campfire_choices":[{"data":"Neutralize","floor":6.0,"key":"SMITH"},{"floor":11,"key":"REST"}],"neow_cost":"NONE","seed_source_timestamp":665051092796119,"circlet_count":0,"master_deck":["AscendersBane","Defend_G","Defend_G","Defend_G","Defend_G","Defend_G","Strike_G","Strike_G","Strike_G","Strike_G","Strike_G","Survivor+1","Neutralize+1","Backflip+1","Skewer","Acrobatics","Mind Blast","Calculated Gamble","Quick Slash"],"special_seed":0,"relics":["Runic Pyramid","Strawberry","Tiny Chest","Golden Idol"],"potions_floor_usage":[7],"damage_taken":[{"damage":1.0,"enemies":"2 Louse","floor":1.0,"turns":4.0},{"damage":0.0,"enemies":"Small Slimes","floor":3.0,"turns":4.0},{"damage":0.0,"enemies":"Jaw Worm","floor":4.0,"turns":5.0},{"damage":19,"enemies":"Gremlin Nob","floor":7,"turns":5},{"damage":0,"enemies":"Looter","floor":8,"turns":4},{"damage":47,"enemies":"Lagavulin","floor":12,"turns":11}],"seed_played":"-7747156222907694314","potions_obtained":[{"floor":4.0,"key":"Ancient Potion"}],"is_trial":false,"path_per_floor":["M","?","M","M","$","R","E","M","T","?","R","E"],"character_chosen":"THE_SILENT","items_purchased":["Mind Blast"],"campfire_rested":1,"item_purchase_floors":[5],"current_hp_per_floor":[58,38,38,38,38,38,26,26,26,26,45,0],"gold":128,"neow_bonus":"BOSS_RELIC","is_prod":false,"is_daily":false,"chose_seed":false,"campfire_upgraded":1,"win_rate":0,"timestamp":1546038125,"path_taken":["M","?","M","M","$","R","E","M","T","?","R","E"],"build_version":"2018-12-20","purchased_purges":0,"victory":false,"max_hp_per_floor":[66,66,66,66,66,66,73,73,73,66,66,66],"card_choices":[{"not_picked":["Prepared","Poisoned Stab"],"picked":"Backflip","floor":1.0},{"not_picked":["Backflip","Poisoned Stab"],"picked":"Skewer","floor":3.0},{"not_picked":["Blur","Bane"],"picked":"Acrobatics","floor":4.0},{"not_picked":["Predator","Blade Dance"],"picked":"Calculated Gamble","floor":7},{"not_picked":["Slice","Expertise"],"picked":"Quick Slash","floor":8}],"player_experience":1063509,"relics_obtained":[{"floor":7,"key":"Strawberry"},{"floor":9,"key":"Tiny Chest"}],"event_choices":[{"damage_healed":0.0,"max_hp_gain":0.0,"max_hp_loss":0.0,"gold_gain":0.0,"event_name":"Shining Light","player_choice":"Entered Light","floor":2.0,"gold_loss":0.0,"damage_taken":20.0,"cards_upgraded":["Survivor","Backflip"]},{"damage_healed":0,"gold_gain":0,"player_choice":"Lose Max HP","damage_taken":0,"relics_obtained":["Golden Idol"],"max_hp_gain":0,"max_hp_loss":7,"event_name":"Golden Idol","floor":10,"gold_loss":0}],"is_beta":false,"boss_relics":[],"items_purged_floors":[],"is_endless":false,"potions_floor_spawned":[4],"killed_by":"Lagavulin","ascension_level":18}