{"gold_per_floor":[110,110,129,146,164,164,175,175,175,237,284,284,284,317,317,317],"floor_reached":16,"playtime":382,"items_purged":[],"score":162,"play_id":"b75bc5c3-ee13-4b66-9882-428d4e045c5a","local_time":"20190502150836","is_ascension_mode":true,"campfire_choices":[{"data":"Zap","floor":6,"key":"SMITH"},{"data":"Stack","floor":8,"key":"SMITH"},{"data":"Sunder","floor":12,"key":"SMITH"},{"data":"White Noise","floor":15,"key":"SMITH"}],"neow_cost":"NONE","seed_source_timestamp":14127468671545,"circlet_count":0,"master_deck":["Strike_B","Strike_B","Strike_B","Strike_B","Defend_B","Defend_B","Defend_B+1","Defend_B","Zap+1","Dualcast","Cold Snap+1","Conserve Battery","White Noise+1","Stack+1","Melter","Sunder+1","Turbo"],"relics":["Cracked Core","NeowsBlessing","Oddly Smooth Stone","Tiny Chest","PreservedInsect","Blue Candle","Letter Opener"],"potions_floor_usage":[5],"damage_taken":[{"damage":0,"enemies":"Small Slimes","floor":1,"turns":1},{"damage":0,"enemies":"Jaw Worm","floor":3,"turns":1},{"damage":0,"enemies":"Cultist","floor":4,"turns":1},{"damage":13,"enemies":"Lots of Slimes","floor":5,"turns":3},{"damage":0,"enemies":"Looter","floor":7,"turns":3},{"damage":0,"enemies":"Lagavulin","floor":10,"turns":5},{"damage":2,"enemies":"3 Sentries","floor":14,"turns":3},{"damage":46,"enemies":"Hexaghost","floor":16,"turns":9}],"seed_played":"-3631139940159769543","potions_obtained":[{"floor":3,"key":"LiquidBronze"},{"floor":4,"key":"Energy Potion"},{"floor":10,"key":"Energy Potion"}],"is_trial":false,"path_per_floor":["M","?","M","M","M","R","M","R","T","E","T","R","T","E","R","B"],"character_chosen":"DEFECT","items_purchased":[],"campfire_rested":0,"item_purchase_floors":[],"current_hp_per_floor":[75,60,60,60,47,47,47,47,47,47,47,47,47,45,45,0],"gold":317,"neow_bonus":"THREE_ENEMY_KILL","is_prod":false,"is_daily":false,"chose_seed":false,"campfire_upgraded":4,"win_rate":0,"timestamp":1556773716,"path_taken":["M","?","M","M","M","R","M","R","T","E","?","R","?","E","R","BOSS"],"build_version":"2019-01-23","purchased_purges":0,"victory":false,"max_hp_per_floor":[75,75,75,75,75,75,75,75,75,75,75,75,75,75,75,75],"card_choices":[{"not_picked":["Gash","Scrape"],"picked":"Cold Snap","floor":1},{"not_picked":["Chaos","Turbo"],"picked":"Conserve Battery","floor":3},{"not_picked":["Ball Lightning","Coolheaded"],"picked":"White Noise","floor":4},{"not_picked":["Steam","Ball Lightning"],"picked":"Stack","floor":5},{"not_picked":["Chaos","Cold Snap"],"picked":"Melter","floor":7},{"not_picked":["Redo","Force Field"],"picked":"Sunder","floor":10},{"not_picked":["Reinforced Body","Steam"],"picked":"Turbo","floor":14}],"player_experience":581221,"relics_obtained":[{"floor":9,"key":"Oddly Smooth Stone"},{"floor":10,"key":"Tiny Chest"},{"floor":11,"key":"PreservedInsect"},{"floor":13,"key":"Blue Candle"},{"floor":14,"key":"Letter Opener"}],"event_choices":[{"damage_healed":0,"gold_gain":0,"player_choice":"Entered Light","damage_taken":15,"max_hp_gain":0,"max_hp_loss":0,"event_name":"Shining Light","floor":2,"gold_loss":0,"cards_upgraded":["Defend_B","Cold Snap"]}],"is_beta":false,"boss_relics":[],"items_purged_floors":[],"is_endless":false,"potions_floor_spawned":[3,4,10],"killed_by":"Hexaghost","ascension_level":4}