{"gold_per_floor":[117,130,145,155,155,155,155,155,155,169,169],"floor_reached":11,"playtime":434,"items_purged":[],"score":130,"play_id":"a80a7fee-5980-49d3-9ef7-580cd1b7e2a8","local_time":"20190220191848","is_ascension_mode":true,"campfire_choices":[{"data":"Dagger Spray","floor":6,"key":"SMITH"},{"floor":8,"key":"REST"}],"neow_cost":"NONE","seed_source_timestamp":77872645561248,"circlet_count":0,"master_deck":["AscendersBane","Defend_G","Defend_G","Defend_G","Defend_G","Defend_G","Strike_G","Strike_G","Strike_G","Strike_G","Strike_G","Survivor","Neutralize+1","Blade Dance","Dagger Spray+1","Quick Slash","Flechettes","Footwork"],"relics":["Ring of the Snake","FaceOfCleric","Sundial"],"potions_floor_usage":[4],"damage_taken":[{"damage":2,"enemies":"Cultist","floor":1,"turns":5},{"damage":3,"enemies":"2 Louse","floor":2,"turns":4},{"damage":1,"enemies":"Small Slimes","floor":3,"turns":3},{"damage":39,"enemies":"Exordium Thugs","floor":4,"turns":7},{"damage":2,"enemies":"2 Fungi Beasts","floor":10,"turns":3},{"damage":40,"enemies":"Lagavulin Event","floor":11,"turns":6}],"seed_played":"-8434397218553544765","potions_obtained":[{"floor":1,"key":"EssenceOfSteel"}],"is_trial":false,"path_per_floor":["M","M","M","M","?","R","?","R","T","M","?"],"character_chosen":"THE_SILENT","items_purchased":[],"campfire_rested":1,"item_purchase_floors":[],"current_hp_per_floor":[57,54,53,14,19,19,19,40,40,39,0],"gold":169,"neow_bonus":"UPGRADE_CARD","is_prod":false,"is_daily":false,"chose_seed":false,"campfire_upgraded":1,"win_rate":0,"timestamp":1550708328,"path_taken":["M","M","M","?","?","R","?","R","T","?","?"],"build_version":"2019-01-23","purchased_purges":0,"victory":false,"max_hp_per_floor":[66,66,66,66,71,71,71,71,71,72,72],"card_choices":[{"not_picked":["Concentrate","Prepared"],"picked":"Blade Dance","floor":1},{"not_picked":["Dagger Throw","PiercingWail"],"picked":"Dagger Spray","floor":2},{"not_picked":["Backflip","Prepared"],"picked":"Quick Slash","floor":3},{"not_picked":["Acrobatics","All Out Attack"],"picked":"Flechettes","floor":4},{"not_picked":["Prepared","Calculated Gamble"],"picked":"Footwork","floor":10}],"player_experience":1188117,"relics_obtained":[{"floor":9,"key":"Sundial"}],"event_choices":[{"damage_healed":0,"gold_gain":0,"player_choice":"Donut","damage_taken":0,"max_hp_gain":5,"max_hp_loss":0,"event_name":"Big Fish","floor":5,"gold_loss":0},{"damage_healed":0,"gold_gain":0,"player_choice":"Trade","damage_taken":0,"relics_obtained":["FaceOfCleric"],"max_hp_gain":0,"max_hp_loss":0,"event_name":"FaceTrader","floor":7,"gold_loss":0},{"damage_healed":0,"gold_gain":0,"player_choice":"Searched \u00271\u0027 times","damage_taken":0,"max_hp_gain":0,"max_hp_loss":0,"event_name":"Dead Adventurer","floor":11,"gold_loss":0}],"is_beta":false,"boss_relics":[],"items_purged_floors":[],"is_endless":false,"potions_floor_spawned":[1],"killed_by":"Lagavulin Event","ascension_level":20}