{"gold_per_floor":[114,114,137,162,182,182,218,218,296,296,139,175,9,9,9,9],"floor_reached":16,"playtime":495,"items_purged":["Injury"],"score":205,"play_id":"87c71803-2651-4a9a-9358-fb55522e9d2d","local_time":"20190811162948","is_ascension_mode":true,"campfire_choices":[{"data":"Pommel Strike","floor":6,"key":"SMITH"},{"floor":8,"key":"REST"},{"data":"Bash","floor":10,"key":"SMITH"},{"data":"Flame Barrier","floor":15,"key":"SMITH"}],"neow_cost":"NONE","seed_source_timestamp":32931371229032,"circlet_count":0,"master_deck":["AscendersBane","Strike_R","Strike_R","Strike_R","Strike_R","Strike_R","Defend_R","Defend_R","Defend_R","Defend_R","Bash+1","Pommel Strike+1","Cleave","Flame Barrier+1","Immolate","Dropkick","Shrug It Off","Twin Strike","Thunderclap"],"relics":["Burning Blood","NeowsBlessing","Golden Idol","Incense Burner","Mercury Hourglass","PreservedInsect","Strawberry"],"potions_floor_usage":[7,12],"damage_taken":[{"damage":0,"enemies":"Jaw Worm","floor":1,"turns":1},{"damage":0,"enemies":"2 Louse","floor":3,"turns":1},{"damage":0,"enemies":"Small Slimes","floor":4,"turns":1},{"damage":22,"enemies":"3 Louse","floor":5,"turns":3},{"damage":53,"enemies":"3 Sentries","floor":7,"turns":9},{"damage":22,"enemies":"Lagavulin","floor":12,"turns":6},{"damage":54,"enemies":"The Guardian","floor":16,"turns":14}],"seed_played":"2391453785242651876","potions_obtained":[{"floor":1,"key":"Fire Potion"},{"floor":4,"key":"Strength Potion"}],"is_trial":false,"path_per_floor":["M","?","M","M","M","R","E","R","T","R","$","E","$","?","R","B"],"character_chosen":"IRONCLAD","items_purchased":["Shrug It Off","Twin Strike","Strawberry"],"campfire_rested":1,"item_purchase_floors":[11,11,13],"current_hp_per_floor":[74,74,75,75,59,59,12,34,34,34,34,18,25,52,52,0],"gold":9,"neow_bonus":"THREE_ENEMY_KILL","is_prod":false,"is_daily":false,"chose_seed":false,"campfire_upgraded":3,"win_rate":0,"timestamp":1565504988,"path_taken":["M","?","M","M","M","R","E","R","T","R","$","E","$","?","R","BOSS"],"build_version":"2019-07-17","purchased_purges":1,"victory":false,"max_hp_per_floor":[75,75,75,75,75,75,75,75,75,75,75,75,82,82,82,82],"card_choices":[{"not_picked":["Fire Breathing","Wild Strike"],"picked":"Pommel Strike","floor":1},{"not_picked":["True Grit","Havoc"],"picked":"Cleave","floor":3},{"not_picked":["Body Slam","Wild Strike"],"picked":"Flame Barrier","floor":4},{"not_picked":["Metallicize","Sentinel"],"picked":"Immolate","floor":5},{"not_picked":["Hemokinesis","Searing Blow"],"picked":"Dropkick","floor":7},{"not_picked":["Sentinel","Sword Boomerang"],"picked":"Thunderclap","floor":12}],"player_experience":1202247,"relics_obtained":[{"floor":7,"key":"Incense Burner"},{"floor":9,"key":"Mercury Hourglass"},{"floor":12,"key":"PreservedInsect"}],"event_choices":[{"damage_healed":0,"gold_gain":0,"player_choice":"Take Wound","damage_taken":0,"relics_obtained":["Golden Idol"],"max_hp_gain":0,"max_hp_loss":0,"event_name":"Golden Idol","floor":2,"gold_loss":0,"cards_obtained":["Injury"]},{"damage_healed":27,"gold_gain":0,"player_choice":"Banana","damage_taken":0,"max_hp_gain":0,"max_hp_loss":0,"event_name":"Big Fish","floor":14,"gold_loss":0}],"is_beta":false,"boss_relics":[],"items_purged_floors":[11],"is_endless":false,"potions_floor_spawned":[1,4],"killed_by":"The Guardian","ascension_level":18}