{"gold_per_floor":[109,126,17,17,33,33,48,80,162,189,208,221,221,246,246,317,317,327,341,359,33,45,45,61,61,61,61,93,93,118,136,136,211,211,228,238,258,276,286,319,319,334,408,426,426,452,452,462,462,462],"floor_reached":50,"playtime":4521,"items_purged":["Injury"],"score":1045,"play_id":"f9e53fc0-37fd-4dd7-acd7-95ca9f1dd67c","local_time":"20190520055228","is_ascension_mode":true,"campfire_choices":[{"data":"Bash","floor":6.0,"key":"SMITH"},{"data":"Shrug It Off","floor":13.0,"key":"SMITH"},{"floor":15.0,"key":"REST"},{"floor":23.0,"key":"REST"},{"data":"Corruption","floor":25.0,"key":"SMITH"},{"data":"Whirlwind","floor":32.0,"key":"SMITH"},{"data":"Dark Embrace","floor":41.0,"key":"SMITH"},{"floor":45.0,"key":"REST"},{"floor":49,"key":"RECALL"}],"neow_cost":"CURSE","seed_source_timestamp":29317937158731,"circlet_count":0,"master_deck":["AscendersBane","Strike_R+1","Strike_R+1","Strike_R+1","Strike_R+1","Defend_R+1","Defend_R+1","Defend_R+1","Bash+1","Pummel","Carnage+1","Rage","Inflame","Sever Soul","Corruption+1","Shrug It Off+1","Sentinel","Feel No Pain","Sentinel","Exhume","Battle Trance","Dark Embrace+1","Pommel Strike","Thinking Ahead","Ghostly Armor+1","Intimidate+1","Whirlwind+1","Flame Barrier","Feed","Thunderclap+1","Disarm","Disarm","Disarm","Corruption","True Grit+1","Writhe","Flex+1"],"special_seed":0,"relics":["Black Blood","Ice Cream","Pear","Bag of Marbles","Odd Mushroom","Mark of Pain","Bag of Preparation","Gremlin Horn","Ornamental Fan","Dodecahedron","Meat on the Bone","Prayer Wheel"],"potions_floor_usage":[48],"damage_taken":[{"damage":12.0,"enemies":"Jaw Worm","floor":1.0,"turns":3.0},{"damage":1.0,"enemies":"Cultist","floor":2.0,"turns":3.0},{"damage":1.0,"enemies":"Small Slimes","floor":5.0,"turns":3.0},{"damage":0.0,"enemies":"Looter","floor":7.0,"turns":2.0},{"damage":37.0,"enemies":"Gremlin Nob","floor":8.0,"turns":5.0},{"damage":15.0,"enemies":"3 Sentries","floor":10.0,"turns":6.0},{"damage":15.0,"enemies":"Lots of Slimes","floor":11.0,"turns":5.0},{"damage":0.0,"enemies":"2 Fungi Beasts","floor":12.0,"turns":3.0},{"damage":9.0,"enemies":"The Mushroom Lair","floor":14.0,"turns":3.0},{"damage":10.0,"enemies":"The Guardian","floor":16.0,"turns":10.0},{"damage":0.0,"enemies":"Shell Parasite","floor":18.0,"turns":6.0},{"damage":20.0,"enemies":"Chosen","floor":19.0,"turns":6.0},{"damage":36.0,"enemies":"Snake Plant","floor":20.0,"turns":4.0},{"damage":6.0,"enemies":"3 Cultists","floor":22.0,"turns":6.0},{"damage":0.0,"enemies":"Centurion and Healer","floor":24.0,"turns":5.0},{"damage":5.0,"enemies":"Slavers","floor":28.0,"turns":5.0},{"damage":0.0,"enemies":"Gremlin Leader","floor":30.0,"turns":6.0},{"damage":9.0,"enemies":"Snake Plant","floor":31.0,"turns":3.0},{"damage":35.0,"enemies":"Collector","floor":33.0,"turns":7.0},{"damage":0.0,"enemies":"Orb Walker","floor":35.0,"turns":3.0},{"damage":26.0,"enemies":"3 Shapes","floor":36.0,"turns":7.0},{"damage":38.0,"enemies":"Writhing Mass","floor":37.0,"turns":4.0},{"damage":3.0,"enemies":"Jaw Worm Horde","floor":38.0,"turns":4.0},{"damage":0.0,"enemies":"Spire Growth","floor":39.0,"turns":4.0},{"damage":39.0,"enemies":"Nemesis","floor":40.0,"turns":9.0},{"damage":29.0,"enemies":"Maw","floor":42.0,"turns":9.0},{"damage":3.0,"enemies":"4 Shapes","floor":44.0,"turns":7.0},{"damage":61.0,"enemies":"Giant Head","floor":46.0,"turns":8.0},{"damage":12,"enemies":"3 Darklings","floor":48,"turns":5},{"damage":89,"enemies":"Donu and Deca","floor":50,"turns":10}],"seed_played":"3274662926442282211","potions_obtained":[{"floor":2.0,"key":"EssenceOfSteel"},{"floor":5.0,"key":"Energy Potion"},{"floor":8.0,"key":"SteroidPotion"},{"floor":14.0,"key":"Weak Potion"},{"floor":16.0,"key":"GamblersBrew"},{"floor":18.0,"key":"GamblersBrew"},{"floor":19.0,"key":"LiquidBronze"},{"floor":31.0,"key":"Energy Potion"},{"floor":33.0,"key":"Dexterity Potion"},{"floor":35.0,"key":"FearPotion"},{"floor":36.0,"key":"BloodPotion"},{"floor":38.0,"key":"BloodPotion"},{"floor":44.0,"key":"Energy Potion"},{"floor":46.0,"key":"Swift Potion"}],"is_trial":false,"path_per_floor":["M","M","$","?","M","R","M","E","T","E","M","M","R","?","R","B",null,"M","M","M","$","M","R","M","R","T","?","E","?","E","M","R","B",null,"M","M","M","M","M","E","R","M","T","M","R","E","?","M","R","B"],"character_chosen":"IRONCLAD","items_purchased":["Sever Soul","Bag of Preparation","Thinking Ahead"],"campfire_rested":3,"item_purchase_floors":[3,21,21],"current_hp_per_floor":[62,67,67,67,72,72,75,44,54,45,36,42,42,39,64,60,79,85,71,41,41,41,66,72,72,72,72,73,78,84,81,81,52,77,85,72,52,65,75,58,58,51,51,64,94,55,81,79,79,0],"gold":462,"neow_bonus":"TRANSFORM_TWO_CARDS","is_prod":false,"is_daily":false,"chose_seed":false,"campfire_upgraded":5,"win_rate":0,"timestamp":1558345948,"path_taken":["M","M","$","?","?","R","?","E","T","E","M","M","R","?","R","BOSS","M","M","M","$","M","R","M","R","T","?","E","?","E","?","R","BOSS","M","M","M","M","M","E","R","M","T","M","R","E","?","M","R","BOSS"],"build_version":"2019-01-23","purchased_purges":1,"victory":false,"max_hp_per_floor":[75,75,75,75,75,75,75,75,85,85,85,85,85,85,85,85,85,85,85,85,85,85,85,85,85,85,85,85,85,85,85,85,85,85,85,88,88,94,94,97,97,97,97,103,103,103,103,103,103,106],"card_choices":[{"not_picked":["Disarm","Body Slam"],"picked":"Rage","floor":1.0},{"not_picked":["Armaments","True Grit"],"picked":"Inflame","floor":2.0},{"not_picked":["Shrug It Off","Bloodletting"],"picked":"Corruption","floor":5.0},{"not_picked":["Iron Wave","Battle Trance"],"picked":"Shrug It Off","floor":7.0},{"not_picked":["Flex","Pummel"],"picked":"Sentinel","floor":8.0},{"not_picked":["Headbutt","Sentinel"],"picked":"Feel No Pain","floor":10.0},{"not_picked":["Anger","Pommel Strike"],"picked":"Sentinel","floor":11.0},{"not_picked":["Cleave","Armaments"],"picked":"Exhume","floor":12.0},{"not_picked":["Pommel Strike","Pummel"],"picked":"Battle Trance","floor":14.0},{"not_picked":["Berserk","Brutality"],"picked":"Dark Embrace","floor":16.0},{"not_picked":["Iron Wave","Clash"],"picked":"Warcry","floor":18.0},{"not_picked":["Twin Strike","Body Slam"],"picked":"Pommel Strike","floor":19.0},{"not_picked":["Body Slam","Perfected Strike","Anger"],"picked":"SKIP","floor":20.0},{"not_picked":["Flex+1","Warcry"],"picked":"Ghostly Armor+1","floor":22.0},{"not_picked":["Dropkick","Flex"],"picked":"Intimidate+1","floor":24.0},{"not_picked":["Seeing Red","Sentinel"],"picked":"Whirlwind","floor":28.0},{"not_picked":["Double Tap","Armaments"],"picked":"Flame Barrier","floor":30.0},{"not_picked":["Heavy Blade+1","Rampage","Clash"],"picked":"SKIP","floor":31.0},{"not_picked":["Double Tap","Juggernaut"],"picked":"Feed","floor":33.0},{"not_picked":["Havoc","Carnage"],"picked":"Thunderclap+1","floor":35.0},{"not_picked":["Rage","Rupture+1"],"picked":"Disarm","floor":36.0},{"not_picked":["Headbutt","Rampage+1","Cleave"],"picked":"SKIP","floor":37.0},{"not_picked":["Uppercut","Iron Wave+1"],"picked":"Disarm","floor":38.0},{"not_picked":["Warcry","Body Slam","Power Through"],"picked":"SKIP","floor":39.0},{"not_picked":["Iron Wave","Juggernaut"],"picked":"Disarm","floor":40.0},{"not_picked":["Sever Soul","Twin Strike+1"],"picked":"Corruption","floor":42.0},{"not_picked":["Thunderclap+1","Reckless Charge"],"picked":"True Grit+1","floor":44.0},{"not_picked":["Dual Wield","Carnage","Pommel Strike"],"picked":"SKIP","floor":46.0},{"not_picked":["Flame Barrier","Warcry+1"],"picked":"Flex+1","floor":48},{"not_picked":["Cleave","Blood for Blood","Corruption"],"picked":"SKIP","floor":48}],"player_experience":1539180,"relics_obtained":[{"floor":8.0,"key":"Ice Cream"},{"floor":9.0,"key":"Pear"},{"floor":10.0,"key":"Bag of Marbles"},{"floor":14.0,"key":"Odd Mushroom"},{"floor":26.0,"key":"Gremlin Horn"},{"floor":28.0,"key":"Ornamental Fan"},{"floor":30.0,"key":"Dodecahedron"},{"floor":40.0,"key":"Meat on the Bone"},{"floor":46.0,"key":"Prayer Wheel"}],"event_choices":[{"damage_healed":0.0,"max_hp_gain":0.0,"max_hp_loss":0.0,"gold_gain":0.0,"event_name":"Accursed Blacksmith","player_choice":"Forge","floor":4.0,"gold_loss":0.0,"damage_taken":0.0,"cards_upgraded":["Carnage"]},{"damage_healed":0.0,"max_hp_gain":0.0,"max_hp_loss":0.0,"gold_gain":0.0,"event_name":"Mushrooms","player_choice":"Fought Mushrooms","floor":14.0,"gold_loss":0.0,"damage_taken":0.0},{"damage_healed":0.0,"max_hp_gain":0.0,"max_hp_loss":0.0,"gold_gain":0.0,"event_name":"Back to Basics","player_choice":"Simplicity","floor":27.0,"gold_loss":0.0,"damage_taken":0.0,"cards_upgraded":["Strike_R","Strike_R","Strike_R","Strike_R","Defend_R","Defend_R","Defend_R"]},{"cards_removed":["Warcry"],"damage_healed":5.0,"max_hp_gain":0.0,"max_hp_loss":0.0,"gold_gain":0.0,"event_name":"Bonfire Elementals","player_choice":"Offered Common","floor":29.0,"gold_loss":0.0,"damage_taken":0.0},{"cards_removed":["Warcry"],"damage_healed":5.0,"max_hp_gain":0.0,"max_hp_loss":0.0,"gold_gain":0.0,"event_name":"Bonfire Elementals","player_choice":"Offered Special","floor":29.0,"gold_loss":0.0,"damage_taken":0.0},{"damage_healed":26.0,"max_hp_gain":0.0,"max_hp_loss":0.0,"gold_gain":0.0,"event_name":"Winding Halls","player_choice":"Writhe","floor":47.0,"gold_loss":0.0,"damage_taken":0.0,"cards_obtained":["Writhe"]}],"is_beta":false,"boss_relics":[{"not_picked":["Lizard Tail","Astrolabe"],"picked":"Mark of Pain"},{"not_picked":["Eternal Feather","Calling Bell"],"picked":"Black Blood"}],"items_purged_floors":[3],"is_endless":false,"potions_floor_spawned":[2,5,8,14,16,18,19,31,33,35,36,38,44,46],"killed_by":"Donu and Deca","ascension_level":14}