{"gold_per_floor":[109,125,139,139,52,80,80,90,116,133,150,165,165,178,178,256,256,268,287,287,287,287],"floor_reached":22,"playtime":964,"items_purged":[],"score":371,"play_id":"8e74f884-79c7-43d2-a275-b3c7c0e1288f","local_time":"20190830124835","is_ascension_mode":true,"campfire_choices":[{"data":"Berserk","floor":7.0,"key":"SMITH"},{"floor":13,"key":"REST"},{"floor":15,"key":"REST"}],"neow_cost":"NONE","seed_source_timestamp":75818391397998,"circlet_count":0,"master_deck":["AscendersBane","Strike_R","Strike_R+1","Strike_R+1","Strike_R","Defend_R","Defend_R","Defend_R","Defend_R","Bash","Berserk+1","Clothesline","Battle Trance","Blood for Blood","Combust","Wild Strike","Evolve","Shrug It Off","Anger","Bludgeon","Disarm"],"special_seed":0,"relics":["Burning Blood","Whetstone","Omamori","Eternal Feather","Blood Vial"],"potions_floor_usage":[16],"damage_taken":[{"damage":15.0,"enemies":"2 Louse","floor":1.0,"turns":3.0},{"damage":10.0,"enemies":"Cultist","floor":2.0,"turns":4.0},{"damage":8.0,"enemies":"Small Slimes","floor":3.0,"turns":3.0},{"damage":18.0,"enemies":"Lagavulin","floor":6.0,"turns":6.0},{"damage":19.0,"enemies":"Blue Slaver","floor":8.0,"turns":3.0},{"damage":16.0,"enemies":"Large Slime","floor":10.0,"turns":4.0},{"damage":26.0,"enemies":"Exordium Thugs","floor":11.0,"turns":5.0},{"damage":10,"enemies":"2 Fungi Beasts","floor":12,"turns":3},{"damage":3,"enemies":"Exordium Wildlife","floor":14,"turns":3},{"damage":33,"enemies":"Hexaghost","floor":16,"turns":9},{"damage":30,"enemies":"Spheric Guardian","floor":18,"turns":4},{"damage":18,"enemies":"Chosen","floor":19,"turns":4},{"damage":30,"enemies":"Centurion and Healer","floor":22,"turns":4}],"seed_played":"2958051827228521015","potions_obtained":[{"floor":1.0,"key":"EssenceOfSteel"},{"floor":3.0,"key":"Dexterity Potion"},{"floor":6.0,"key":"FearPotion"},{"floor":10.0,"key":"FearPotion"},{"floor":14,"key":"SpeedPotion"}],"is_trial":false,"path_per_floor":["M","M","M","?","$","E","R","M","T","M","M","M","R","M","R","B",null,"M","M","?","?","M"],"character_chosen":"IRONCLAD","items_purchased":["BloodPotion"],"campfire_rested":2,"item_purchase_floors":[5],"current_hp_per_floor":[59,55,53,53,53,41,41,28,28,18,16,12,34,37,59,32,64,40,28,28,28,0],"gold":287,"neow_bonus":"ONE_RANDOM_RARE_CARD","is_prod":false,"is_daily":false,"chose_seed":false,"campfire_upgraded":1,"win_rate":0,"timestamp":1567133315,"path_taken":["M","M","M","?","?","E","R","M","T","M","?","M","R","M","R","BOSS","M","?","?","?","M"],"build_version":"2019-07-17","purchased_purges":0,"victory":false,"max_hp_per_floor":[75,75,75,75,75,75,75,75,75,75,75,75,75,75,75,75,75,75,75,75,75,75],"card_choices":[{"not_picked":["Rupture","Burning Pact"],"picked":"Clothesline","floor":1.0},{"not_picked":["Thunderclap","Cleave"],"picked":"Battle Trance","floor":2.0},{"not_picked":["Burning Pact","Fire Breathing"],"picked":"Blood for Blood","floor":3.0},{"not_picked":["Perfected Strike","Warcry"],"picked":"Wild Strike","floor":6.0},{"not_picked":["Iron Wave","Combust","Heavy Blade"],"picked":"SKIP","floor":8.0},{"not_picked":["Searing Blow","Wild Strike"],"picked":"Evolve","floor":10.0},{"not_picked":["Thunderclap","Heavy Blade","Sword Boomerang"],"picked":"SKIP","floor":11.0},{"not_picked":["Armaments","Body Slam"],"picked":"Shrug It Off","floor":12},{"not_picked":["Dual Wield","Blood for Blood"],"picked":"Anger","floor":14},{"not_picked":["Barricade","Limit Break"],"picked":"Bludgeon","floor":16},{"not_picked":["Perfected Strike","Anger","Hemokinesis"],"picked":"SKIP","floor":18},{"not_picked":["Combust","Clash"],"picked":"Disarm","floor":19}],"player_experience":1231165,"relics_obtained":[{"floor":6.0,"key":"Whetstone"},{"floor":9.0,"key":"Omamori"}],"event_choices":[{"damage_healed":0.0,"max_hp_gain":0.0,"max_hp_loss":0.0,"gold_gain":0.0,"cards_transformed":["Strike_R"],"event_name":"Transmorgrifier","player_choice":"Transformed","floor":4.0,"gold_loss":0.0,"damage_taken":0.0,"cards_obtained":["Combust"]},{"damage_healed":0,"gold_gain":0,"player_choice":"Smashed Altar","damage_taken":0,"max_hp_gain":0,"max_hp_loss":0,"event_name":"Forgotten Altar","floor":20,"gold_loss":0,"cards_obtained":["Decay"]},{"damage_healed":0,"gold_gain":0,"player_choice":"Stole Relic","damage_taken":0,"relics_obtained":["Blood Vial"],"max_hp_gain":0,"max_hp_loss":0,"event_name":"Addict","floor":21,"gold_loss":0,"cards_obtained":["Shame"]}],"is_beta":false,"boss_relics":[{"not_picked":["Lizard Tail","Black Blood"],"picked":"Eternal Feather"}],"items_purged_floors":[],"is_endless":false,"potions_floor_spawned":[1,3,6,10,14],"killed_by":"Centurion and Healer","ascension_level":19}