{"gold_per_floor":[119,44,61,61,79,79,109,109,177,211,231,127,142,176,176,250,250,264,283,301,312,100,125,125,156,194,206,218],"floor_reached":28,"playtime":1379,"items_purged":[],"score":556,"play_id":"f1b6c6a4-006f-4584-a14c-e2e8ab065b0d","local_time":"20190814223225","is_ascension_mode":true,"campfire_choices":[{"data":"Beam Cell","floor":6,"key":"SMITH"},{"floor":15,"key":"REST"},{"floor":24,"key":"REST"},{"data":"Reboot","floor":27,"key":"SMITH"}],"neow_cost":"NONE","seed_source_timestamp":1579973124251883,"circlet_count":0,"master_deck":["AscendersBane","Zap","Dualcast","Sunder+1","Rip and Tear","Beam Cell+1","All For One","Reboot+1","Scrape","Go for the Eyes","Core Surge","Biased Cognition","Doom and Gloom","Defragment","Reinforced Body","Blizzard","FTL","Streamline","Glacier","Go for the Eyes+1","Turbo","Leap+1","Stack"],"special_seed":0,"relics":["Cracked Core","NeowsBlessing","Boot","Sundial","Question Card","Dead Branch","Vajra","Emotion Chip","Pandora\u0027s Box","Toolbox","Calipers","MawBank","PreservedInsect"],"potions_floor_usage":[7,14,18,19],"damage_taken":[{"damage":0.0,"enemies":"Small Slimes","floor":1.0,"turns":1.0},{"damage":0.0,"enemies":"Cultist","floor":3.0,"turns":1.0},{"damage":0,"enemies":"2 Louse","floor":5,"turns":1},{"damage":6,"enemies":"Gremlin Nob","floor":7,"turns":3},{"damage":25,"enemies":"Lagavulin","floor":10,"turns":4},{"damage":1,"enemies":"Lots of Slimes","floor":11,"turns":3},{"damage":16,"enemies":"Exordium Wildlife","floor":13,"turns":3},{"damage":8,"enemies":"Gremlin Nob","floor":14,"turns":3},{"damage":21,"enemies":"Hexaghost","floor":16,"turns":6},{"damage":0,"enemies":"Spheric Guardian","floor":18,"turns":2},{"damage":0,"enemies":"Chosen","floor":19,"turns":3},{"damage":19,"enemies":"Shelled Parasite and Fungi","floor":20,"turns":3},{"damage":0,"enemies":"Snecko","floor":21,"turns":6},{"damage":21,"enemies":"Slavers","floor":23,"turns":5},{"damage":10,"enemies":"Book of Stabbing","floor":25,"turns":4},{"damage":33,"enemies":"Gremlin Leader","floor":28,"turns":3}],"seed_played":"-824518871045421804","potions_obtained":[{"floor":1.0,"key":"Swift Potion"},{"floor":7,"key":"Ancient Potion"},{"floor":11,"key":"FocusPotion"},{"floor":16,"key":"Regen Potion"},{"floor":19,"key":"SteroidPotion"},{"floor":21,"key":"SpeedPotion"}],"is_trial":false,"path_per_floor":["M","?","M","?","M","R","E","T","T","E","M","?","M","E","R","B",null,"M","M","M","M","$","E","R","E","T","R","E"],"character_chosen":"DEFECT","items_purchased":["Toolbox"],"campfire_rested":2,"item_purchase_floors":[22],"current_hp_per_floor":[64,64,64,64,64,64,58,58,58,33,32,32,16,8,29,8,55,60,60,41,41,41,20,41,31,31,31,0],"gold":218,"neow_bonus":"THREE_ENEMY_KILL","is_prod":false,"is_daily":false,"chose_seed":false,"campfire_upgraded":2,"win_rate":0,"timestamp":1565836345,"path_taken":["M","?","M","?","?","R","E","?","T","E","M","?","M","E","R","BOSS","M","M","M","?","$","E","R","E","T","R","E"],"build_version":"2019-07-17","purchased_purges":0,"victory":false,"max_hp_per_floor":[71,71,71,71,71,71,71,71,71,71,71,71,71,71,71,71,71,71,71,71,71,71,71,71,71,71,71,71],"card_choices":[{"not_picked":["Skim","Rebound"],"picked":"Sunder","floor":1.0},{"not_picked":["Darkness","Rebound"],"picked":"Rip and Tear","floor":3},{"not_picked":["Tempest","Fission"],"picked":"Beam Cell","floor":5},{"not_picked":["Leap","Beam Cell"],"picked":"All For One","floor":7},{"not_picked":["Coolheaded","Gash","Ball Lightning"],"picked":"Reboot","floor":10},{"not_picked":["Streamline","Compile Driver","Sweeping Beam"],"picked":"Scrape","floor":11},{"not_picked":["Steam","Fusion","Capacitor"],"picked":"Go for the Eyes","floor":13},{"not_picked":["Conserve Battery","Coolheaded","Compile Driver"],"picked":"Core Surge","floor":14},{"not_picked":["All For One","Rainbow","Hyperbeam"],"picked":"Biased Cognition","floor":16},{"not_picked":["Coolheaded","Compile Driver","Cold Snap"],"picked":"Go for the Eyes+1","floor":18},{"not_picked":["Beam Cell+1","Steam","Ball Lightning"],"picked":"Turbo","floor":19},{"not_picked":["Tempest+1","Consume","Compile Driver"],"picked":"Leap+1","floor":20},{"not_picked":["Scrape","Skim","Compile Driver"],"picked":"Stack","floor":21},{"not_picked":["Streamline+1","Sweeping Beam","Force Field","FTL"],"picked":"SKIP","floor":23},{"not_picked":["Ball Lightning","Rip and Tear","Lockon","Barrage"],"picked":"SKIP","floor":25}],"player_experience":1803209,"relics_obtained":[{"floor":7,"key":"Boot"},{"floor":8,"key":"Sundial"},{"floor":9,"key":"Question Card"},{"floor":10,"key":"Dead Branch"},{"floor":14,"key":"Emotion Chip"},{"floor":23,"key":"Calipers"},{"floor":25,"key":"MawBank"},{"floor":26,"key":"PreservedInsect"}],"event_choices":[{"cards_removed":["Strike_B"],"damage_healed":0.0,"max_hp_gain":0.0,"max_hp_loss":0.0,"gold_gain":0.0,"event_name":"The Cleric","player_choice":"Card Removal","floor":2.0,"gold_loss":75.0,"damage_taken":0.0},{"damage_healed":0,"gold_gain":0,"player_choice":"Upgraded","damage_taken":0,"max_hp_gain":0,"max_hp_loss":0,"event_name":"Upgrade Shrine","floor":4,"gold_loss":0,"cards_upgraded":["Sunder"]},{"damage_healed":0,"gold_gain":0,"player_choice":"Paid Gold","damage_taken":0,"relics_obtained":["Vajra"],"max_hp_gain":0,"max_hp_loss":0,"event_name":"WeMeetAgain","floor":12,"gold_loss":104}],"is_beta":false,"boss_relics":[{"not_picked":["Empty Cage","Busted Crown"],"picked":"Pandora\u0027s Box"}],"items_purged_floors":[],"is_endless":false,"potions_floor_spawned":[1,7,11,16,19,21,25],"killed_by":"Gremlin Leader","ascension_level":20}