{"gold_per_floor":[119,119,34,0,16,44,44,71,97,107,133,133,157,173,173,173],"floor_reached":16,"playtime":552,"items_purged":[],"score":236,"play_id":"d6101c2e-076c-4776-84e7-d1b881e014c4","local_time":"20190905203532","is_ascension_mode":true,"campfire_choices":[{"data":"Bash","floor":7,"key":"SMITH"},{"floor":12,"key":"REST"},{"floor":15,"key":"REST"}],"neow_cost":"NONE","seed_source_timestamp":30382220097135,"circlet_count":0,"master_deck":["AscendersBane","Strike_R","Strike_R+1","Strike_R","Strike_R","Strike_R","Defend_R","Defend_R","Defend_R","Defend_R","Bash+1","Sword Boomerang","Twin Strike+1","Shrug It Off","Clothesline","Feel No Pain","Flame Barrier","Pummel","Sentinel","Carnage"],"relics":["Burning Blood","Bag of Preparation","PreservedInsect","Mango","Bottled Tornado","Whetstone","Omamori","Potion Belt"],"potions_floor_usage":[6,11,16],"damage_taken":[{"damage":2,"enemies":"2 Louse","floor":1,"turns":3},{"damage":4,"enemies":"Small Slimes","floor":5,"turns":3},{"damage":37,"enemies":"Lagavulin","floor":6,"turns":8},{"damage":20,"enemies":"3 Sentries","floor":8,"turns":9},{"damage":11,"enemies":"Jaw Worm","floor":10,"turns":4},{"damage":18,"enemies":"Lagavulin","floor":11,"turns":5},{"damage":15,"enemies":"Looter","floor":14,"turns":4},{"damage":68,"enemies":"Slime Boss","floor":16,"turns":9}],"seed_played":"7158628169438052769","potions_obtained":[{"floor":1,"key":"Dexterity Potion"},{"floor":8,"key":"SkillPotion"},{"floor":14,"key":"EssenceOfSteel"}],"is_trial":false,"path_per_floor":["M","?","$","?","M","E","R","E","T","M","E","R","T","M","R","B"],"character_chosen":"IRONCLAD","items_purchased":["Twin Strike","Shrug It Off"],"campfire_rested":2,"item_purchase_floors":[3,3],"current_hp_per_floor":[72,61,61,61,63,46,46,32,32,27,15,41,41,32,58,0],"gold":173,"neow_bonus":"RANDOM_COMMON_RELIC","is_prod":false,"is_daily":false,"chose_seed":false,"campfire_upgraded":1,"win_rate":0,"timestamp":1567679732,"path_taken":["M","?","$","?","M","E","R","E","T","M","E","R","?","M","R","BOSS"],"build_version":"2019-07-17","purchased_purges":0,"victory":false,"max_hp_per_floor":[75,75,75,75,75,89,89,89,89,89,89,89,89,89,89,89],"card_choices":[{"not_picked":["Ghostly Armor","Rage"],"picked":"Sword Boomerang","floor":1},{"not_picked":["Bloodletting","Heavy Blade"],"picked":"Clothesline","floor":5},{"not_picked":["Rage","Clothesline"],"picked":"Feel No Pain","floor":6},{"not_picked":["Thunderclap","Barricade"],"picked":"Flame Barrier","floor":8},{"not_picked":["Thunderclap","Warcry"],"picked":"Pummel","floor":10},{"not_picked":["Perfected Strike","Fire Breathing"],"picked":"Sentinel","floor":11},{"not_picked":["Burning Pact","Body Slam"],"picked":"Carnage","floor":14}],"player_experience":1241257,"relics_obtained":[{"floor":6,"key":"Mango"},{"floor":8,"key":"Bottled Tornado"},{"floor":9,"key":"Whetstone"},{"floor":11,"key":"Omamori"},{"floor":13,"key":"Potion Belt"}],"event_choices":[{"damage_healed":0,"gold_gain":0,"player_choice":"Success","damage_taken":11,"relics_obtained":["PreservedInsect"],"max_hp_gain":0,"max_hp_loss":0,"event_name":"Scrap Ooze","floor":2,"gold_loss":0},{"damage_healed":0,"gold_gain":0,"player_choice":"Left Gold","damage_taken":0,"max_hp_gain":0,"max_hp_loss":0,"event_name":"World of Goop","floor":4,"gold_loss":34}],"is_beta":false,"boss_relics":[],"items_purged_floors":[],"is_endless":false,"potions_floor_spawned":[1,8,14],"killed_by":"Slime Boss","ascension_level":20}