{"gold_per_floor":[20,20,44,68,83,83,96,96,96,96,116,116,116,132,132,262,262,275,275,275],"floor_reached":20,"playtime":1114,"items_purged":[],"score":249,"play_id":"348c601e-4aef-4f00-b692-3ffd817f3425","local_time":"20181107235601","is_ascension_mode":true,"campfire_choices":[{"data":"Turbo","floor":6,"key":"SMITH"},{"data":"White Noise","floor":8,"key":"SMITH"},{"data":"Fusion","floor":12,"key":"SMITH"},{"data":"Meteor Strike","floor":15,"key":"SMITH"}],"neow_cost":"NO_GOLD","seed_source_timestamp":965459534631947,"circlet_count":0,"master_deck":["AscendersBane","Defend_B","Defend_B","Zap","Dualcast","Meteor Strike+1","White Noise+1","Rebound","Gash","Turbo+1","Echo Form","Fusion+1","Leap","Leap","Blizzard"],"relics":["Cracked Core","Golden Idol","Bottled Lightning","Philosopher\u0027s Stone"],"potions_floor_usage":[7,14,16,20],"damage_taken":[{"damage":0,"enemies":"Small Slimes","floor":1,"turns":3},{"damage":2,"enemies":"2 Louse","floor":3,"turns":2},{"damage":1,"enemies":"Cultist","floor":4,"turns":4},{"damage":14,"enemies":"3 Louse","floor":5,"turns":4},{"damage":5,"enemies":"2 Fungi Beasts","floor":7,"turns":3},{"damage":12,"enemies":"Looter","floor":11,"turns":4},{"damage":8,"enemies":"Large Slime","floor":14,"turns":9},{"damage":15,"enemies":"Slime Boss","floor":16,"turns":9},{"damage":20,"enemies":"Chosen","floor":18,"turns":6},{"damage":38,"enemies":"Colosseum Slavers","floor":20,"turns":2}],"seed_played":"-8792650671402884912","potions_obtained":[{"floor":1,"key":"SpeedPotion"},{"floor":5,"key":"Fire Potion"},{"floor":7,"key":"Weak Potion"},{"floor":11,"key":"PowerPotion"}],"is_trial":false,"path_per_floor":["M","?","M","M","M","R","M","R","T","?","M","R","?","M","R","B",null,"M","?","?"],"character_chosen":"DEFECT","items_purchased":[],"campfire_rested":0,"item_purchase_floors":[],"current_hp_per_floor":[68,68,66,65,51,51,46,46,46,46,34,34,34,26,26,11,55,35,35,0],"gold":275,"neow_bonus":"TRANSFORM_TWO_CARDS","is_prod":false,"is_daily":false,"chose_seed":false,"campfire_upgraded":4,"win_rate":0,"timestamp":1541652961,"path_taken":["M","?","M","M","M","R","M","R","T","?","M","R","?","?","R","BOSS","M","?","?"],"build_version":"2018-11-01","purchased_purges":0,"victory":false,"max_hp_per_floor":[75,69,69,69,69,69,69,69,69,69,69,69,69,69,69,69,69,69,69,69],"card_choices":[{"not_picked":["Defragment","Steam"],"picked":"Rebound","floor":1},{"not_picked":["Genetic Algorithm","Leap"],"picked":"Gash","floor":3},{"not_picked":["Consume","Ball Lightning"],"picked":"Turbo","floor":4},{"not_picked":["Sweeping Beam","Stack"],"picked":"Echo Form","floor":5},{"not_picked":["Undo","Sweeping Beam","Redo"],"picked":"SKIP","floor":7},{"not_picked":["Compile Driver","Cold Snap"],"picked":"Leap","floor":11},{"not_picked":["Core Surge","Stack","Rebound"],"picked":"SKIP","floor":14},{"not_picked":["Beam Cell","Reprogram+1","FTL"],"picked":"SKIP","floor":18}],"player_experience":639949,"relics_obtained":[{"floor":9,"key":"Bottled Lightning"}],"event_choices":[{"damage_healed":0,"gold_gain":0,"player_choice":"Lose Max HP","damage_taken":0,"relics_obtained":["Golden Idol"],"max_hp_gain":0,"max_hp_loss":6,"event_name":"Golden Idol","floor":2,"gold_loss":0},{"damage_healed":0,"gold_gain":0,"cards_transformed":["Strike_B"],"player_choice":"Change","damage_taken":0,"max_hp_gain":0,"max_hp_loss":0,"event_name":"Living Wall","floor":10,"gold_loss":0,"cards_obtained":["Fusion"]},{"cards_removed":["Strike_B"],"damage_healed":0,"gold_gain":0,"player_choice":"Purged","damage_taken":0,"max_hp_gain":0,"max_hp_loss":0,"event_name":"Purifier","floor":13,"gold_loss":0},{"damage_healed":0,"gold_gain":0,"cards_transformed":["Defend_B","Defend_B"],"player_choice":"Became Test Subject","damage_taken":0,"max_hp_gain":0,"max_hp_loss":0,"event_name":"Drug Dealer","floor":19,"gold_loss":0,"cards_obtained":["Leap","Blizzard"]},{"damage_healed":0,"gold_gain":0,"player_choice":"Fight","damage_taken":0,"max_hp_gain":0,"max_hp_loss":0,"event_name":"Colosseum","floor":20,"gold_loss":0}],"is_beta":false,"boss_relics":[{"not_picked":["Coffee Dripper","Fusion Hammer"],"picked":"Philosopher\u0027s Stone"}],"items_purged_floors":[],"is_endless":false,"potions_floor_spawned":[1,5,7,11],"killed_by":"Colosseum Slavers","ascension_level":10}