{"gold_per_floor":[115,88,88,88,163,163,163,163,163,194,212,15,26,26,26,125,125,138,155,155,173,184,184,204,220,220,319,335,335,335,335,335,431,431,443,168,268,268,84,84,84,96,120,133,133,133,133,150,150,150],"floor_reached":51,"playtime":7534,"items_purged":[],"score":668,"play_id":"eed943b3-2143-4875-8277-a3cf41cb3a1e","local_time":"20190910223631","is_ascension_mode":false,"campfire_choices":[{"data":"Stack","floor":6.0,"key":"SMITH"},{"floor":8.0,"key":"REST"},{"data":"Apotheosis","floor":15.0,"key":"SMITH"},{"floor":23.0,"key":"REST"},{"floor":29.0,"key":"REST"},{"floor":32.0,"key":"REST"},{"data":"Hologram","floor":40,"key":"SMITH"},{"floor":47,"key":"REST"},{"data":"Defragment","floor":49,"key":"SMITH"}],"neow_cost":"NONE","seed_source_timestamp":0,"circlet_count":0,"master_deck":["Strike_B","Strike_B","Strike_B","Strike_B","Defend_B+1","Defend_B","Defend_B","Defend_B","Zap","Dualcast","Stack+1","Redo","Gash","Reinforced Body","Apotheosis+1","Conserve Battery","Redo","Rainbow","Hologram+1","Genetic Algorithm","Stack","Coolheaded","Cold Snap","Go for the Eyes","Cold Snap","Gash","Reprogram","Gash","White Noise","Redo","All For One","Amplify","Reinforced Body","All For One","Conserve Battery","Recycle","Writhe","Defragment+1","Stack","Go for the Eyes","Conserve Battery","Finesse","Stack+1","FTL+1","Glacier"],"special_seed":0,"relics":["Cracked Core","Juzu Bracelet","Kunai","Centennial Puzzle","Thread and Needle","Orrery","Enchiridion","WingedGreaves","Nuclear Battery","Ice Cream","Vajra"],"potions_floor_usage":[],"damage_taken":[{"damage":0.0,"enemies":"Small Slimes","floor":1.0,"turns":3.0},{"damage":17.0,"enemies":"Lagavulin","floor":10.0,"turns":7.0},{"damage":2.0,"enemies":"Jaw Worm","floor":11.0,"turns":3.0},{"damage":0.0,"enemies":"Cultist","floor":13.0,"turns":4.0},{"damage":21.0,"enemies":"The Guardian","floor":16.0,"turns":11.0},{"damage":0.0,"enemies":"Chosen","floor":18.0,"turns":6.0},{"damage":15.0,"enemies":"3 Byrds","floor":19.0,"turns":6.0},{"damage":13.0,"enemies":"Cultist and Chosen","floor":21.0,"turns":8.0},{"damage":0.0,"enemies":"Sentry and Sphere","floor":22.0,"turns":7.0},{"damage":0.0,"enemies":"Snecko","floor":24.0,"turns":7.0},{"damage":18.0,"enemies":"Cultist and Chosen","floor":25.0,"turns":9.0},{"damage":21.0,"enemies":"Chosen and Byrds","floor":28.0,"turns":8.0},{"damage":25.0,"enemies":"Automaton","floor":33.0,"turns":9.0},{"damage":4.0,"enemies":"Orb Walker","floor":35.0,"turns":4.0},{"damage":0.0,"enemies":"Mind Bloom Boss Battle","floor":37.0,"turns":7.0},{"damage":18,"enemies":"3 Darklings","floor":42,"turns":9},{"damage":0,"enemies":"Maw","floor":44,"turns":11},{"damage":5,"enemies":"Spire Growth","floor":48,"turns":6},{"damage":5,"enemies":"Awakened One","floor":50,"turns":21}],"seed_played":"-6563060629394490014","potions_obtained":[{"floor":11.0,"key":"GamblersBrew"},{"floor":13.0,"key":"Regen Potion"},{"floor":18.0,"key":"Strength Potion"},{"floor":35.0,"key":"Energy Potion"}],"is_trial":false,"path_per_floor":["M","$","?","T","?","R","?","R","T","E","M","$","M","?","R","B",null,"M","M","?","M","M","R","M","M","T","?","M","R","?","?","R","B",null,"M","$","?","?","$","R","?","M","T","M","?","?","R","M","R","B",null],"character_chosen":"DEFECT","items_purchased":["Redo","Apotheosis","Conserve Battery","Biased Cognition","All For One","Conserve Battery","Defragment","Stack","Go for the Eyes","Conserve Battery"],"campfire_rested":5,"item_purchase_floors":[2,12,12,36,36,36,39,39,39,39],"current_hp_per_floor":[75,75,63,63,52,52,52,74,74,57,55,55,55,55,55,34,75,75,60,44,31,31,53,53,35,35,35,14,36,36,36,58,33,75,71,71,71,75,75,75,75,57,57,57,57,57,75,70,70,65],"gold":150,"neow_bonus":"UPGRADE_CARD","is_prod":false,"is_daily":false,"chose_seed":false,"campfire_upgraded":4,"win_rate":0,"timestamp":1568165791,"path_taken":["M","$","?","?","?","R","?","R","T","E","M","$","M","?","R","BOSS","M","M","?","M","M","R","M","M","T","?","M","R","?","?","R","BOSS","M","$","?","?","?","R","?","M","T","M","?","?","R","M","R","BOSS"],"build_version":"2019-07-17","purchased_purges":0,"victory":true,"max_hp_per_floor":[75,75,75,75,75,75,75,75,75,75,75,75,75,75,75,75,75,75,75,75,75,75,75,75,75,75,75,75,75,75,75,75,75,75,75,75,75,75,75,75,75,75,75,75,75,75,75,75,75,75],"card_choices":[{"not_picked":["Turbo","Compile Driver"],"picked":"Stack","floor":1.0},{"not_picked":["Skim","Turbo"],"picked":"Gash","floor":10.0},{"not_picked":["Rip and Tear","Cold Snap"],"picked":"Reinforced Body","floor":11.0},{"not_picked":["Consume","Lockon"],"picked":"Redo","floor":13.0},{"not_picked":["Amplify","Thunder Strike"],"picked":"Rainbow","floor":16.0},{"not_picked":["Melter","Streamline"],"picked":"Hologram","floor":17.0},{"not_picked":["FTL","Auto Shields"],"picked":"Genetic Algorithm","floor":17.0},{"not_picked":["Steam Power","Redo"],"picked":"Stack","floor":17.0},{"not_picked":["Leap","Go for the Eyes"],"picked":"Coolheaded","floor":17.0},{"not_picked":["Auto Shields","Fusion"],"picked":"Cold Snap","floor":17.0},{"not_picked":["BootSequence","Compile Driver+1"],"picked":"Go for the Eyes","floor":18.0},{"not_picked":["Lockon","Sunder"],"picked":"Cold Snap","floor":19.0},{"not_picked":["Conserve Battery","Rebound"],"picked":"Gash","floor":21.0},{"not_picked":["Ball Lightning","Steam"],"picked":"Reprogram","floor":22.0},{"not_picked":["Steam Power","Rip and Tear"],"picked":"Gash","floor":24.0},{"not_picked":["Self Repair","FTL"],"picked":"White Noise","floor":25.0},{"not_picked":["Skim","Streamline"],"picked":"Redo","floor":28.0},{"not_picked":["Hyperbeam","Thunder Strike"],"picked":"Amplify","floor":33.0},{"not_picked":["Rebound+1","Beam Cell"],"picked":"Reinforced Body","floor":35.0},{"not_picked":["Darkness+1","Rebound"],"picked":"Recycle","floor":37},{"not_picked":["Metamorphosis","HandOfGreed"],"picked":"Finesse","floor":41},{"not_picked":["Sweeping Beam","Heatsinks+1"],"picked":"Stack+1","floor":42},{"not_picked":["Ball Lightning","Self Repair"],"picked":"FTL+1","floor":44},{"not_picked":["Coolheaded","Double Energy+1"],"picked":"Glacier","floor":48}],"player_experience":97430,"relics_obtained":[{"floor":4.0,"key":"Kunai"},{"floor":9.0,"key":"Centennial Puzzle"},{"floor":10.0,"key":"Thread and Needle"},{"floor":20.0,"key":"Enchiridion"},{"floor":26.0,"key":"WingedGreaves"},{"floor":37,"key":"Ice Cream"},{"floor":43,"key":"Vajra"}],"event_choices":[{"damage_healed":0.0,"max_hp_gain":0.0,"max_hp_loss":0.0,"gold_gain":0.0,"event_name":"Scrap Ooze","player_choice":"Success","floor":3.0,"gold_loss":0.0,"damage_taken":12.0,"relics_obtained":["Juzu Bracelet"]},{"damage_healed":0.0,"max_hp_gain":0.0,"max_hp_loss":0.0,"gold_gain":75.0,"event_name":"World of Goop","player_choice":"Gather Gold","floor":5.0,"gold_loss":0.0,"damage_taken":11.0},{"damage_healed":0.0,"max_hp_gain":0.0,"max_hp_loss":0.0,"gold_gain":0.0,"event_name":"Golden Wing","player_choice":"Ignored","floor":7.0,"gold_loss":0.0,"damage_taken":0.0},{"damage_healed":0.0,"max_hp_gain":0.0,"max_hp_loss":0.0,"gold_gain":0.0,"event_name":"Purifier","player_choice":"Ignored","floor":14.0,"gold_loss":0.0,"damage_taken":0.0},{"damage_healed":0.0,"max_hp_gain":0.0,"max_hp_loss":0.0,"gold_gain":0.0,"event_name":"Cursed Tome","player_choice":"Obtained Book","floor":20.0,"gold_loss":0.0,"damage_taken":16.0},{"damage_healed":0.0,"max_hp_gain":0.0,"max_hp_loss":0.0,"gold_gain":99.0,"event_name":"Nest","player_choice":"Stole From Cult","floor":27.0,"gold_loss":0.0,"damage_taken":0.0},{"damage_healed":0.0,"max_hp_gain":0.0,"max_hp_loss":0.0,"gold_gain":0.0,"event_name":"NoteForYourself","player_choice":"Ignored","floor":30.0,"gold_loss":0.0,"damage_taken":0.0},{"damage_healed":0.0,"max_hp_gain":0.0,"max_hp_loss":0.0,"gold_gain":0.0,"event_name":"The Library","player_choice":"Read","floor":31.0,"gold_loss":0.0,"damage_taken":0.0,"cards_obtained":["All For One"]},{"damage_healed":0.0,"max_hp_gain":0.0,"max_hp_loss":0.0,"gold_gain":0.0,"event_name":"MindBloom","player_choice":"Fight","floor":37.0,"gold_loss":0.0,"damage_taken":0.0},{"damage_healed":19,"gold_gain":0,"player_choice":"Writhe","damage_taken":0,"max_hp_gain":0,"max_hp_loss":0,"event_name":"Winding Halls","floor":38,"gold_loss":0,"cards_obtained":["Writhe"]},{"damage_healed":0,"gold_gain":0,"player_choice":"Memory 1","damage_taken":0,"max_hp_gain":0,"max_hp_loss":0,"event_name":"SensoryStone","floor":41,"gold_loss":0},{"cards_removed":["Biased Cognition"],"damage_healed":0,"gold_gain":0,"player_choice":"Removed Power","damage_taken":0,"max_hp_gain":0,"max_hp_loss":0,"event_name":"Falling","floor":45,"gold_loss":0},{"damage_healed":0,"gold_gain":0,"player_choice":"Ignored","damage_taken":0,"max_hp_gain":0,"max_hp_loss":0,"event_name":"Mysterious Sphere","floor":46,"gold_loss":0}],"is_beta":false,"boss_relics":[{"not_picked":["Runic Pyramid","Calling Bell"],"picked":"Orrery"},{"not_picked":["Busted Crown","Coffee Dripper"],"picked":"Nuclear Battery"}],"items_purged_floors":[],"is_endless":false,"potions_floor_spawned":[11,13,18,28,33,35,44,48],"ascension_level":0}