{"gold_per_floor":[117,117,117,131,57,57,86,96,96,122,138,138,150,225,225,326,326,346,346,346,363,15,15,15,27,27,45,45,64,93,110,110,215,215,229,229,241,251,268,268,296,296,345,345,345,325,325,342,342,342],"floor_reached":51,"playtime":2564,"items_purged":["Defend_B"],"score":971,"play_id":"049d5093-f14d-4728-ac5a-bd1cefdca414","local_time":"20190224161037","is_ascension_mode":true,"campfire_choices":[{"data":"Loop","floor":6,"key":"SMITH"},{"data":"Sunder","floor":12,"key":"SMITH"},{"floor":15,"key":"REST"},{"data":"Defragment","floor":23,"key":"SMITH"},{"data":"Biased Cognition","floor":28,"key":"SMITH"},{"floor":32,"key":"REST"},{"data":"Beam Cell","floor":40,"key":"SMITH"},{"data":"1","floor":42,"key":"LIFT"},{"data":"2","floor":45,"key":"LIFT"},{"data":"Tempest","floor":47,"key":"SMITH"},{"floor":49,"key":"REST"}],"neow_cost":"NONE","seed_source_timestamp":1019568506836100,"circlet_count":0,"master_deck":["Defend_B","Defend_B","Defend_B+1","Zap","Dualcast+1","Ball Lightning+1","FTL","Conserve Battery","Loop+1","Sunder+1","Genetic Algorithm","Coolheaded+1","Steam","Beam Cell+1","Biased Cognition+1","Leap+1","Scrape+1","Undo","Rebound","Defragment+1","BootSequence+1","Go for the Eyes+1","Tempest+1","All For One","Gash+1"],"relics":["Cracked Core","Girya","Mercury Hourglass","War Paint","Empty Cage","ClockworkSouvenir","Bottled Lightning","Orichalcum","Runic Pyramid","CultistMask","Whetstone","PreservedInsect"],"potions_floor_usage":[7,33,33,35,44,50,50,50],"damage_taken":[{"damage":7,"enemies":"Jaw Worm","floor":1,"turns":2},{"damage":0,"enemies":"Cultist","floor":4,"turns":2},{"damage":13,"enemies":"3 Sentries","floor":7,"turns":6},{"damage":1,"enemies":"Small Slimes","floor":8,"turns":2},{"damage":17,"enemies":"Lagavulin","floor":10,"turns":5},{"damage":5,"enemies":"Blue Slaver","floor":11,"turns":3},{"damage":0,"enemies":"Looter","floor":13,"turns":3},{"damage":14,"enemies":"The Guardian","floor":16,"turns":10},{"damage":18,"enemies":"Spheric Guardian","floor":18,"turns":4},{"damage":0,"enemies":"Chosen","floor":21,"turns":5},{"damage":10,"enemies":"Centurion and Healer","floor":25,"turns":6},{"damage":0,"enemies":"Snecko","floor":27,"turns":3},{"damage":8,"enemies":"Shelled Parasite and Fungi","floor":29,"turns":5},{"damage":24,"enemies":"Book of Stabbing","floor":30,"turns":6},{"damage":4,"enemies":"Snake Plant","floor":31,"turns":3},{"damage":40,"enemies":"Champ","floor":33,"turns":7},{"damage":10,"enemies":"3 Darklings","floor":35,"turns":5},{"damage":0,"enemies":"Orb Walker","floor":37,"turns":3},{"damage":4,"enemies":"Spire Growth","floor":38,"turns":5},{"damage":10,"enemies":"Jaw Worm Horde","floor":39,"turns":4},{"damage":0,"enemies":"Nemesis","floor":41,"turns":7},{"damage":0,"enemies":"Writhing Mass","floor":44,"turns":1},{"damage":1,"enemies":"Transient","floor":48,"turns":5},{"damage":16,"enemies":"Donu and Deca","floor":50,"turns":7}],"seed_played":"-7470056442631447401","potions_obtained":[{"floor":1,"key":"FocusPotion"},{"floor":4,"key":"Block Potion"},{"floor":11,"key":"Explosive Potion"},{"floor":25,"key":"Regen Potion"},{"floor":33,"key":"Energy Potion"},{"floor":38,"key":"SmokeBomb"},{"floor":39,"key":"PowerPotion"},{"floor":46,"key":"Strength Potion"}],"is_trial":false,"path_per_floor":["M","?","?","M","$","R","E","M","T","E","M","R","M","?","R","B",null,"M","?","?","M","$","R","$","M","T","M","R","M","E","M","R","B",null,"M","?","M","M","M","R","E","R","T","M","R","?","R","M","R","B",null],"character_chosen":"DEFECT","items_purchased":["Loop","ClockworkSouvenir","Defragment"],"campfire_rested":3,"item_purchase_floors":[5,22,22],"current_hp_per_floor":[68,68,68,68,68,68,55,54,54,37,32,32,32,21,43,29,75,57,57,75,75,75,75,75,65,65,65,65,57,33,29,51,26,75,65,65,65,61,51,51,51,51,51,51,51,51,51,50,72,56],"gold":342,"neow_bonus":"THREE_CARDS","is_prod":false,"is_daily":false,"chose_seed":false,"campfire_upgraded":6,"win_rate":0,"timestamp":1551053437,"path_taken":["M","?","?","?","$","R","E","M","T","E","M","R","M","?","R","BOSS","M","?","?","M","$","R","$","M","T","M","R","?","E","M","R","BOSS","M","?","?","M","?","R","E","R","T","M","R","?","R","M","R","BOSS"],"build_version":"2019-01-23","purchased_purges":1,"victory":true,"max_hp_per_floor":[75,75,75,75,75,75,75,75,75,75,75,75,75,75,75,75,75,75,75,75,75,75,75,75,75,75,75,75,75,75,75,75,75,75,75,75,75,75,75,75,75,75,75,75,75,75,75,75,75,75],"card_choices":[{"not_picked":["Compile Driver","Hello World"],"picked":"Ball Lightning","floor":0},{"not_picked":["Turbo","Ball Lightning"],"picked":"FTL","floor":1},{"not_picked":["Hello World","Rebound"],"picked":"Conserve Battery","floor":4},{"not_picked":["Genetic Algorithm","Beam Cell"],"picked":"Sunder","floor":7},{"not_picked":["Hologram","Rebound"],"picked":"Genetic Algorithm","floor":8},{"not_picked":["Gash","Hyperbeam"],"picked":"Coolheaded","floor":10},{"not_picked":["Coolheaded","Beam Cell"],"picked":"Steam","floor":11},{"not_picked":["Barrage","Rebound"],"picked":"Beam Cell","floor":13},{"not_picked":["Seek","Meteor Strike"],"picked":"Biased Cognition","floor":16},{"not_picked":["Streamline","Rebound+1"],"picked":"Leap+1","floor":18},{"not_picked":["Storm","Go for the Eyes"],"picked":"Rebound","floor":21},{"not_picked":["Reprogram","Stack","Barrage"],"picked":"SKIP","floor":25},{"not_picked":["Reprogram","Go for the Eyes"],"picked":"BootSequence+1","floor":27},{"not_picked":["Chill","Sunder"],"picked":"Go for the Eyes+1","floor":29},{"not_picked":["Compile Driver","Rebound","Hologram+1"],"picked":"SKIP","floor":30},{"not_picked":["Ball Lightning+1","Hologram"],"picked":"Tempest","floor":31},{"not_picked":["Machine Learning","Reboot"],"picked":"All For One","floor":33},{"not_picked":["Rebound","Hologram","Undo"],"picked":"SKIP","floor":35},{"not_picked":["Cold Snap","Beam Cell","Go for the Eyes+1"],"picked":"SKIP","floor":37},{"not_picked":["Steam Power","Barrage+1","Sweeping Beam"],"picked":"SKIP","floor":38},{"not_picked":["Rebound+1","Beam Cell","Defragment"],"picked":"SKIP","floor":39},{"not_picked":["Ball Lightning","Double Energy","Chill"],"picked":"SKIP","floor":41},{"not_picked":["Cold Snap","Scrape+1"],"picked":"Gash+1","floor":48}],"player_experience":194818,"relics_obtained":[{"floor":7,"key":"Girya"},{"floor":9,"key":"Mercury Hourglass"},{"floor":10,"key":"War Paint"},{"floor":26,"key":"Bottled Lightning"},{"floor":30,"key":"Orichalcum"},{"floor":41,"key":"Whetstone"},{"floor":43,"key":"PreservedInsect"}],"event_choices":[{"damage_healed":0,"gold_gain":0,"player_choice":"Ignored","damage_taken":0,"max_hp_gain":0,"max_hp_loss":0,"event_name":"Shining Light","floor":2,"gold_loss":0},{"damage_healed":0,"gold_gain":0,"player_choice":"Upgraded","damage_taken":0,"max_hp_gain":0,"max_hp_loss":0,"event_name":"Upgrade Shrine","floor":3,"gold_loss":0,"cards_upgraded":["Dualcast"]},{"damage_healed":0,"gold_gain":75,"player_choice":"Gather Gold","damage_taken":11,"max_hp_gain":0,"max_hp_loss":0,"event_name":"World of Goop","floor":14,"gold_loss":0},{"damage_healed":0,"gold_gain":0,"cards_transformed":["Strike_B","Strike_B"],"player_choice":"Became Test Subject","damage_taken":0,"max_hp_gain":0,"max_hp_loss":0,"event_name":"Drug Dealer","floor":19,"gold_loss":0,"cards_obtained":["Scrape","Undo"]},{"damage_healed":18,"gold_gain":0,"player_choice":"Full Heal","damage_taken":0,"max_hp_gain":0,"max_hp_loss":0,"event_name":"Wheel of Change","floor":20,"gold_loss":0},{"damage_healed":0,"gold_gain":0,"player_choice":"Trade","damage_taken":0,"relics_obtained":["CultistMask"],"max_hp_gain":0,"max_hp_loss":0,"event_name":"FaceTrader","floor":36,"gold_loss":0},{"damage_healed":0,"gold_gain":0,"player_choice":"Bought 1 Potion","damage_taken":0,"max_hp_gain":0,"max_hp_loss":0,"event_name":"The Woman in Blue","floor":46,"gold_loss":0}],"is_beta":false,"boss_relics":[{"not_picked":["Runic Dome","Black Star"],"picked":"Empty Cage"},{"not_picked":["Calling Bell","Coffee Dripper"],"picked":"Runic Pyramid"}],"items_purged_floors":[22],"is_endless":false,"potions_floor_spawned":[1,4,11,25,30,33,38,39,41],"ascension_level":4}