{"gold_per_floor":[119,134,151,151,11,45,64,84,84,9,9,9,34,75,75,75],"floor_reached":16,"playtime":1002,"items_purged":["Strike_G"],"score":224,"play_id":"4269654f-d49c-4cd5-b692-860ce258f58a","local_time":"20190504040117","is_ascension_mode":true,"campfire_choices":[{"floor":12,"key":"REST"},{"floor":15,"key":"REST"}],"neow_cost":"NONE","seed_source_timestamp":840961368704946,"circlet_count":0,"master_deck":["AscendersBane","Defend_G","Defend_G","Defend_G","Defend_G","Defend_G","Strike_G","Strike_G","Strike_G","Strike_G","Survivor","Neutralize+1","Quick Slash","Calculated Gamble","Deflect","Crippling Poison+1","Backstab","Well Laid Plans","Crippling Poison","Skewer"],"relics":["Ring of the Snake","Golden Idol","Strawberry","Mummified Hand","Lantern"],"potions_floor_usage":[6,7,14,16],"damage_taken":[{"damage":0,"enemies":"Jaw Worm","floor":1,"turns":6},{"damage":0,"enemies":"2 Louse","floor":2,"turns":3},{"damage":0,"enemies":"Cultist","floor":3,"turns":5},{"damage":51,"enemies":"Gremlin Nob","floor":6,"turns":5},{"damage":0,"enemies":"Looter","floor":7,"turns":4},{"damage":2,"enemies":"3 Louse","floor":8,"turns":4},{"damage":1,"enemies":"Blue Slaver","floor":13,"turns":4},{"damage":26,"enemies":"3 Sentries","floor":14,"turns":7},{"damage":31,"enemies":"The Guardian","floor":16,"turns":18}],"seed_played":"-8533460640767978263","potions_obtained":[{"floor":3,"key":"FearPotion"},{"floor":6,"key":"Fire Potion"},{"floor":8,"key":"Swift Potion"},{"floor":14,"key":"SpeedPotion"}],"is_trial":false,"path_per_floor":["M","M","M","?","?","E","M","M","T","$","?","R","M","E","R","B"],"character_chosen":"THE_SILENT","items_purchased":[],"campfire_rested":2,"item_purchase_floors":[],"current_hp_per_floor":[59,59,59,59,66,15,15,13,13,13,13,33,32,6,26,0],"gold":75,"neow_bonus":"UPGRADE_CARD","is_prod":false,"is_daily":false,"chose_seed":false,"campfire_upgraded":0,"win_rate":0,"timestamp":1556956877,"path_taken":["M","M","M","?","?","E","?","M","T","$","?","R","M","E","R","BOSS"],"build_version":"2019-01-23","purchased_purges":1,"victory":false,"max_hp_per_floor":[66,66,66,60,67,67,67,67,67,67,67,67,67,67,67,67],"card_choices":[{"not_picked":["Escape Plan","Deadly Poison"],"picked":"Quick Slash","floor":1},{"not_picked":["Cloak And Dagger","Riddle With Holes"],"picked":"Calculated Gamble","floor":2},{"not_picked":["Blade Dance","Accuracy"],"picked":"Deflect","floor":3},{"not_picked":["Escape Plan","Bane"],"picked":"Crippling Poison","floor":6},{"not_picked":["Backflip","Eviscerate"],"picked":"Backstab","floor":7},{"not_picked":["Riddle With Holes","Quick Slash"],"picked":"Well Laid Plans","floor":8},{"not_picked":["Bane","Backflip"],"picked":"Crippling Poison","floor":13},{"not_picked":["Cloak And Dagger","Blade Dance"],"picked":"Skewer","floor":14}],"player_experience":1390190,"relics_obtained":[{"floor":6,"key":"Mummified Hand"},{"floor":14,"key":"Lantern"}],"event_choices":[{"damage_healed":0,"gold_gain":0,"player_choice":"Lose Max HP","damage_taken":0,"relics_obtained":["Golden Idol"],"max_hp_gain":0,"max_hp_loss":6,"event_name":"Golden Idol","floor":4,"gold_loss":0},{"damage_healed":0,"gold_gain":0,"player_choice":"Paid Gold","damage_taken":0,"relics_obtained":["Strawberry"],"max_hp_gain":0,"max_hp_loss":0,"event_name":"WeMeetAgain","floor":5,"gold_loss":140},{"damage_healed":0,"gold_gain":0,"player_choice":"Grow","damage_taken":0,"max_hp_gain":0,"max_hp_loss":0,"event_name":"Living Wall","floor":11,"gold_loss":0,"cards_upgraded":["Crippling Poison"]}],"is_beta":false,"boss_relics":[],"items_purged_floors":[10],"is_endless":false,"potions_floor_spawned":[3,6,8,14],"killed_by":"The Guardian","ascension_level":20}