{"gold_per_floor":[114,114,138,138,159,177,177,195,249,249,249,273,299,264,264,358,358,395,425,452,464,476,488],"floor_reached":23,"playtime":953,"items_purged":[],"score":411,"play_id":"9bf12aaa-8822-4b63-99cf-68bcf83fde69","local_time":"20190706063305","is_ascension_mode":true,"campfire_choices":[{"data":"Neutralize","floor":7,"key":"SMITH"},{"floor":11,"key":"REST"},{"floor":15,"key":"REST"}],"neow_cost":"TEN_PERCENT_HP_LOSS","seed_source_timestamp":20559837904971,"circlet_count":0,"master_deck":["AscendersBane","Strike_G","Strike_G","Strike_G+1","Defend_G","Defend_G+1","Defend_G","Defend_G","Defend_G","Survivor","Neutralize+1","Tools of the Trade","PiercingWail","Injury","Predator","Well Laid Plans","Quick Slash","Deadly Poison","Catalyst","Corpse Explosion","Writhe","Doubt","Normality","PiercingWail+1","Crippling Poison+1","PiercingWail","Tactician","Underhanded Strike"],"relics":["Ring of the Snake","Golden Idol","Lantern","Oddly Smooth Stone","Calling Bell","MawBank","Meat on the Bone","Ginger","Enchiridion"],"potions_floor_usage":[16,19],"damage_taken":[{"damage":10,"enemies":"2 Louse","floor":1,"turns":4},{"damage":10,"enemies":"Small Slimes","floor":3,"turns":4},{"damage":2,"enemies":"Cultist","floor":5,"turns":4},{"damage":13,"enemies":"Large Slime","floor":6,"turns":9},{"damage":6,"enemies":"Blue Slaver","floor":8,"turns":5},{"damage":3,"enemies":"Looter","floor":12,"turns":3},{"damage":24,"enemies":"Hexaghost","floor":16,"turns":12},{"damage":12,"enemies":"Chosen","floor":18,"turns":8},{"damage":17,"enemies":"Spheric Guardian","floor":19,"turns":7},{"damage":3,"enemies":"Snake Plant","floor":20,"turns":5},{"damage":24,"enemies":"Slavers","floor":23,"turns":1}],"seed_played":"-8543810887872347320","potions_obtained":[{"floor":4,"key":"FearPotion"},{"floor":4,"key":"LiquidBronze"},{"floor":12,"key":"GhostInAJar"},{"floor":16,"key":"Ancient Potion"}],"is_trial":false,"path_per_floor":["M","?","M","?","M","M","R","M","T","?","R","M","T","?","R","B",null,"M","M","M","?","?","E"],"character_chosen":"THE_SILENT","items_purchased":[],"campfire_rested":2,"item_purchase_floors":[],"current_hp_per_floor":[49,49,39,39,37,24,24,18,18,6,24,21,21,36,54,30,53,41,36,33,17,17,0],"gold":488,"neow_bonus":"THREE_RARE_CARDS","is_prod":false,"is_daily":false,"chose_seed":false,"campfire_upgraded":1,"win_rate":0,"timestamp":1562358785,"path_taken":["M","?","M","?","M","M","R","?","T","?","R","M","?","?","R","BOSS","M","M","M","?","?","E"],"build_version":"2019-07-01","purchased_purges":0,"victory":false,"max_hp_per_floor":[60,60,60,60,60,60,60,60,60,60,60,60,60,60,60,60,60,60,60,60,60,60,60],"card_choices":[{"not_picked":["Grand Finale","Doppelganger"],"picked":"Tools of the Trade","floor":0},{"not_picked":["Backflip","Flechettes"],"picked":"PiercingWail","floor":1},{"not_picked":["Riddle With Holes","Catalyst"],"picked":"Predator","floor":3},{"not_picked":["Backflip","Blade Dance"],"picked":"Well Laid Plans","floor":5},{"not_picked":["Deadly Poison","Outmaneuver"],"picked":"Quick Slash","floor":6},{"not_picked":["Deflect","Prepared"],"picked":"Deadly Poison","floor":8},{"not_picked":["Flying Knee","Reflex"],"picked":"Catalyst","floor":12},{"not_picked":["Die Die Die","Adrenaline"],"picked":"Corpse Explosion","floor":16},{"not_picked":["Tactician","Storm of Steel"],"picked":"PiercingWail+1","floor":18},{"not_picked":["Deflect","Sucker Punch"],"picked":"Crippling Poison+1","floor":19},{"not_picked":["Deadly Poison","Dagger Throw"],"picked":"PiercingWail","floor":20}],"player_experience":945655,"relics_obtained":[{"floor":9,"key":"Lantern"},{"floor":13,"key":"Oddly Smooth Stone"},{"floor":17,"key":"MawBank"},{"floor":17,"key":"Meat on the Bone"},{"floor":17,"key":"Ginger"},{"floor":21,"key":"Enchiridion"}],"event_choices":[{"damage_healed":0,"gold_gain":0,"player_choice":"Take Wound","damage_taken":0,"relics_obtained":["Golden Idol"],"max_hp_gain":0,"max_hp_loss":0,"event_name":"Golden Idol","floor":2,"gold_loss":0,"cards_obtained":["Injury"]},{"damage_healed":0,"gold_gain":0,"player_choice":"Got Potions","damage_taken":0,"max_hp_gain":0,"max_hp_loss":0,"event_name":"Lab","floor":4,"gold_loss":0},{"damage_healed":0,"gold_gain":0,"player_choice":"Entered Light","damage_taken":12,"max_hp_gain":0,"max_hp_loss":0,"event_name":"Shining Light","floor":10,"gold_loss":0,"cards_upgraded":["Strike_G","Defend_G"]},{"damage_healed":15,"gold_gain":0,"player_choice":"Healed","damage_taken":0,"max_hp_gain":0,"max_hp_loss":0,"event_name":"The Cleric","floor":14,"gold_loss":35},{"damage_healed":0,"gold_gain":0,"player_choice":"Obtained Book","damage_taken":16,"max_hp_gain":0,"max_hp_loss":0,"event_name":"Cursed Tome","floor":21,"gold_loss":0},{"damage_healed":0,"gold_gain":0,"cards_transformed":["Strike_G","Strike_G"],"player_choice":"Became Test Subject","damage_taken":0,"max_hp_gain":0,"max_hp_loss":0,"event_name":"Drug Dealer","floor":22,"gold_loss":0,"cards_obtained":["Tactician","Underhanded Strike"]}],"is_beta":false,"boss_relics":[{"not_picked":["Astrolabe","Ectoplasm"],"picked":"Calling Bell"}],"items_purged_floors":[],"is_endless":false,"potions_floor_spawned":[6,8,12,16],"killed_by":"Slavers","ascension_level":14}