{"gold_per_floor":[109,20,33,33,97,97,40,58,84,98,125,151,164,175,175,252,252,265,265,265,275,275,275,275],"floor_reached":24,"playtime":801,"items_purged":[],"score":372,"play_id":"574a1e76-ff8e-47c8-b48d-9eb2c4cf254d","local_time":"20190827101850","is_ascension_mode":true,"campfire_choices":[{"data":"Neutralize","floor":6,"key":"SMITH"},{"floor":15,"key":"REST"},{"floor":23,"key":"REST"}],"neow_cost":"NONE","seed_source_timestamp":4466415452813,"circlet_count":0,"master_deck":["AscendersBane","Strike_G","Strike_G","Strike_G","Strike_G","Strike_G","Defend_G","Defend_G","Defend_G","Defend_G","Defend_G","Survivor","Neutralize+1","All Out Attack","Noxious Fumes","Backflip","Poisoned Stab","Underhanded Strike","PiercingWail","Sucker Punch","Heel Hook","Blur","Burst","Poisoned Stab+1","Necronomicurse","Dodge and Roll+1","Ghostly","Ghostly","Ghostly"],"relics":["Ring of the Snake","NeowsBlessing","Potion Belt","Snake Skull","Blood Vial","Odd Mushroom","Runic Pyramid","Necronomicon"],"potions_floor_usage":[11,14,16,16],"damage_taken":[{"damage":0,"enemies":"Cultist","floor":1,"turns":1},{"damage":0,"enemies":"2 Louse","floor":3,"turns":1},{"damage":0,"enemies":"Small Slimes","floor":8,"turns":1},{"damage":6,"enemies":"Exordium Thugs","floor":10,"turns":4},{"damage":22,"enemies":"Lagavulin","floor":11,"turns":6},{"damage":11,"enemies":"The Mushroom Lair","floor":12,"turns":4},{"damage":0,"enemies":"2 Fungi Beasts","floor":13,"turns":4},{"damage":8,"enemies":"Large Slime","floor":14,"turns":4},{"damage":13,"enemies":"Hexaghost","floor":16,"turns":12},{"damage":28,"enemies":"Spheric Guardian","floor":18,"turns":6},{"damage":21,"enemies":"3 Byrds","floor":21,"turns":5},{"damage":13,"enemies":"Slavers","floor":24,"turns":2}],"seed_played":"-2603332872426060142","potions_obtained":[{"floor":1,"key":"FearPotion"},{"floor":10,"key":"AttackPotion"},{"floor":11,"key":"GamblersBrew"},{"floor":13,"key":"Explosive Potion"}],"is_trial":false,"path_per_floor":["M","$","M","?","?","R","$","M","T","M","E","?","M","M","R","B",null,"M","?","?","M","?","R","E"],"character_chosen":"THE_SILENT","items_purchased":["Noxious Fumes","Poisoned Stab"],"campfire_rested":2,"item_purchase_floors":[2,7],"current_hp_per_floor":[59,59,59,54,54,54,54,54,54,48,26,17,19,13,32,21,55,29,42,21,2,2,11,0],"gold":275,"neow_bonus":"THREE_ENEMY_KILL","is_prod":false,"is_daily":false,"chose_seed":false,"campfire_upgraded":1,"win_rate":0,"timestamp":1566865130,"path_taken":["M","?","M","?","?","R","$","?","T","M","E","?","M","M","R","BOSS","M","?","?","M","?","R","E"],"build_version":"2019-07-17","purchased_purges":0,"victory":false,"max_hp_per_floor":[66,66,66,66,66,66,66,66,66,66,66,66,66,66,66,66,66,66,66,66,66,33,33,33],"card_choices":[{"not_picked":["Concentrate","Noxious Fumes"],"picked":"All Out Attack","floor":1},{"not_picked":["Finisher","Reflex"],"picked":"Backflip","floor":3},{"not_picked":["Calculated Gamble","Concentrate"],"picked":"Underhanded Strike","floor":8},{"not_picked":["Flechettes","Backflip"],"picked":"PiercingWail","floor":10},{"not_picked":["Underhanded Strike","Expertise"],"picked":"Sucker Punch","floor":11},{"not_picked":["Deadly Poison","Cloak And Dagger"],"picked":"Heel Hook","floor":12},{"not_picked":["Underhanded Strike","Deadly Poison"],"picked":"Blur","floor":13},{"not_picked":["Underhanded Strike","Prepared","Slice"],"picked":"SKIP","floor":14},{"not_picked":["Night Terror","Glass Knife"],"picked":"Burst","floor":16},{"not_picked":["Underhanded Strike","Sucker Punch"],"picked":"Poisoned Stab+1","floor":18},{"not_picked":["Sucker Punch","Endless Agony"],"picked":"Dodge and Roll+1","floor":21}],"player_experience":1225971,"relics_obtained":[{"floor":9,"key":"Snake Skull"},{"floor":11,"key":"Blood Vial"},{"floor":12,"key":"Odd Mushroom"},{"floor":20,"key":"Necronomicon"}],"event_choices":[{"damage_healed":0,"gold_gain":0,"player_choice":"Success","damage_taken":5,"relics_obtained":["Potion Belt"],"max_hp_gain":0,"max_hp_loss":0,"event_name":"Scrap Ooze","floor":4,"gold_loss":0},{"damage_healed":0,"gold_gain":64,"player_choice":"Gained Gold","damage_taken":0,"max_hp_gain":0,"max_hp_loss":0,"event_name":"Golden Wing","floor":5,"gold_loss":0},{"damage_healed":0,"gold_gain":0,"player_choice":"Fought Mushrooms","damage_taken":0,"max_hp_gain":0,"max_hp_loss":0,"event_name":"Mushrooms","floor":12,"gold_loss":0},{"damage_healed":13,"gold_gain":0,"player_choice":"Heal","damage_taken":0,"max_hp_gain":0,"max_hp_loss":0,"event_name":"The Library","floor":19,"gold_loss":0},{"damage_healed":0,"gold_gain":0,"player_choice":"Obtained Book","damage_taken":21,"max_hp_gain":0,"max_hp_loss":0,"event_name":"Cursed Tome","floor":20,"gold_loss":0},{"damage_healed":0,"gold_gain":0,"player_choice":"Became a Ghost","damage_taken":0,"max_hp_gain":0,"max_hp_loss":33,"event_name":"Ghosts","floor":22,"gold_loss":0,"cards_obtained":["Ghostly","Ghostly","Ghostly"]}],"is_beta":false,"boss_relics":[{"not_picked":["Tiny House","Runic Dome"],"picked":"Runic Pyramid"}],"items_purged_floors":[],"is_endless":false,"potions_floor_spawned":[1,10,11,13],"killed_by":"Slavers","ascension_level":18}