{"gold_per_floor":[111,58,78,93,108,108,137,137,161,204,216,244,256,282,294,411,423,445,477,489,519,47,47,57,70,70,85,85,117,117,117,117,220,220,236,281,29,43,55,55,72,72,72,72],"floor_reached":44,"playtime":2615,"items_purged":[],"score":597,"play_id":"eb547aa1-f9d5-41e4-bbe3-41a7d2dbfdbb","local_time":"20180813005916","is_ascension_mode":true,"campfire_choices":[{"data":"All Out Attack","floor":6,"key":"SMITH"},{"data":"Corpse Explosion","floor":8,"key":"SMITH"},{"data":"Dodge and Roll","floor":13,"key":"SMITH"},{"data":"Backflip","floor":15,"key":"SMITH"},{"floor":23,"key":"REST"},{"floor":28,"key":"REST"},{"data":"Slice","floor":30,"key":"SMITH"},{"data":"Madness","floor":32,"key":"SMITH"},{"floor":40,"key":"REST"},{"data":"Deadly Poison","floor":42,"key":"SMITH"}],"neow_cost":"NONE","seed_source_timestamp":2783808116675956,"circlet_count":0,"master_deck":["Survivor","Neutralize","Slice","Dodge and Roll+1","Sucker Punch","Deadly Poison","Deadly Poison+1","Expertise","Slice","PiercingWail","Slice+1","Backflip+1","Dodge and Roll+1","All Out Attack+1","Underhanded Strike","Cloak And Dagger+1","Corpse Explosion+1","Prepared","Crippling Poison+1","After Image","Bouncing Flask+1","Madness+1","PiercingWail+1","Die Die Die","Deadly Poison+1","Leg Sweep+1"],"relics":["Pandora\u0027s Box","Juzu Bracelet","MawBank","Lantern","Runic Pyramid","War Paint","Kunai","Toxic Egg 2","Nunchaku","Velvet Choker","Bird Faced Urn","Pantograph","Bottled Lightning"],"potions_floor_usage":[16,16,16,27,33,33,36,38],"damage_taken":[{"damage":2,"enemies":"Cultist","floor":1,"turns":3},{"damage":7,"enemies":"Small Slimes","floor":3,"turns":3},{"damage":1,"enemies":"2 Louse","floor":4,"turns":2},{"damage":0,"enemies":"Gremlin Gang","floor":5,"turns":3},{"damage":6,"enemies":"Lagavulin","floor":7,"turns":6},{"damage":34,"enemies":"Gremlin Nob","floor":10,"turns":4},{"damage":2,"enemies":"Red Slaver","floor":12,"turns":3},{"damage":14,"enemies":"Exordium Thugs","floor":14,"turns":2},{"damage":20,"enemies":"Hexaghost","floor":16,"turns":7},{"damage":5,"enemies":"Spheric Guardian","floor":18,"turns":5},{"damage":22,"enemies":"2 Thieves","floor":19,"turns":3},{"damage":4,"enemies":"Snake Plant","floor":21,"turns":4},{"damage":6,"enemies":"Centurion and Healer","floor":24,"turns":6},{"damage":0,"enemies":"Snecko","floor":25,"turns":4},{"damage":0,"enemies":"Sentry and Sphere","floor":27,"turns":4},{"damage":12,"enemies":"Book of Stabbing","floor":29,"turns":6},{"damage":20,"enemies":"Collector","floor":33,"turns":8},{"damage":5,"enemies":"Flame Bruiser 1 Orb","floor":35,"turns":6},{"damage":20,"floor":36,"turns":4},{"damage":0,"enemies":"3 Darklings","floor":38,"turns":2},{"damage":22,"enemies":"Flame Bruiser 2 Orb","floor":39,"turns":6},{"damage":2,"enemies":"4 Shapes","floor":41,"turns":2},{"damage":52,"enemies":"Transient","floor":44,"turns":4}],"seed_played":"6174262351278992251","potions_obtained":[{"floor":5,"key":"LiquidBronze"},{"floor":10,"key":"Weak Potion"},{"floor":14,"key":"Dexterity Potion"},{"floor":19,"key":"Weak Potion"},{"floor":21,"key":"GhostInAJar"},{"floor":24,"key":"SkillPotion"},{"floor":29,"key":"Weak Potion"},{"floor":33,"key":"Regen Potion"},{"floor":35,"key":"EssenceOfSteel"},{"floor":36,"key":"SteroidPotion"}],"is_trial":false,"path_per_floor":["M","$","M","M","M","R","E","R","T","E","?","M","R","M","R","B",null,"M","M","?","M","$","R","M","M","T","M","R","E","R","?","R","B",null,"M","?","$","M","M","R","M","R","T"],"character_chosen":"THE_SILENT","items_purchased":["Dodge and Roll","War Paint","Kunai","Madness","Pantograph"],"campfire_rested":3,"item_purchase_floors":[2,22,22,22,37],"current_hp_per_floor":[61,61,54,53,53,53,47,47,47,13,70,68,68,54,54,34,61,56,34,34,30,30,51,45,45,45,45,66,54,54,54,54,34,61,56,36,36,47,27,48,46,46,46,0],"gold":72,"neow_bonus":"BOSS_RELIC","is_prod":false,"is_daily":false,"chose_seed":false,"campfire_upgraded":7,"win_rate":0,"timestamp":1534136356,"path_taken":["M","$","M","?","M","R","E","R","T","E","?","M","R","M","R","BOSS","M","M","?","M","?","R","M","M","T","M","R","E","R","?","R","BOSS","M","?","$","M","M","R","M","R","T","M"],"build_version":"2018-08-09","purchased_purges":0,"victory":false,"max_hp_per_floor":[70,70,70,70,70,70,70,70,70,70,70,70,70,70,70,70,70,70,70,70,70,70,70,70,70,70,70,70,70,70,70,70,70,70,70,70,70,70,70,70,70,70,70,70],"card_choices":[{"not_picked":["Setup","Finisher"],"picked":"Backflip","floor":1},{"not_picked":["PiercingWail","Blade Dance"],"picked":"All Out Attack","floor":3},{"not_picked":["Dodge and Roll","Flying Knee"],"picked":"Underhanded Strike","floor":4},{"not_picked":["Choke","Flying Knee"],"picked":"Cloak And Dagger","floor":5},{"not_picked":["Flying Knee","Poisoned Stab"],"picked":"Corpse Explosion","floor":7},{"not_picked":["Dagger Spray","Skewer"],"picked":"Prepared","floor":10},{"not_picked":["Cloak And Dagger","All Out Attack","Distraction"],"picked":"SKIP","floor":12},{"not_picked":["Sucker Punch","Dodge and Roll"],"picked":"Crippling Poison","floor":14},{"not_picked":["Night Terror","Malaise"],"picked":"After Image","floor":16},{"not_picked":["Leg Sweep","Prepared+1","Bane"],"picked":"SKIP","floor":18},{"not_picked":["Cloak And Dagger","Outmaneuver"],"picked":"Bouncing Flask+1","floor":19},{"not_picked":["Sucker Punch","Infinite Blades","Acrobatics"],"picked":"SKIP","floor":21},{"not_picked":["Deadly Poison+1","Cloak And Dagger+1","Noxious Fumes+1"],"picked":"SKIP","floor":24},{"not_picked":["Endless Agony","Quick Slash+1","Flying Knee"],"picked":"SKIP","floor":25},{"not_picked":["Poisoned Stab","Cloak And Dagger+1","Flying Knee"],"picked":"SKIP","floor":27},{"not_picked":["Glass Knife","Bane"],"picked":"PiercingWail+1","floor":29},{"not_picked":["Tools of the Trade","A Thousand Cuts"],"picked":"Die Die Die","floor":33},{"not_picked":["Riddle With Holes+1","Prepared+1"],"picked":"Deadly Poison+1","floor":35},{"not_picked":["PiercingWail+1","Backflip+1","Dagger Spray+1"],"picked":"SKIP","floor":38},{"not_picked":["Deadly Poison+1","Dash"],"picked":"Leg Sweep+1","floor":39},{"not_picked":["Dagger Throw","Dodge and Roll+1","Bane"],"picked":"SKIP","floor":41}],"player_experience":420169,"relics_obtained":[{"floor":7,"key":"Juzu Bracelet"},{"floor":9,"key":"MawBank"},{"floor":10,"key":"Lantern"},{"floor":26,"key":"Toxic Egg 2"},{"floor":29,"key":"Nunchaku"},{"floor":36,"key":"Bird Faced Urn"},{"floor":43,"key":"Bottled Lightning"}],"event_choices":[{"event_name":"Bonfire Elementals","player_choice":"UNCOMMON","floor":11,"damage_taken":0},{"event_name":"Upgrade Shrine","player_choice":"Upgraded","floor":20,"damage_taken":0},{"event_name":"Ghosts","player_choice":"Ignored","floor":31,"damage_taken":0},{"event_name":"Mysterious Sphere","player_choice":"Fight","floor":36,"damage_taken":0}],"is_beta":false,"boss_relics":[{"not_picked":["Philosopher\u0027s Stone","Black Star"],"picked":"Runic Pyramid"},{"not_picked":["Empty Cage","Orrery"],"picked":"Velvet Choker"}],"items_purged_floors":[],"is_endless":false,"potions_floor_spawned":[5,10,14,19,21,24,29,33,35,36],"killed_by":"Transient","ascension_level":7}