{"gold_per_floor":[111,61,61,61,78,109,119,119,145,164,164,164,181,213,213,315,315,332,332,282,9,20,20,20,46,46,46],"floor_reached":27,"playtime":2164,"items_purged":[],"score":384,"play_id":"b94eb275-6e05-43f1-a263-b548e3d42dda","local_time":"20181103223545","is_ascension_mode":true,"campfire_choices":[{"floor":8,"key":"REST"},{"data":"Bullet Time","floor":12,"key":"SMITH"},{"floor":15,"key":"REST"},{"data":"Transmutation","floor":23,"key":"SMITH"}],"neow_cost":"NONE","seed_source_timestamp":610391146552359,"circlet_count":0,"master_deck":["AscendersBane","Survivor","Neutralize","All Out Attack","Backflip","Bullet Time+1","Cloak And Dagger","Sucker Punch","Quick Slash","Well Laid Plans","Die Die Die","Dodge and Roll","Sucker Punch","Backflip","Acrobatics","Escape Plan","Expertise","Endless Agony","Distraction","Cloak And Dagger+1","Transmutation+1","Impatience","Calculated Gamble"],"relics":["Lizard Tail","Centennial Puzzle","Omamori","Potion Belt","Ornamental Fan","Pandora\u0027s Box","Gremlin Horn","Pear"],"potions_floor_usage":[6,6,16,16,25],"damage_taken":[{"damage":0,"enemies":"Jaw Worm","floor":1,"turns":5},{"damage":1,"enemies":"Small Slimes","floor":5,"turns":4},{"damage":19,"enemies":"Lagavulin","floor":6,"turns":7},{"damage":0,"enemies":"Cultist","floor":7,"turns":4},{"damage":2,"enemies":"3 Louse","floor":10,"turns":4},{"damage":0,"enemies":"Red Slaver","floor":13,"turns":5},{"damage":14,"enemies":"3 Sentries","floor":14,"turns":7},{"damage":76,"enemies":"Hexaghost","floor":16,"turns":16},{"damage":18,"enemies":"3 Byrds","floor":18,"turns":4},{"damage":1,"enemies":"Spheric Guardian","floor":22,"turns":3},{"damage":24,"enemies":"Slavers","floor":25,"turns":6},{"damage":19,"enemies":"Centurion and Healer","floor":27,"turns":1}],"seed_played":"-4301227945762590533","potions_obtained":[{"floor":4,"key":"Strength Potion"},{"floor":4,"key":"Block Potion"},{"floor":4,"key":"SteroidPotion"},{"floor":5,"key":"Strength Potion"},{"floor":10,"key":"GamblersBrew"},{"floor":16,"key":"LiquidBronze"},{"floor":22,"key":"Ancient Potion"}],"is_trial":false,"path_per_floor":["M","?","?","?","M","E","M","R","T","M","?","R","M","E","R","B",null,"M","?","?","$","M","R","?","E","T","M"],"character_chosen":"THE_SILENT","items_purchased":["Transmutation","Impatience"],"campfire_rested":2,"item_purchase_floors":[21,21],"current_hp_per_floor":[63,63,56,56,55,36,36,57,57,55,55,55,55,41,62,25,59,41,41,41,41,40,40,27,3,13,0],"gold":46,"neow_bonus":"BOSS_RELIC","is_prod":false,"is_daily":false,"chose_seed":false,"campfire_upgraded":2,"win_rate":0,"timestamp":1541298945,"path_taken":["M","?","?","?","M","E","?","R","T","M","?","R","M","E","R","BOSS","M","?","?","$","?","R","?","E","T","M"],"build_version":"2018-11-01","purchased_purges":0,"victory":false,"max_hp_per_floor":[70,70,70,70,70,70,70,70,70,70,70,70,70,70,70,70,70,70,70,70,70,70,70,75,75,85,85],"card_choices":[{"not_picked":["Poisoned Stab","PiercingWail"],"picked":"All Out Attack","floor":1},{"not_picked":["Dodge and Roll","Deflect"],"picked":"Backflip","floor":5},{"not_picked":["Bane","Deadly Poison"],"picked":"Bullet Time","floor":6},{"not_picked":["Calculated Gamble","Deadly Poison"],"picked":"Cloak And Dagger","floor":7},{"not_picked":["Backflip","Flying Knee"],"picked":"Sucker Punch","floor":10},{"not_picked":["Dagger Throw","PiercingWail"],"picked":"Quick Slash","floor":13},{"not_picked":["Noxious Fumes","Heel Hook"],"picked":"Well Laid Plans","floor":14},{"not_picked":["Malaise","Wraith Form v2"],"picked":"Die Die Die","floor":16},{"not_picked":["Blade Dance","Slice"],"picked":"Cloak And Dagger+1","floor":18},{"not_picked":["Underhanded Strike+1","Distraction","Flechettes"],"picked":"SKIP","floor":22},{"not_picked":["Bane","Die Die Die"],"picked":"Calculated Gamble","floor":25}],"player_experience":595039,"relics_obtained":[{"floor":6,"key":"Omamori"},{"floor":9,"key":"Potion Belt"},{"floor":14,"key":"Ornamental Fan"},{"floor":25,"key":"Gremlin Horn"},{"floor":26,"key":"Pear"}],"event_choices":[{"cards_removed":["Strike_G"],"damage_healed":0,"gold_gain":0,"player_choice":"Card Removal","damage_taken":0,"max_hp_gain":0,"max_hp_loss":0,"event_name":"The Cleric","floor":2,"gold_loss":50},{"damage_healed":0,"gold_gain":0,"player_choice":"Success","damage_taken":7,"relics_obtained":["Centennial Puzzle"],"max_hp_gain":0,"max_hp_loss":0,"event_name":"Scrap Ooze","floor":3,"gold_loss":0},{"damage_healed":0,"gold_gain":0,"player_choice":"Got Potions","damage_taken":0,"max_hp_gain":0,"max_hp_loss":0,"event_name":"Lab","floor":4,"gold_loss":0},{"cards_removed":["Strike_G"],"damage_healed":0,"gold_gain":0,"player_choice":"Card Removal","damage_taken":0,"max_hp_gain":0,"max_hp_loss":0,"event_name":"Wheel of Change","floor":11,"gold_loss":0},{"damage_healed":0,"gold_gain":0,"player_choice":"Ignored","damage_taken":0,"max_hp_gain":0,"max_hp_loss":0,"event_name":"Vampires","floor":19,"gold_loss":0},{"damage_healed":0,"gold_gain":0,"player_choice":"Bet on Owner","damage_taken":0,"max_hp_gain":0,"max_hp_loss":0,"event_name":"The Joust","floor":20,"gold_loss":50},{"damage_healed":0,"gold_gain":0,"player_choice":"Shed Blood","damage_taken":18,"max_hp_gain":5,"max_hp_loss":0,"event_name":"Forgotten Altar","floor":24,"gold_loss":0}],"is_beta":false,"boss_relics":[{"not_picked":["Busted Crown","HoveringKite"],"picked":"Pandora\u0027s Box"}],"items_purged_floors":[],"is_endless":false,"potions_floor_spawned":[5,10,16,22],"killed_by":"Centurion and Healer","ascension_level":10}