{"gold_per_floor":[359,28,47,61,61,61,96,96,123,123,136,147,147,180,180,256,256,271,271,289,29,43,43,74,86,121,144,181,193,233,265,277,363,375,399,411,423,435,465,230,245,278,278,288,288,315,315,343,343,343,343,343,77,77],"floor_reached":54,"playtime":6253,"items_purged":["Strike_R","Strike_R"],"score":1538,"play_id":"825e6c9f-c835-4a3d-b569-83bf81c08ccd","local_time":"20190529115030","is_ascension_mode":true,"campfire_choices":[{"data":"Flame Barrier","floor":6.0,"key":"SMITH"},{"data":"Clothesline","floor":8.0,"key":"SMITH"},{"data":"Rage","floor":15.0,"key":"SMITH"},{"data":"Reaper","floor":23.0,"key":"SMITH"},{"data":"Double Tap","floor":25.0,"key":"SMITH"},{"data":"Immolate","floor":32.0,"key":"SMITH"},{"data":"Demon Form","floor":45.0,"key":"SMITH"},{"floor":49.0,"key":"RECALL"},{"data":"True Grit","floor":52.0,"key":"SMITH"}],"neow_cost":"PERCENT_DAMAGE","seed_source_timestamp":827506706720933,"circlet_count":0,"master_deck":["AscendersBane","Strike_R","Strike_R","Defend_R","Defend_R","Defend_R","Defend_R","Bash+1","Clothesline+1","Thunderclap","Flame Barrier+1","Intimidate","Rage+1","Iron Wave","Immolate+1","Reaper+1","Dropkick","Double Tap+1","Shrug It Off","Twin Strike+1","Iron Wave","Demon Form+1","Spot Weakness","Trip","True Grit+1","Disarm","True Grit+1","Sword Boomerang+1"],"special_seed":0,"relics":["Burning Blood","PreservedInsect","Bronze Scales","Boot","Lantern","Pen Nib","Coffee Dripper","CultistMask","Centennial Puzzle","MawBank","Omamori","Oddly Smooth Stone","Sozu","Blood Vial","Bottled Flame","Molten Egg 2","Mercury Hourglass","Red Skull","Art of War"],"potions_floor_usage":[],"damage_taken":[{"damage":13.0,"enemies":"Cultist","floor":1.0,"turns":5.0},{"damage":1.0,"enemies":"2 Louse","floor":3.0,"turns":3.0},{"damage":8.0,"enemies":"Small Slimes","floor":4.0,"turns":4.0},{"damage":8.0,"enemies":"3 Sentries","floor":7.0,"turns":6.0},{"damage":7.0,"enemies":"Blue Slaver","floor":11.0,"turns":3.0},{"damage":7.0,"enemies":"Gremlin Gang","floor":12.0,"turns":5.0},{"damage":10.0,"enemies":"Lagavulin","floor":14.0,"turns":5.0},{"damage":35.0,"enemies":"Hexaghost","floor":16.0,"turns":9.0},{"damage":19.0,"enemies":"Chosen","floor":18.0,"turns":5.0},{"damage":12.0,"enemies":"2 Thieves","floor":20.0,"turns":4.0},{"damage":25.0,"enemies":"Shelled Parasite and Fungi","floor":22.0,"turns":6.0},{"damage":5.0,"enemies":"Book of Stabbing","floor":24.0,"turns":2.0},{"damage":3.0,"enemies":"Snecko","floor":27.0,"turns":6.0},{"damage":0.0,"enemies":"Slavers","floor":28.0,"turns":3.0},{"damage":14.0,"enemies":"Book of Stabbing","floor":30.0,"turns":3.0},{"damage":3.0,"enemies":"Centurion and Healer","floor":31.0,"turns":3.0},{"damage":63.0,"enemies":"Automaton","floor":33.0,"turns":10.0},{"damage":9.0,"enemies":"Orb Walker","floor":35.0,"turns":2.0},{"damage":19.0,"enemies":"3 Shapes","floor":39.0,"turns":6.0},{"damage":20.0,"enemies":"3 Darklings","floor":41.0,"turns":4.0},{"damage":18.0,"enemies":"Reptomancer","floor":42.0,"turns":5.0},{"damage":7.0,"enemies":"Sphere and 2 Shapes","floor":44.0,"turns":3.0},{"damage":0.0,"enemies":"Nemesis","floor":46.0,"turns":5.0},{"damage":22.0,"enemies":"Giant Head","floor":48.0,"turns":6.0},{"damage":42.0,"enemies":"Time Eater","floor":50.0,"turns":6.0},{"damage":72,"enemies":"Shield and Spear","floor":54,"turns":3}],"seed_played":"5044277568371278977","potions_obtained":[{"floor":1.0,"key":"EssenceOfSteel"},{"floor":3.0,"key":"LiquidBronze"},{"floor":14.0,"key":"Energy Potion"},{"floor":18.0,"key":"LiquidBronze"},{"floor":28.0,"key":"Explosive Potion"},{"floor":31.0,"key":"LiquidBronze"},{"floor":33.0,"key":"EssenceOfSteel"}],"is_trial":false,"path_per_floor":["M","$","M","M","?","R","E","R","T","?","M","M","?","E","R","B",null,"M","?","M","$","M","R","E","R","T","M","E","?","E","M","R","B",null,"M","?","?","$","M","$","M","E","T","M","R","E","?","E","R","B",null,"R","$","E"],"character_chosen":"IRONCLAD","items_purchased":["PreservedInsect","Bronze Scales","Double Tap","Centennial Puzzle","Blood Vial","Art of War"],"campfire_rested":0,"item_purchase_floors":[2,2,21,21,40,53],"current_hp_per_floor":[43,43,48,46,46,46,44,44,44,44,43,42,42,38,38,9,59,52,52,57,57,38,38,39,39,39,57,63,63,55,65,65,13,60,64,64,64,64,51,51,54,75,75,74,74,75,75,59,59,36,65,65,65,0],"gold":77,"neow_bonus":"TWO_FIFTY_GOLD","is_prod":false,"is_daily":false,"chose_seed":false,"campfire_upgraded":8,"win_rate":0,"timestamp":1559145030,"path_taken":["M","?","M","M","?","R","E","R","T","?","M","M","?","E","R","BOSS","M","?","M","$","?","R","E","R","T","M","E","?","E","M","R","BOSS","M","?","?","$","M","?","M","E","T","M","R","E","?","E","R","BOSS","R","$","E"],"build_version":"2019-01-23","purchased_purges":2,"victory":false,"max_hp_per_floor":[75,75,75,75,75,75,75,75,75,75,75,75,75,75,75,75,75,75,75,75,75,75,75,75,75,75,75,75,75,75,75,75,75,75,75,75,75,75,75,75,75,75,75,75,75,75,75,75,75,75,75,75,75,75],"card_choices":[{"not_picked":["Shrug It Off","Searing Blow"],"picked":"Clothesline","floor":1.0},{"not_picked":["Entrench","Clothesline"],"picked":"Thunderclap","floor":3.0},{"not_picked":["Sever Soul","Rupture"],"picked":"Flame Barrier","floor":4.0},{"not_picked":["Headbutt","Flex"],"picked":"Intimidate","floor":7.0},{"not_picked":["Anger","Inflame"],"picked":"Rage","floor":11.0},{"not_picked":["Carnage","Perfected Strike"],"picked":"Iron Wave","floor":12.0},{"not_picked":["Sever Soul","Dual Wield"],"picked":"Immolate","floor":14.0},{"not_picked":["Dark Embrace","Limit Break"],"picked":"Reaper","floor":16.0},{"not_picked":["Anger","Iron Wave","Sword Boomerang"],"picked":"SKIP","floor":18.0},{"not_picked":["Sentinel","Clothesline"],"picked":"Dropkick","floor":20.0},{"not_picked":["Body Slam","Rage","Warcry"],"picked":"SKIP","floor":22.0},{"not_picked":["Body Slam+1","Entrench"],"picked":"Shrug It Off","floor":24.0},{"not_picked":["Twin Strike+1","Sword Boomerang","Pommel Strike"],"picked":"SKIP","floor":27.0},{"not_picked":["Inflame","Twin Strike","Carnage"],"picked":"SKIP","floor":28.0},{"not_picked":["Inflame","Twin Strike","Carnage"],"picked":"SKIP","floor":28.0},{"not_picked":["Feed","Heavy Blade"],"picked":"Twin Strike+1","floor":30.0},{"not_picked":["Carnage","Shrug It Off"],"picked":"Iron Wave","floor":31.0},{"not_picked":["Limit Break","Immolate"],"picked":"Demon Form","floor":33.0},{"not_picked":["Armaments","Whirlwind"],"picked":"Spot Weakness","floor":35.0},{"not_picked":["Bandage Up","Apotheosis"],"picked":"Trip","floor":36.0},{"not_picked":["Intimidate","Shrug It Off"],"picked":"True Grit","floor":39.0},{"not_picked":["True Grit","Armaments"],"picked":"Disarm","floor":41.0},{"not_picked":["Warcry","Pommel Strike"],"picked":"True Grit+1","floor":42.0},{"not_picked":["Thunderclap+1","Perfected Strike+1","Double Tap"],"picked":"SKIP","floor":44.0},{"not_picked":["Flame Barrier","Clash+1"],"picked":"Sword Boomerang+1","floor":46.0},{"not_picked":["Perfected Strike+1","Wild Strike+1","Dark Embrace"],"picked":"SKIP","floor":48.0},{"not_picked":["Perfected Strike+1","Wild Strike+1","Dark Embrace"],"picked":"SKIP","floor":48.0}],"player_experience":1556025,"relics_obtained":[{"floor":7.0,"key":"Boot"},{"floor":9.0,"key":"Lantern"},{"floor":14.0,"key":"Pen Nib"},{"floor":24.0,"key":"MawBank"},{"floor":28.0,"key":"Omamori"},{"floor":30.0,"key":"Oddly Smooth Stone"},{"floor":42.0,"key":"Bottled Flame"},{"floor":43.0,"key":"Molten Egg 2"},{"floor":46.0,"key":"Mercury Hourglass"},{"floor":48.0,"key":"Red Skull"}],"event_choices":[{"damage_healed":0.0,"max_hp_gain":0.0,"max_hp_loss":0.0,"gold_gain":0.0,"event_name":"Living Wall","player_choice":"Grow","floor":5.0,"gold_loss":0.0,"damage_taken":0.0,"cards_upgraded":["Bash"]},{"damage_healed":0.0,"max_hp_gain":0.0,"max_hp_loss":0.0,"gold_gain":0.0,"event_name":"Liars Game","player_choice":"Ignored","floor":10.0,"gold_loss":0.0,"damage_taken":0.0},{"damage_healed":0.0,"max_hp_gain":0.0,"max_hp_loss":0.0,"gold_gain":0.0,"event_name":"Shining Light","player_choice":"Ignored","floor":13.0,"gold_loss":0.0,"damage_taken":0.0},{"damage_healed":0.0,"max_hp_gain":0.0,"max_hp_loss":0.0,"gold_gain":0.0,"event_name":"FaceTrader","player_choice":"Trade","floor":19.0,"gold_loss":0.0,"damage_taken":0.0,"relics_obtained":["CultistMask"]},{"cards_removed":["Strike_R"],"damage_healed":0.0,"max_hp_gain":0.0,"max_hp_loss":0.0,"gold_gain":0.0,"event_name":"Bonfire Elementals","player_choice":"Offered Basic","floor":29.0,"gold_loss":0.0,"damage_taken":0.0},{"damage_healed":0.0,"max_hp_gain":0.0,"max_hp_loss":0.0,"gold_gain":0.0,"event_name":"SensoryStone","player_choice":"Memory 1","floor":36.0,"gold_loss":0.0,"damage_taken":0.0},{"damage_healed":0.0,"max_hp_gain":0.0,"max_hp_loss":0.0,"gold_gain":0.0,"event_name":"Tomb of Lord Red Mask","player_choice":"Ignored","floor":37.0,"gold_loss":0.0,"damage_taken":0.0},{"damage_healed":0.0,"max_hp_gain":0.0,"max_hp_loss":0.0,"gold_gain":0.0,"event_name":"Lab","player_choice":"Got Potions","floor":47.0,"gold_loss":0.0,"damage_taken":0.0}],"is_beta":false,"boss_relics":[{"not_picked":["Tiny House","Eternal Feather"],"picked":"Coffee Dripper"},{"not_picked":["Runic Pyramid","Lizard Tail"],"picked":"Sozu"}],"items_purged_floors":[40,53],"is_endless":false,"potions_floor_spawned":[1,3,14,18,28,31,33,35,39,48],"killed_by":"Shield and Spear","ascension_level":17}