{"gold_per_floor":[119,269,269,269,6,38,38,70,70,80,5,15,15,15],"floor_reached":14,"playtime":1404,"items_purged":["Doubt"],"score":192,"play_id":"0b04e6d8-ba71-4e98-81f0-b801e1915dc7","local_time":"20190806231911","is_ascension_mode":true,"campfire_choices":[{"floor":7,"key":"REST"},{"floor":13,"key":"REST"}],"neow_cost":"NONE","seed_source_timestamp":891563518172865,"circlet_count":0,"master_deck":["AscendersBane","Strike_B","Strike_B","Strike_B","Strike_B","Defend_B","Defend_B","Defend_B","Defend_B","Zap","Dualcast","Chill","Loop","Lockon","Compile Driver","Reinforced Body","Hello World"],"relics":["Inserter","Ornamental Fan","Lee\u0027s Waffle","PreservedInsect","Emotion Chip","Bronze Scales"],"potions_floor_usage":[6,8,14],"damage_taken":[{"damage":4,"enemies":"2 Louse","floor":1,"turns":4},{"damage":62,"enemies":"Gremlin Nob","floor":6,"turns":6},{"damage":15,"enemies":"3 Sentries","floor":8,"turns":8},{"damage":7,"enemies":"Jaw Worm","floor":10,"turns":4},{"damage":14,"enemies":"Small Slimes","floor":12,"turns":4},{"damage":39,"enemies":"Gremlin Nob","floor":14,"turns":4}],"seed_played":"7315876360103303039","potions_obtained":[{"floor":1,"key":"Swift Potion"},{"floor":4,"key":"FocusPotion"},{"floor":12,"key":"SpeedPotion"}],"is_trial":false,"path_per_floor":["M","?","?","?","$","E","R","E","T","M","$","M","R","E"],"character_chosen":"DEFECT","items_purchased":["Lee\u0027s Waffle","Loop"],"campfire_rested":2,"item_purchase_floors":[5,5],"current_hp_per_floor":[60,60,34,34,78,16,39,24,24,17,17,3,26,0],"gold":15,"neow_bonus":"BOSS_RELIC","is_prod":false,"is_daily":false,"chose_seed":false,"campfire_upgraded":0,"win_rate":0,"timestamp":1565147951,"path_taken":["M","?","?","?","$","E","R","E","T","?","?","M","R","E"],"build_version":"2019-07-17","purchased_purges":1,"victory":false,"max_hp_per_floor":[71,71,71,71,78,78,78,78,78,78,78,78,78,78],"card_choices":[{"not_picked":["Loop","Hologram"],"picked":"Chill","floor":1},{"not_picked":["White Noise","Fission"],"picked":"Lockon","floor":6},{"not_picked":["BootSequence","Steam"],"picked":"Compile Driver","floor":8},{"not_picked":["Go for the Eyes","Beam Cell"],"picked":"Reinforced Body","floor":10},{"not_picked":["Turbo","Go for the Eyes"],"picked":"Hello World","floor":12}],"player_experience":1728286,"relics_obtained":[{"floor":6,"key":"PreservedInsect"},{"floor":8,"key":"Emotion Chip"},{"floor":9,"key":"Bronze Scales"}],"event_choices":[{"damage_healed":0,"gold_gain":150,"player_choice":"AGREE","damage_taken":0,"max_hp_gain":0,"max_hp_loss":0,"event_name":"Liars Game","floor":2,"gold_loss":0,"cards_obtained":["Doubt"]},{"damage_healed":0,"gold_gain":0,"player_choice":"Success","damage_taken":26,"relics_obtained":["Ornamental Fan"],"max_hp_gain":0,"max_hp_loss":0,"event_name":"Scrap Ooze","floor":3,"gold_loss":0},{"damage_healed":0,"gold_gain":0,"player_choice":"Got Potions","damage_taken":0,"max_hp_gain":0,"max_hp_loss":0,"event_name":"Lab","floor":4,"gold_loss":0}],"is_beta":false,"boss_relics":[],"items_purged_floors":[11],"is_endless":false,"potions_floor_spawned":[1,12],"killed_by":"Gremlin Nob","ascension_level":20}