{"path_per_floor":["M","M","M","M","M","R","E","?","T","M","$","R","M","M","R","B",null,"M","M","?","M","M","?","$","T","T","M","E","M","?","?","R","B",null,"M","M","M","?","M","R","M","$","T"],"character_chosen":"IRONCLAD","items_purchased":["Inflame","Impervious","Prayer Wheel","Limit Break"],"gold_per_floor":[116,127,140,159,177,177,207,157,157,170,22,22,35,46,46,146,146,164,183,183,193,210,210,133,205,205,225,260,270,270,270,270,372,372,388,398,408,408,426,426,445,211,238],"floor_reached":44,"campfire_rested":1,"playtime":3139,"current_hp_per_floor":[80,80,80,75,66,66,66,66,66,70,70,70,73,79,79,55,80,80,80,80,68,65,65,65,65,65,53,44,53,53,53,77,13,80,65,71,49,49,56,56,37,37,37],"items_purged":["Defend_R"],"gold":238,"score":438,"play_id":"7635b289-1bf1-4b8a-ad77-b3821c16e7bb","local_time":"20180320205947","is_prod":false,"is_daily":false,"is_ascension_mode":false,"campfire_upgraded":4,"timestamp":1521593987,"path_taken":["M","M","M","M","M","R","E","?","T","M","$","R","M","M","R","BOSS","M","M","?","?","M","?","$","?","T","?","E","M","?","?","R","BOSS","M","M","M","?","M","R","M","$","T","?"],"build_version":"2018-03-15v3","purchased_purges":1,"victory":false,"master_deck":["Strike_R+1","Strike_R+1","Strike_R+1","Strike_R+1","Strike_R+1","Defend_R+1","Bash","Heavy Blade+1","Iron Wave+1","Pommel Strike","Clothesline","Sword Boomerang","Flex+1","Clash","Inflame+1","Iron Wave","Infernal Blade","Reaper","Thunderclap","Flame Barrier","Warcry+1","Perfected Strike+1","Injury","Impervious","Armaments+1","Spot Weakness","Armaments+1","Writhe","Barricade+1","Carnage+1","Clash+1","Rage+1","Limit Break","Dual Wield"],"max_hp_per_floor":[80,80,80,80,80,80,80,80,80,80,80,80,80,80,80,80,80,80,80,80,80,80,80,80,80,80,80,80,80,80,80,80,80,80,80,80,80,80,80,80,80,80,80],"relics":["Burning Blood","Gambling Chip","Pantograph","Velvet Choker","Mummified Hand","Magic Flower","Ancient Tea Set","Juzu Bracelet","Runic Cube","Prayer Wheel","Happy Flower"],"card_choices":[{"not_picked":["Pommel Strike","Clash"],"picked":"Heavy Blade"},{"not_picked":["Sword Boomerang","Power Through"],"picked":"Iron Wave"},{"not_picked":["Shrug It Off","Sword Boomerang"],"picked":"Pommel Strike"},{"not_picked":["Headbutt","Power Through"],"picked":"Clothesline"},{"not_picked":["Infernal Blade","Pummel"],"picked":"Sword Boomerang"},{"not_picked":["Corruption","Clash"],"picked":"Flex"},{"not_picked":["Twin Strike","Dropkick"],"picked":"Clash"},{"not_picked":["Clash","Cleave"],"picked":"Iron Wave"},{"not_picked":["Juggernaut","Fire Breathing"],"picked":"Infernal Blade"},{"not_picked":["Impervious","Feed"],"picked":"Reaper"},{"not_picked":["Anger","Pummel"],"picked":"Thunderclap"},{"not_picked":["Sword Boomerang","Seeing Red"],"picked":"Warcry"},{"not_picked":["Headbutt","Thunderclap"],"picked":"Perfected Strike"},{"not_picked":["Fiend Fire","Sword Boomerang"],"picked":"Armaments"},{"not_picked":["Shockwave","Shrug It Off"],"picked":"Spot Weakness"},{"not_picked":["Flame Barrier","Headbutt"],"picked":"Armaments"},{"not_picked":["Juggernaut","Fiend Fire"],"picked":"Barricade"},{"not_picked":["Shrug It Off","Armaments"],"picked":"Carnage"},{"not_picked":["Infernal Blade","Flex"],"picked":"Clash"},{"not_picked":["Cleave","Anger"],"picked":"Rage"},{"not_picked":["Reckless Charge","Clash"],"picked":"Dual Wield"}],"player_experience":26741,"potions_floor_usage":[7,7,16,16,16,28,33,37,37],"damage_taken":[{"damage":6,"enemies":"2 Louse","floor":1,"turns":2},{"damage":2,"enemies":"Small Slimes","floor":2,"turns":3},{"damage":1,"enemies":"Jaw Worm","floor":3,"turns":4},{"damage":11,"enemies":"Blue Slaver","floor":4,"turns":5},{"damage":15,"enemies":"Red Slaver","floor":5,"turns":5},{"damage":6,"enemies":"3 Sentries","floor":7,"turns":6},{"damage":2,"enemies":"3 Louse","floor":10,"turns":2},{"damage":3,"enemies":"Lots of Slimes","floor":13,"turns":4},{"damage":0,"enemies":"Large Slime","floor":14,"turns":2},{"damage":31,"enemies":"Hexaghost","floor":16,"turns":6},{"damage":0,"enemies":"3 Byrds","floor":18,"turns":5},{"damage":0,"enemies":"Chosen","floor":19,"turns":2},{"damage":18,"enemies":"Sentry and Sphere","floor":21,"turns":5},{"damage":9,"enemies":"Cultist and Chosen","floor":22,"turns":5},{"damage":21,"enemies":"Centurion and Healer","floor":27,"turns":5},{"damage":18,"enemies":"Book of Stabbing","floor":28,"turns":5},{"damage":0,"enemies":"Snake Plant","floor":29,"turns":3},{"damage":83,"enemies":"Champ","floor":33,"turns":11},{"damage":41,"enemies":"3 Darklings","floor":35,"turns":6},{"damage":3,"enemies":"Orb Walker","floor":36,"turns":2},{"damage":45,"enemies":"Maw","floor":37,"turns":6},{"damage":19,"enemies":"3 Darklings","floor":39,"turns":4},{"damage":28,"enemies":"4 Shapes","floor":41,"turns":3},{"damage":63,"enemies":"Mysterious Sphere","floor":44,"turns":6}],"event_choices":[{"event_name":"The Cleric","player_choice":"Card Removal","floor":8,"damage_taken":0},{"event_name":"The Library","player_choice":"Read","floor":20,"damage_taken":0},{"event_name":"Accursed Blacksmith","player_choice":"Forge","floor":23,"damage_taken":0},{"event_name":"Back to Basics","player_choice":"Simplicity","floor":30,"damage_taken":0},{"event_name":"The Mausoleum","player_choice":"Yes","floor":31,"damage_taken":0},{"event_name":"Mysterious Sphere","player_choice":"Fight","floor":44,"damage_taken":0}],"boss_relics":[{"not_picked":["Cursed Key","Tiny House"],"picked":"Velvet Choker"},{"not_picked":["Snecko Eye","Runic Pyramid"],"picked":"Runic Cube"}],"potions_floor_spawned":[2,3,5,13,14,27,29,35,36],"seed_played":"8985404235653414964","killed_by":"Mysterious Sphere","ascension_level":0,"is_trial":false}