{"gold_per_floor":[113,113,124,399,417,417,435,500,525,525,539,554,554,572,572,572],"floor_reached":16,"playtime":543,"items_purged":[],"score":125,"play_id":"64e6f878-d330-442c-b41c-335a04abcc1c","local_time":"20190502125952","is_ascension_mode":true,"campfire_choices":[{"floor":6,"key":"REST"},{"floor":10,"key":"REST"},{"floor":13,"key":"REST"},{"floor":15,"key":"REST"}],"neow_cost":"PERCENT_DAMAGE","seed_source_timestamp":6242545715196,"circlet_count":0,"master_deck":["Strike_B","Strike_B","Strike_B","Strike_B","Defend_B","Defend_B","Defend_B","Defend_B","Zap","Dualcast","Redo","Defragment","Regret","Rebound","Chaos","Cold Snap","Melter","Ball Lightning","Hologram"],"relics":["Cracked Core","Smiling Mask","Tiny Chest","Potion Belt"],"potions_floor_usage":[12,14,16,16],"damage_taken":[{"damage":1,"enemies":"Cultist","floor":1,"turns":3},{"damage":9,"enemies":"Jaw Worm","floor":3,"turns":3},{"damage":11,"enemies":"2 Louse","floor":5,"turns":2},{"damage":10,"enemies":"Large Slime","floor":7,"turns":5},{"damage":32,"enemies":"Lagavulin","floor":8,"turns":5},{"damage":24,"enemies":"Exordium Thugs","floor":11,"turns":4},{"damage":5,"enemies":"Blue Slaver","floor":12,"turns":3},{"damage":11,"enemies":"Exordium Wildlife","floor":14,"turns":3},{"damage":51,"enemies":"The Guardian","floor":16,"turns":13}],"seed_played":"-6746966149784473341","potions_obtained":[{"floor":3,"key":"Block Potion"},{"floor":5,"key":"Block Potion"},{"floor":11,"key":"Weak Potion"},{"floor":12,"key":"FearPotion"}],"is_trial":false,"path_per_floor":["M","?","M","?","M","R","M","E","T","R","M","M","R","M","R","B"],"character_chosen":"DEFECT","items_purchased":[],"campfire_rested":4,"item_purchase_floors":[],"current_hp_per_floor":[67,49,40,40,29,55,45,13,13,39,15,10,36,25,51,0],"gold":572,"neow_bonus":"TWENTY_PERCENT_HP_BONUS","is_prod":false,"is_daily":false,"chose_seed":false,"campfire_upgraded":0,"win_rate":0,"timestamp":1556765992,"path_taken":["M","?","M","?","M","R","M","E","T","R","M","M","R","M","R","BOSS"],"build_version":"2019-01-23","purchased_purges":0,"victory":false,"max_hp_per_floor":[89,89,89,89,89,89,89,89,89,89,89,89,89,89,89,89],"card_choices":[{"not_picked":["Rebound","White Noise"],"picked":"Redo","floor":1},{"not_picked":["Gash","Reinforced Body"],"picked":"Defragment","floor":3},{"not_picked":["Aggregate","Redo"],"picked":"Rebound","floor":5},{"not_picked":["Steam","Sweeping Beam"],"picked":"Chaos","floor":7},{"not_picked":["Gash","Barrage"],"picked":"Cold Snap","floor":8},{"not_picked":["Aggregate","Genetic Algorithm"],"picked":"Melter","floor":11},{"not_picked":["Redo","Compile Driver"],"picked":"Ball Lightning","floor":12},{"not_picked":["Heatsinks","Reinforced Body"],"picked":"Hologram","floor":14}],"player_experience":573359,"relics_obtained":[{"floor":8,"key":"Tiny Chest"},{"floor":9,"key":"Potion Belt"}],"event_choices":[{"damage_healed":0,"gold_gain":0,"player_choice":"Success","damage_taken":18,"relics_obtained":["Smiling Mask"],"max_hp_gain":0,"max_hp_loss":0,"event_name":"Scrap Ooze","floor":2,"gold_loss":0},{"damage_healed":0,"gold_gain":275,"player_choice":"Desecrate","damage_taken":0,"max_hp_gain":0,"max_hp_loss":0,"event_name":"Golden Shrine","floor":4,"gold_loss":0,"cards_obtained":["Regret"]}],"is_beta":false,"boss_relics":[],"items_purged_floors":[],"is_endless":false,"potions_floor_spawned":[3,5,11,12],"killed_by":"The Guardian","ascension_level":4}