{"gold_per_floor":[110,110,110,127,127,152,152,171,171,37,55,70,70,95,95,219,219,244,36,51,69,89,89,103,103,103,103,117,216,216,216,216,216],"floor_reached":33,"playtime":1741,"items_purged":[],"score":299,"play_id":"1195f9e6-c0d0-4cde-9e39-f7f5d9020deb","local_time":"20190219114627","is_ascension_mode":true,"campfire_choices":[{"floor":7,"key":"REST"},{"floor":15,"key":"REST"},{"floor":23,"key":"REST"},{"floor":25,"key":"REST"},{"data":"Blind","floor":30,"key":"SMITH"},{"floor":32,"key":"REST"}],"neow_cost":"NONE","seed_source_timestamp":572565968598700,"circlet_count":0,"master_deck":["Strike_B","Strike_B","Defend_B","Defend_B","Defend_B","Defend_B","Zap","Dualcast","Finesse","Coolheaded","Sweeping Beam","Reinforced Body","Compile Driver+1","Blind+1","Streamline+1","Go for the Eyes+1","Gash+1","Core Surge+1","Beam Cell+1","Flash of Steel+1","Rebound+1","Leap","Hologram","FTL+1","Steam","Skim","Gash+1","Hologram+1"],"relics":["Cracked Core","Molten Egg 2","Omamori","Golden Idol","Nuclear Battery","Bronze Scales"],"potions_floor_usage":[21],"damage_taken":[{"damage":7,"enemies":"Jaw Worm","floor":1,"turns":3},{"damage":2,"enemies":"2 Louse","floor":4,"turns":3},{"damage":32,"enemies":"Lagavulin","floor":6,"turns":7},{"damage":4,"enemies":"Cultist","floor":8,"turns":4},{"damage":0,"enemies":"3 Louse","floor":11,"turns":3},{"damage":0,"enemies":"Blue Slaver","floor":12,"turns":3},{"damage":6,"enemies":"Lots of Slimes","floor":14,"turns":3},{"damage":1,"enemies":"The Guardian","floor":16,"turns":13},{"damage":11,"enemies":"2 Thieves","floor":18,"turns":4},{"damage":15,"enemies":"Shell Parasite","floor":20,"turns":4},{"damage":25,"enemies":"Snake Plant","floor":21,"turns":4},{"damage":8,"enemies":"3 Cultists","floor":22,"turns":4},{"damage":16,"enemies":"Centurion and Healer","floor":24,"turns":5},{"damage":14,"enemies":"Snake Plant","floor":28,"turns":3},{"damage":67,"enemies":"Automaton","floor":33,"turns":6}],"seed_played":"-4723550537282390523","potions_obtained":[{"floor":6,"key":"FocusPotion"},{"floor":8,"key":"SpeedPotion"},{"floor":12,"key":"SkillPotion"},{"floor":22,"key":"Explosive Potion"},{"floor":24,"key":"FearPotion"}],"is_trial":false,"path_per_floor":["M","?","?","M","$","E","R","M","T","$","M","M","?","M","R","B",null,"M","$","M","M","M","R","M","R","T","?","M","?","R","?","R","B"],"character_chosen":"DEFECT","items_purchased":["Blind","Streamline+1","Flash of Steel+1","Rebound+1","Leap","Hologram"],"campfire_rested":5,"item_purchase_floors":[10,10,19,19,19,19],"current_hp_per_floor":[68,61,61,59,59,27,49,45,45,45,45,45,45,39,59,58,69,58,58,43,18,10,30,14,34,34,57,43,43,43,43,63,0],"gold":216,"neow_bonus":"RANDOM_COLORLESS","is_prod":false,"is_daily":false,"chose_seed":false,"campfire_upgraded":1,"win_rate":0,"timestamp":1550605587,"path_taken":["M","?","?","M","$","E","R","M","T","$","?","M","?","M","R","BOSS","M","$","M","M","M","R","M","R","T","?","M","?","R","?","R","BOSS"],"build_version":"2019-01-23","purchased_purges":0,"victory":false,"max_hp_per_floor":[75,75,75,75,75,75,75,75,75,75,75,75,69,69,69,69,69,69,69,69,69,69,69,69,69,69,69,69,69,69,69,69,69],"card_choices":[{"not_picked":["Conserve Battery","Hologram"],"picked":"Coolheaded","floor":1},{"not_picked":["Consume","Cold Snap"],"picked":"Sweeping Beam","floor":4},{"not_picked":["Hologram","Gash"],"picked":"Reinforced Body","floor":6},{"not_picked":["Coolheaded","Consume"],"picked":"Compile Driver+1","floor":8},{"not_picked":["Stack","Coolheaded"],"picked":"Go for the Eyes+1","floor":11},{"not_picked":["Heatsinks","Sweeping Beam+1","Force Field"],"picked":"SKIP","floor":12},{"not_picked":["Compile Driver+1","Aggregate"],"picked":"Gash+1","floor":14},{"not_picked":["Fission","Buffer"],"picked":"Core Surge+1","floor":16},{"not_picked":["Stack","Reprogram"],"picked":"Beam Cell+1","floor":18},{"not_picked":["Barrage+1","Coolheaded+1"],"picked":"FTL+1","floor":20},{"not_picked":["Stack","Beam Cell+1"],"picked":"Steam","floor":21},{"not_picked":["Sweeping Beam+1","Cold Snap+1"],"picked":"Skim","floor":22},{"not_picked":["Fusion","Recycle"],"picked":"Gash+1","floor":24},{"not_picked":["Sunder+1","Go for the Eyes+1"],"picked":"Hologram+1","floor":28}],"player_experience":135526,"relics_obtained":[{"floor":6,"key":"Molten Egg 2"},{"floor":9,"key":"Omamori"},{"floor":26,"key":"Bronze Scales"}],"event_choices":[{"cards_removed":["Strike_B"],"damage_healed":0,"gold_gain":0,"player_choice":"Card Removal","damage_taken":7,"max_hp_gain":0,"max_hp_loss":0,"event_name":"Golden Wing","floor":2,"gold_loss":0},{"cards_removed":["Strike_B"],"damage_healed":0,"gold_gain":0,"player_choice":"Offered Basic","damage_taken":0,"max_hp_gain":0,"max_hp_loss":0,"event_name":"Bonfire Elementals","floor":3,"gold_loss":0},{"damage_healed":0,"gold_gain":0,"player_choice":"Lose Max HP","damage_taken":0,"relics_obtained":["Golden Idol"],"max_hp_gain":0,"max_hp_loss":6,"event_name":"Golden Idol","floor":13,"gold_loss":0},{"damage_healed":23,"gold_gain":0,"player_choice":"Heal","damage_taken":0,"max_hp_gain":0,"max_hp_loss":0,"event_name":"The Library","floor":27,"gold_loss":0},{"damage_healed":0,"gold_gain":99,"player_choice":"Stole From Cult","damage_taken":0,"max_hp_gain":0,"max_hp_loss":0,"event_name":"Nest","floor":29,"gold_loss":0},{"damage_healed":0,"gold_gain":0,"player_choice":"Cursed","damage_taken":0,"max_hp_gain":0,"max_hp_loss":0,"event_name":"Wheel of Change","floor":31,"gold_loss":0,"cards_obtained":["Decay"]}],"is_beta":false,"boss_relics":[{"not_picked":["Pandora\u0027s Box","Lizard Tail"],"picked":"Nuclear Battery"}],"items_purged_floors":[],"is_endless":false,"potions_floor_spawned":[6,8,12,14,20,22,24],"killed_by":"Automaton","ascension_level":4}