{"gold_per_floor":[147,147,160,229,244,244,262,262,310,30,30,46,46,62,62,159,159,173,273,73,172,184,184,204,217,240,2,12,31,31,42,42,147,147,161,61,61,74,34,65,65,76,76,96,114,114,126,126,126,126],"floor_reached":50,"playtime":2810,"items_purged":["Strike_R","Defend_R"],"score":754,"play_id":"aad766db-fb88-430e-9644-f33132cff6fa","local_time":"20180911040547","is_ascension_mode":true,"campfire_choices":[{"data":"Thunderclap","floor":6,"key":"SMITH"},{"data":"Flame Barrier","floor":8,"key":"SMITH"},{"data":"Armaments","floor":13,"key":"SMITH"},{"data":"Juggernaut","floor":15,"key":"SMITH"},{"data":"Sentinel","floor":23,"key":"SMITH"},{"floor":32,"key":"REST"},{"floor":41,"key":"REST"},{"floor":49,"key":"REST"}],"neow_cost":"NONE","seed_source_timestamp":1935840084468388,"circlet_count":0,"master_deck":["Strike_R","Defend_R","Defend_R","Bash","Thunderclap+1","Sentinel","Cleave+1","Flame Barrier+1","Juggernaut+1","Armaments+1","Whirlwind+1","Iron Wave+1","Feed+1","Sever Soul+1","Clash+1","Offering+1","Sentinel+1","Iron Wave+1","Battle Trance","Spot Weakness","Clash+1","Heavy Blade+1","Juggernaut"],"relics":["Burning Blood","Tiny Chest","Molten Egg 2","Oddly Smooth Stone","ClockworkSouvenir","Astrolabe","Ginger","Question Card","TheAbacus","Blood Vial","Meat on the Bone","Fusion Hammer","Strawberry","Art of War","Blue Candle","NlothsMask"],"potions_floor_usage":[7,19,19,33,39,45,47,50],"damage_taken":[{"damage":7,"enemies":"Jaw Worm","floor":1,"turns":3},{"damage":6,"enemies":"2 Louse","floor":3,"turns":3},{"damage":1,"enemies":"Small Slimes","floor":5,"turns":4},{"damage":22,"enemies":"Exordium Thugs","floor":7,"turns":4},{"damage":0,"enemies":"Looter","floor":12,"turns":3},{"damage":0,"enemies":"Red Slaver","floor":14,"turns":3},{"damage":46,"enemies":"Hexaghost","floor":16,"turns":13},{"damage":14,"enemies":"Shell Parasite","floor":18,"turns":3},{"damage":6,"enemies":"Colosseum Slavers","floor":19,"turns":4},{"damage":38,"enemies":"Colosseum Nobs","floor":19,"turns":5},{"damage":9,"enemies":"Spheric Guardian","floor":22,"turns":3},{"damage":25,"enemies":"Snake Plant","floor":24,"turns":4},{"damage":10,"enemies":"Shelled Parasite and Fungi","floor":25,"turns":2},{"damage":6,"enemies":"Snecko","floor":28,"turns":3},{"damage":4,"enemies":"Sentry and Sphere","floor":29,"turns":6},{"damage":14,"enemies":"Snake Plant","floor":31,"turns":3},{"damage":59,"enemies":"Collector","floor":33,"turns":12},{"damage":2,"enemies":"Orb Walker","floor":35,"turns":3},{"damage":17,"enemies":"3 Darklings","floor":38,"turns":3},{"damage":89,"enemies":"Giant Head","floor":40,"turns":8},{"damage":43,"enemies":"Spire Growth","floor":42,"turns":6},{"damage":9,"enemies":"Reptomancer","floor":44,"turns":3},{"damage":6,"enemies":"Transient","floor":45,"turns":5},{"damage":57,"enemies":"3 Darklings","floor":47,"turns":4},{"damage":116,"enemies":"Time Eater","floor":50,"turns":9}],"seed_played":"8169567821754445519","potions_obtained":[{"floor":3,"key":"SneckoOil"},{"floor":7,"key":"BloodPotion"},{"floor":14,"key":"Fire Potion"},{"floor":19,"key":"BloodPotion"},{"floor":31,"key":"Weak Potion"},{"floor":33,"key":"FairyPotion"},{"floor":35,"key":"Fruit Juice"},{"floor":42,"key":"SkillPotion"},{"floor":45,"key":"BloodPotion"}],"is_trial":false,"path_per_floor":["M","?","M","T","M","R","M","R","T","$","?","M","R","M","R","B",null,"M","?","$","?","M","R","M","M","T","$","M","M","$","M","R","B",null,"M","$","T","M","$","E","R","M","T","M","M","?","M","T","R"],"character_chosen":"IRONCLAD","items_purchased":["ClockworkSouvenir","TheAbacus","Meat on the Bone","Spot Weakness"],"campfire_rested":3,"item_purchase_floors":[10,20,27,39],"current_hp_per_floor":[71,64,64,64,69,69,53,53,53,53,53,59,59,65,65,25,66,62,46,46,46,43,43,28,28,28,28,42,58,58,64,94,59,93,99,99,106,97,102,33,67,44,44,59,73,73,48,48,84,0],"gold":126,"neow_bonus":"RANDOM_COMMON_RELIC","is_prod":false,"is_daily":false,"chose_seed":false,"campfire_upgraded":5,"win_rate":0,"timestamp":1536653147,"path_taken":["M","?","?","?","M","R","M","R","T","$","?","M","R","?","R","BOSS","M","?","$","?","M","R","?","M","T","?","M","M","$","?","R","BOSS","M","?","?","?","$","E","R","?","T","M","M","?","M","?","R","BOSS"],"build_version":"2018-09-06","purchased_purges":2,"victory":false,"max_hp_per_floor":[80,80,80,80,80,80,80,80,80,80,80,80,80,80,80,80,80,84,92,92,92,92,92,96,100,100,100,100,100,100,100,100,104,104,104,104,111,111,116,116,116,116,116,120,120,120,120,120,120,120],"card_choices":[{"not_picked":["Cleave","Havoc"],"picked":"Thunderclap","floor":1},{"not_picked":["Perfected Strike","Feel No Pain"],"picked":"Sentinel","floor":3},{"not_picked":["Body Slam+1","Flame Barrier"],"picked":"Cleave+1","floor":5},{"not_picked":["Anger+1","Pommel Strike+1"],"picked":"Flame Barrier","floor":7},{"not_picked":["Shockwave","Anger+1"],"picked":"Whirlwind+1","floor":12},{"not_picked":["Wild Strike+1","Whirlwind+1"],"picked":"Iron Wave+1","floor":14},{"not_picked":["Double Tap","Limit Break"],"picked":"Feed+1","floor":16},{"not_picked":["Twin Strike+1","Perfected Strike+1","Wild Strike+1"],"picked":"SKIP","floor":18},{"not_picked":["Clothesline+1","Anger+1","Pommel Strike+1"],"picked":"Sentinel","floor":22},{"not_picked":["Twin Strike+1","Dark Embrace","True Grit","Sever Soul+1"],"picked":"SKIP","floor":24},{"not_picked":["Wild Strike+1","Rampage+1","True Grit"],"picked":"Iron Wave+1","floor":25},{"not_picked":["Warcry","Twin Strike+1","Havoc"],"picked":"Battle Trance","floor":28},{"not_picked":["Pummel+1","Whirlwind+1","Battle Trance","Body Slam+1"],"picked":"SKIP","floor":29},{"not_picked":["Demon Form","Reckless Charge+1","Anger+1","Havoc+1"],"picked":"SKIP","floor":31},{"not_picked":["Warcry","Havoc+1","Sword Boomerang+1","Thunderclap+1"],"picked":"SKIP","floor":35},{"not_picked":["Body Slam+1","Headbutt+1","Shrug It Off","Anger+1"],"picked":"SKIP","floor":38},{"not_picked":["Cleave+1","Barricade","Rage"],"picked":"Clash+1","floor":40},{"not_picked":["Thunderclap+1","Perfected Strike+1","Searing Blow+1"],"picked":"Heavy Blade+1","floor":42},{"not_picked":["Heavy Blade+1","Intimidate+1","Reckless Charge+1"],"picked":"Juggernaut","floor":44},{"not_picked":["Headbutt+1","Shrug It Off+1","Warcry","Fire Breathing"],"picked":"SKIP","floor":45},{"not_picked":["Shrug It Off","Searing Blow+1","True Grit","Anger+1"],"picked":"SKIP","floor":47}],"player_experience":527910,"relics_obtained":[{"floor":4,"key":"Molten Egg 2"},{"floor":9,"key":"Oddly Smooth Stone"},{"floor":19,"key":"Ginger"},{"floor":19,"key":"Question Card"},{"floor":26,"key":"Blood Vial"},{"floor":37,"key":"Strawberry"},{"floor":40,"key":"Art of War"},{"floor":43,"key":"Blue Candle"}],"event_choices":[{"event_name":"Golden Wing","player_choice":"Card Removal","floor":2,"damage_taken":0},{"event_name":"Match and Keep!","player_choice":"2 cards matched","floor":11,"damage_taken":0},{"event_name":"Colosseum","player_choice":"Fight","floor":19,"damage_taken":0},{"event_name":"Colosseum","player_choice":"Fought Nobs","floor":19,"damage_taken":0},{"event_name":"Nest","player_choice":"Stole From Cult","floor":21,"damage_taken":0},{"event_name":"FaceTrader","player_choice":"Trade","floor":46,"damage_taken":0}],"is_beta":false,"boss_relics":[{"not_picked":["Runic Pyramid","Tiny House"],"picked":"Astrolabe"},{"not_picked":["Mark of Pain","Coffee Dripper"],"picked":"Fusion Hammer"}],"items_purged_floors":[10,36],"is_endless":false,"potions_floor_spawned":[3,7,14,19,19,31,33,35,42,45],"killed_by":"Time Eater","ascension_level":9}