{"gold_per_floor":[119,134,147,127,147,147,180,200,226,250,262,307,47,47,47,118,118,118,118,118,118,118,118,118,118,118,118],"floor_reached":27,"playtime":1972,"items_purged":[],"score":494,"play_id":"e03eaf4d-cea2-46e0-aa8b-302d35d90c7b","local_time":"20190504032437","is_ascension_mode":true,"campfire_choices":[{"data":"Glass Knife","floor":6.0,"key":"SMITH"},{"floor":11.0,"key":"REST"},{"floor":15.0,"key":"REST"},{"floor":23.0,"key":"REST"}],"neow_cost":"NONE","seed_source_timestamp":829073959597475,"circlet_count":0,"master_deck":["AscendersBane","Defend_G","Defend_G","Defend_G+1","Defend_G","Defend_G","Strike_G","Strike_G","Strike_G","Strike_G","Strike_G","Survivor","Neutralize","Glass Knife+1","Poisoned Stab","Flying Knee","PiercingWail+1","Cloak And Dagger","Caltrops","Riddle With Holes","Leg Sweep","Venomology","Sucker Punch+1","Terror","Dodge and Roll+1","Crippling Poison"],"special_seed":0,"relics":["Ring of the Snake","Ancient Tea Set","MawBank","Bag of Preparation","Pantograph","Ectoplasm","Blood Vial","Matryoshka"],"potions_floor_usage":[27],"damage_taken":[{"damage":2.0,"enemies":"Cultist","floor":1.0,"turns":5.0},{"damage":0.0,"enemies":"Jaw Worm","floor":2.0,"turns":3.0},{"damage":0.0,"enemies":"Small Slimes","floor":3.0,"turns":3.0},{"damage":7.0,"enemies":"Looter","floor":5.0,"turns":5.0},{"damage":23.0,"enemies":"Lagavulin","floor":7.0,"turns":6.0},{"damage":15.0,"enemies":"Gremlin Gang","floor":8.0,"turns":4.0},{"damage":0.0,"enemies":"3 Louse","floor":10.0,"turns":3.0},{"damage":6.0,"enemies":"Gremlin Nob","floor":12.0,"turns":3.0},{"damage":8.0,"enemies":"The Guardian","floor":16.0,"turns":14.0},{"damage":18.0,"enemies":"Spheric Guardian","floor":18.0,"turns":4.0},{"damage":8.0,"enemies":"Chosen","floor":19.0,"turns":4.0},{"damage":22.0,"enemies":"Shelled Parasite and Fungi","floor":20.0,"turns":7.0},{"damage":11.0,"enemies":"Snecko","floor":21.0,"turns":6.0},{"damage":2.0,"enemies":"Cultist and Chosen","floor":22.0,"turns":7.0},{"damage":17.0,"enemies":"Gremlin Leader","floor":24.0,"turns":7.0},{"damage":26,"enemies":"3 Cultists","floor":27,"turns":4}],"seed_played":"870686118456590059","potions_obtained":[{"floor":3.0,"key":"SteroidPotion"},{"floor":4.0,"key":"SneckoOil"},{"floor":5.0,"key":"Fruit Juice"},{"floor":12.0,"key":"Fire Potion"},{"floor":19.0,"key":"GamblersBrew"},{"floor":21.0,"key":"SpeedPotion"},{"floor":22.0,"key":"Swift Potion"}],"is_trial":false,"path_per_floor":["M","M","M","?","M","R","E","M","T","M","R","E","$","?","R","B",null,"M","M","M","M","M","R","E","?","T","M"],"character_chosen":"THE_SILENT","items_purchased":["Pantograph"],"campfire_rested":3,"item_purchase_floors":[13],"current_hp_per_floor":[57,57,57,57,55,55,32,17,17,17,38,32,32,11,32,49,66,48,40,18,7,5,26,9,9,9,0],"gold":118,"neow_bonus":"ONE_RANDOM_RARE_CARD","is_prod":false,"is_daily":false,"chose_seed":false,"campfire_upgraded":1,"win_rate":0,"timestamp":1556954677,"path_taken":["M","M","?","?","M","R","E","M","T","M","R","E","?","?","R","BOSS","M","M","M","M","M","R","E","?","T","?"],"build_version":"2019-01-23","purchased_purges":0,"victory":false,"max_hp_per_floor":[66,66,66,66,71,71,71,71,71,71,71,71,71,71,71,71,71,71,71,71,71,71,71,71,71,71,71],"card_choices":[{"not_picked":["Outmaneuver","Deadly Poison"],"picked":"Poisoned Stab","floor":1.0},{"not_picked":["Backflip","Bouncing Flask"],"picked":"Flying Knee","floor":2.0},{"not_picked":["Deflect","Heel Hook"],"picked":"PiercingWail","floor":3.0},{"not_picked":["Slice","Tactician"],"picked":"Cloak And Dagger","floor":5.0},{"not_picked":["Quick Slash","Storm of Steel"],"picked":"Caltrops","floor":7.0},{"not_picked":["Acrobatics","Flying Knee","Bane"],"picked":"SKIP","floor":8.0},{"not_picked":["Grand Finale","Infinite Blades"],"picked":"Riddle With Holes","floor":10.0},{"not_picked":["Setup","Slice"],"picked":"Leg Sweep","floor":12.0},{"not_picked":["Tools of the Trade","Glass Knife"],"picked":"Venomology","floor":16.0},{"not_picked":["Accuracy","Underhanded Strike"],"picked":"Sucker Punch+1","floor":18.0},{"not_picked":["Prepared","Expertise"],"picked":"Terror","floor":19.0},{"not_picked":["Distraction","Dagger Throw","Prepared"],"picked":"SKIP","floor":20.0},{"not_picked":["Accuracy","Blur"],"picked":"Dodge and Roll+1","floor":21.0},{"not_picked":["Slice","Backflip"],"picked":"Crippling Poison","floor":22.0}],"player_experience":1387055,"relics_obtained":[{"floor":7.0,"key":"Ancient Tea Set"},{"floor":9.0,"key":"MawBank"},{"floor":12.0,"key":"Bag of Preparation"},{"floor":24.0,"key":"Blood Vial"},{"floor":26.0,"key":"Matryoshka"}],"event_choices":[{"damage_healed":0.0,"max_hp_gain":0.0,"max_hp_loss":0.0,"gold_gain":0.0,"event_name":"The Woman in Blue","player_choice":"Bought 1 Potion","floor":4.0,"gold_loss":0.0,"damage_taken":0.0},{"damage_healed":0.0,"max_hp_gain":0.0,"max_hp_loss":0.0,"gold_gain":0.0,"event_name":"Shining Light","player_choice":"Entered Light","floor":14.0,"gold_loss":0.0,"damage_taken":21.0,"cards_upgraded":["Defend_G","PiercingWail"]},{"damage_healed":0.0,"max_hp_gain":0.0,"max_hp_loss":0.0,"gold_gain":0.0,"event_name":"Match and Keep!","player_choice":"0 cards matched","floor":25.0,"gold_loss":0.0,"damage_taken":0.0,"cards_obtained":[]}],"is_beta":false,"boss_relics":[{"not_picked":["Lizard Tail","Orrery"],"picked":"Ectoplasm"}],"items_purged_floors":[],"is_endless":false,"potions_floor_spawned":[3,5,12,19,21,22],"killed_by":"3 Cultists","ascension_level":20}