{"gold_per_floor":[110,185,185,185,185,185,219,219,219,219,229,246,246,257,257,330,330,349,363,374,35,35],"floor_reached":22,"playtime":2566,"items_purged":["Strike_G"],"score":418,"play_id":"3b8b6884-afe1-4c9a-b819-74cdc5d99086","local_time":"20190429095128","is_ascension_mode":true,"campfire_choices":[{"floor":6.0,"key":"REST"},{"floor":10.0,"key":"REST"},{"data":"Crippling Poison","floor":13.0,"key":"SMITH"},{"data":"Cloak And Dagger","floor":15.0,"key":"SMITH"}],"neow_cost":"NONE","seed_source_timestamp":427974345621944,"circlet_count":0,"master_deck":["AscendersBane","Defend_G","Defend_G","Defend_G+1","Defend_G","Defend_G","Strike_G+1","Survivor","Neutralize+1","Flying Knee","Cloak And Dagger+1","Dagger Spray","Crippling Poison+1","Well Laid Plans","Storm of Steel","Corpse Explosion+1","Unload+1","Blade Dance+1","Blur","PiercingWail","Endless Agony"],"special_seed":0,"relics":["Ring of the Snake","NeowsBlessing","Snake Skull","Kunai","Astrolabe","Molten Egg 2"],"potions_floor_usage":[16,16,20],"damage_taken":[{"damage":0.0,"enemies":"2 Louse","floor":1.0,"turns":1.0},{"damage":0.0,"enemies":"Gremlin Nob","floor":7.0,"turns":1.0},{"damage":0.0,"enemies":"Jaw Worm","floor":11.0,"turns":1.0},{"damage":0.0,"enemies":"Small Slimes","floor":12.0,"turns":2.0},{"damage":0.0,"enemies":"3 Louse","floor":14.0,"turns":2.0},{"damage":45,"enemies":"Hexaghost","floor":16,"turns":16},{"damage":8,"enemies":"3 Byrds","floor":18,"turns":3},{"damage":20,"enemies":"Shell Parasite","floor":19,"turns":6},{"damage":11,"enemies":"Snecko","floor":20,"turns":5},{"damage":26,"enemies":"Sentry and Sphere","floor":22,"turns":5}],"seed_played":"-2730254710421746395","potions_obtained":[{"floor":11.0,"key":"EssenceOfSteel"},{"floor":12.0,"key":"Regen Potion"},{"floor":18,"key":"Regen Potion"}],"is_trial":false,"path_per_floor":["M","?","?","?","?","R","E","?","T","R","M","M","R","M","R","B",null,"M","M","M","$","M"],"character_chosen":"THE_SILENT","items_purchased":["Molten Egg 2"],"campfire_rested":2,"item_purchase_floors":[21],"current_hp_per_floor":[59,48,28,28,2,21,21,12,12,31,31,31,31,31,31,1,50,42,22,26,26,0],"gold":35,"neow_bonus":"THREE_ENEMY_KILL","is_prod":false,"is_daily":false,"chose_seed":false,"campfire_upgraded":2,"win_rate":0,"timestamp":1556545888,"path_taken":["M","?","?","?","?","R","E","?","T","R","M","?","R","M","R","BOSS","M","M","M","$","M"],"build_version":"2019-01-23","purchased_purges":1,"victory":false,"max_hp_per_floor":[66,66,66,66,66,66,66,66,66,66,66,66,66,66,66,66,66,66,66,66,66,66],"card_choices":[{"not_picked":["Underhanded Strike","Bane"],"picked":"Flying Knee","floor":1.0},{"not_picked":["Backflip","Dodge and Roll"],"picked":"Cloak And Dagger","floor":7.0},{"not_picked":["Quick Slash","Concentrate"],"picked":"Dagger Spray","floor":11.0},{"not_picked":["PiercingWail","All Out Attack"],"picked":"Crippling Poison","floor":12.0},{"not_picked":["Finisher","Predator"],"picked":"Well Laid Plans","floor":14.0},{"not_picked":["Malaise","Bullet Time"],"picked":"Storm of Steel","floor":16},{"not_picked":["Poisoned Stab","Deflect"],"picked":"Blur","floor":18},{"not_picked":["Prepared","Outmaneuver"],"picked":"PiercingWail","floor":19},{"not_picked":["Choke","Bane"],"picked":"Endless Agony","floor":20}],"player_experience":1305311,"relics_obtained":[{"floor":7.0,"key":"Snake Skull"},{"floor":9.0,"key":"Kunai"}],"event_choices":[{"damage_healed":0.0,"max_hp_gain":0.0,"max_hp_loss":0.0,"gold_gain":75.0,"event_name":"World of Goop","player_choice":"Gather Gold","floor":2.0,"gold_loss":0.0,"damage_taken":11.0},{"damage_healed":0.0,"max_hp_gain":0.0,"max_hp_loss":0.0,"gold_gain":0.0,"event_name":"Shining Light","player_choice":"Entered Light","floor":3.0,"gold_loss":0.0,"damage_taken":20.0,"cards_upgraded":["Strike_G","Defend_G"]},{"damage_healed":0.0,"max_hp_gain":0.0,"max_hp_loss":0.0,"gold_gain":0.0,"event_name":"Living Wall","player_choice":"Grow","floor":4.0,"gold_loss":0.0,"damage_taken":0.0,"cards_upgraded":["Neutralize"]},{"damage_healed":0.0,"max_hp_gain":0.0,"max_hp_loss":0.0,"gold_gain":0.0,"event_name":"Scrap Ooze","player_choice":"Fled","floor":5.0,"gold_loss":0.0,"damage_taken":26.0},{"damage_healed":0.0,"max_hp_gain":0.0,"max_hp_loss":0.0,"gold_gain":0.0,"event_name":"Wheel of Change","player_choice":"Damaged","floor":8.0,"gold_loss":0.0,"damage_taken":9.0}],"is_beta":false,"boss_relics":[{"not_picked":["Black Star","Tiny House"],"picked":"Astrolabe"}],"items_purged_floors":[21],"is_endless":false,"potions_floor_spawned":[11,12,18],"killed_by":"Sentry and Sphere","ascension_level":20}