{"gold_per_floor":[118,118,15,35,35,60,60,77,100,130,144,144,157,157,157,253,253,272,162,82,82],"floor_reached":21,"playtime":983,"items_purged":["Strike_G"],"score":403,"play_id":"6ab1c4fd-6564-4c5a-a2a1-b4a2e2118e78","local_time":"20181228213822","is_ascension_mode":true,"campfire_choices":[{"data":"Neutralize","floor":7.0,"key":"SMITH"},{"data":"Caltrops","floor":12.0,"key":"SMITH"},{"floor":15,"key":"REST"}],"neow_cost":"NONE","seed_source_timestamp":677540599484112,"circlet_count":0,"master_deck":["AscendersBane","Defend_G","Defend_G","Defend_G+1","Defend_G","Defend_G","Strike_G","Survivor","Neutralize+1","Dagger Throw","Caltrops+1","Backflip","Malaise","Blur","After Image","PiercingWail"],"special_seed":0,"relics":["Ring of the Snake","NeowsBlessing","Boot","PreservedInsect","Meat on the Bone","Golden Idol","Coffee Dripper"],"potions_floor_usage":[13,21],"damage_taken":[{"damage":0.0,"enemies":"Small Slimes","floor":1.0,"turns":1.0},{"damage":0.0,"enemies":"2 Louse","floor":4.0,"turns":1.0},{"damage":0.0,"enemies":"Lagavulin","floor":6.0,"turns":1.0},{"damage":0.0,"enemies":"Cultist","floor":8.0,"turns":4.0},{"damage":20.0,"enemies":"Gremlin Nob","floor":10.0,"turns":5.0},{"damage":8.0,"enemies":"3 Louse","floor":11.0,"turns":4.0},{"damage":32,"enemies":"Gremlin Gang","floor":13,"turns":6},{"damage":24,"enemies":"The Guardian","floor":16,"turns":16},{"damage":2,"enemies":"Shell Parasite","floor":18,"turns":10},{"damage":0,"enemies":"2 Thieves","floor":20,"turns":4},{"damage":49,"enemies":"Cultist and Chosen","floor":21,"turns":13}],"seed_played":"4974553163798372397","potions_obtained":[{"floor":6.0,"key":"Ancient Potion"},{"floor":10.0,"key":"SkillPotion"},{"floor":11.0,"key":"Strength Potion"},{"floor":18,"key":"EssenceOfSteel"}],"is_trial":false,"path_per_floor":["M","?","$","M","?","E","R","M","T","E","M","R","M","?","R","B",null,"M","?","M","M"],"character_chosen":"THE_SILENT","items_purchased":["Dagger Throw"],"campfire_rested":1,"item_purchase_floors":[3],"current_hp_per_floor":[59,52,52,52,52,52,52,52,52,32,36,36,16,16,34,22,51,49,49,49,0],"gold":82,"neow_bonus":"THREE_ENEMY_KILL","is_prod":false,"is_daily":false,"chose_seed":false,"campfire_upgraded":2,"win_rate":0,"timestamp":1546051102,"path_taken":["M","?","$","M","?","E","R","M","T","E","M","R","?","?","R","BOSS","M","?","?","M"],"build_version":"2018-12-20","purchased_purges":1,"victory":false,"max_hp_per_floor":[66,66,66,66,66,66,66,66,66,66,66,66,66,60,60,60,60,60,60,60,60],"card_choices":[{"not_picked":["Slice","Prepared","Distraction"],"picked":"SKIP","floor":1.0},{"not_picked":["Prepared","Dash","Outmaneuver"],"picked":"SKIP","floor":4.0},{"not_picked":["Dagger Throw","Burst"],"picked":"Caltrops","floor":6.0},{"not_picked":["Flechettes","Quick Slash"],"picked":"Backflip","floor":8.0},{"not_picked":["Footwork","Catalyst"],"picked":"Malaise","floor":10.0},{"not_picked":["Endless Agony","Deadly Poison","Reflex"],"picked":"SKIP","floor":11.0},{"not_picked":["Dagger Throw","Sucker Punch"],"picked":"Blur","floor":13},{"not_picked":["Bullet Time","Burst"],"picked":"After Image","floor":16},{"not_picked":["Acrobatics","Bouncing Flask"],"picked":"PiercingWail","floor":18},{"not_picked":["Outmaneuver","Dodge and Roll","Accuracy"],"picked":"SKIP","floor":20}],"player_experience":1073339,"relics_obtained":[{"floor":6.0,"key":"Boot"},{"floor":9.0,"key":"PreservedInsect"},{"floor":10.0,"key":"Meat on the Bone"}],"event_choices":[{"cards_removed":["Strike_G"],"damage_healed":0.0,"max_hp_gain":0.0,"max_hp_loss":0.0,"gold_gain":0.0,"event_name":"Golden Wing","player_choice":"Card Removal","floor":2.0,"gold_loss":0.0,"damage_taken":7.0},{"cards_removed":["Strike_G"],"damage_healed":0.0,"max_hp_gain":0.0,"max_hp_loss":0.0,"gold_gain":0.0,"event_name":"Bonfire Elementals","player_choice":"Offered Basic","floor":5.0,"gold_loss":0.0,"damage_taken":0.0},{"damage_healed":0,"gold_gain":0,"player_choice":"Lose Max HP","damage_taken":0,"relics_obtained":["Golden Idol"],"max_hp_gain":0,"max_hp_loss":6,"event_name":"Golden Idol","floor":14,"gold_loss":0},{"cards_removed":["Strike_G"],"damage_healed":0,"gold_gain":0,"player_choice":"Upgrade and Remove","damage_taken":0,"max_hp_gain":0,"max_hp_loss":0,"event_name":"Designer","floor":19,"gold_loss":110,"cards_upgraded":["Defend_G"]}],"is_beta":false,"boss_relics":[{"not_picked":["Lizard Tail","Orrery"],"picked":"Coffee Dripper"}],"items_purged_floors":[3],"is_endless":false,"potions_floor_spawned":[6,10,11,18],"killed_by":"Cultist and Chosen","ascension_level":18}