{"path_per_floor":["M","M","M","M","M","R","E","R","T","?","R","E","M","M","R","B",null,"M","M","M","$","M","R","E","R","T","E","R","?","R","E","R","B",null,"M","M","$","?","?"],"character_chosen":"THE_SILENT","items_purchased":["Regal Pillow","A Thousand Cuts","Bag of Marbles"],"gold_per_floor":[110,126,143,159,172,172,198,198,198,198,198,229,248,267,267,364,364,383,394,406,39,57,57,88,88,88,118,118,118,118,148,148,253,253,269,281,78,78,78],"floor_reached":40,"campfire_rested":5,"playtime":2569,"current_hp_per_floor":[70,70,69,51,35,56,36,36,36,36,57,68,68,68,68,64,84,77,51,28,28,20,60,47,84,84,58,58,58,84,70,70,1,91,71,71,71,60,60],"items_purged":["Defend_G","Defend_G"],"gold":78,"score":527,"play_id":"818c0753-15db-4aeb-88cc-8758c7d35b22","local_time":"20180321184342","is_prod":false,"is_daily":false,"is_ascension_mode":true,"campfire_upgraded":4,"timestamp":1521672222,"path_taken":["M","M","M","M","M","R","E","R","T","?","R","E","?","M","R","BOSS","M","?","M","$","M","R","E","R","T","E","R","?","R","E","R","BOSS","M","M","$","?","?","E"],"build_version":"2018-03-15v3","purchased_purges":2,"victory":false,"master_deck":["Defend_G","Defend_G","Defend_G","Strike_G","Strike_G","Strike_G","Strike_G","Survivor","Neutralize","Flying Knee","Adrenaline","Outmaneuver","Predator","All Out Attack","Finisher+1","Poisoned Stab","Slice","Quick Slash","Night Terror+1","Flying Knee+1","A Thousand Cuts+1","Skewer+1","Predator+1","Slice+1","Die Die Die+1","Madness+1","Madness+1"],"max_hp_per_floor":[70,70,70,70,70,70,70,70,70,70,70,84,84,84,84,84,84,84,84,84,84,84,84,84,84,84,84,84,84,84,91,91,91,91,91,91,91,91,91],"relics":["Orrery","Thread and Needle","Snake Skull","Mango","Black Star","Regal Pillow","Molten Egg 2","Bottled Tornado","Toxic Egg 2","Smiling Mask","Pantograph","Oddly Smooth Stone","Strawberry","Sozu","Bag of Marbles"],"card_choices":[{"not_picked":["Dash","Cloak And Dagger"],"picked":"Flying Knee"},{"not_picked":["Endless Agony","Noxious Fumes"],"picked":"Adrenaline"},{"not_picked":["Quick Slash","Heel Hook"],"picked":"Outmaneuver"},{"not_picked":["Poisoned Stab","Backstab"],"picked":"Predator"},{"not_picked":["Outmaneuver","Bullet Time"],"picked":"All Out Attack"},{"not_picked":["Outmaneuver","Leg Sweep"],"picked":"Finisher"},{"not_picked":["Predator","Cloak And Dagger"],"picked":"Poisoned Stab"},{"not_picked":["Acrobatics","Predator"],"picked":"Poisoned Stab"},{"not_picked":["Backstab","Outmaneuver"],"picked":"Slice"},{"not_picked":["Dagger Spray","Outmaneuver"],"picked":"Quick Slash"},{"not_picked":["Bullet Time","Unload"],"picked":"Night Terror"},{"not_picked":["PiercingWail","Bane"],"picked":"Flying Knee"},{"not_picked":["Backflip","Deadly Poison"],"picked":"Skewer"},{"not_picked":["Outmaneuver","Phantasmal Killer"],"picked":"Slice"},{"not_picked":["Venomology","Glass Knife"],"picked":"Die Die Die"}],"player_experience":68803,"potions_floor_usage":[7,12,16,16,18,20,24,33],"damage_taken":[{"damage":0,"enemies":"Jaw Worm","floor":1,"turns":3},{"damage":0,"enemies":"2 Louse","floor":2,"turns":2},{"damage":1,"enemies":"Cultist","floor":3,"turns":3},{"damage":18,"enemies":"Gremlin Gang","floor":4,"turns":3},{"damage":16,"enemies":"Exordium Thugs","floor":5,"turns":4},{"damage":20,"enemies":"Gremlin Nob","floor":7,"turns":5},{"damage":3,"enemies":"Lagavulin","floor":12,"turns":4},{"damage":0,"enemies":"Red Slaver","floor":13,"turns":4},{"damage":0,"enemies":"Gremlin Gang","floor":14,"turns":3},{"damage":4,"enemies":"Hexaghost","floor":16,"turns":9},{"damage":7,"enemies":"3 Byrds","floor":18,"turns":3},{"damage":26,"enemies":"2 Thieves","floor":19,"turns":4},{"damage":23,"enemies":"3 Cultists","floor":20,"turns":5},{"damage":8,"enemies":"Centurion and Healer","floor":22,"turns":7},{"damage":13,"enemies":"Gremlin Leader","floor":24,"turns":6},{"damage":26,"enemies":"Book of Stabbing","floor":27,"turns":4},{"damage":21,"enemies":"Gremlin Leader","floor":31,"turns":5},{"damage":90,"enemies":"Champ","floor":33,"turns":9},{"damage":20,"enemies":"3 Darklings","floor":35,"turns":4},{"damage":0,"enemies":"Orb Walker","floor":36,"turns":3},{"damage":73,"enemies":"Giant Head","floor":40,"turns":7}],"event_choices":[{"event_name":"Living Wall","player_choice":"Forget","floor":10,"damage_taken":0},{"event_name":"Match and Keep!","player_choice":"1 cards matched","floor":29,"damage_taken":0},{"event_name":"Winding Halls","player_choice":"Embrace Madness","floor":38,"damage_taken":0}],"boss_relics":[{"not_picked":["Philosopher\u0027s Stone","Runic Dome"],"picked":"Black Star"},{"not_picked":["Runic Pyramid","Question Card"],"picked":"Sozu"}],"potions_floor_spawned":[1,3,13,14,16,19,22,31,35,36],"seed_played":"1424713953679855504","killed_by":"Giant Head","ascension_level":2,"is_trial":false}