{"path_per_floor":["M","?","M","M","M","R","?","M","T","E","M","M","R","M","R"],"character_chosen":"IRONCLAD","items_purchased":[],"gold_per_floor":[116,116,135,145,159,159,159,175,175,204,218,231,231,248,248,248],"floor_reached":16,"campfire_rested":2,"playtime":1398,"current_hp_per_floor":[38,38,43,49,45,69,80,69,69,36,28,34,58,61,61,0],"items_purged":[],"gold":248,"score":111,"play_id":"e8de2312-39b2-432f-a474-0962085ab189","local_time":"20180326004320","is_prod":false,"is_daily":false,"is_ascension_mode":true,"campfire_upgraded":1,"timestamp":1522039400,"path_taken":["M","?","M","?","M","R","?","M","T","E","M","M","R","M","R","BOSS"],"build_version":"2018-03-22v2","purchased_purges":0,"victory":false,"master_deck":["Strike_R","Strike_R","Strike_R","Strike_R","Defend_R","Defend_R","Bash","Sentinel","Entrench","Burning Pact+1","Havoc","Pummel","Wild Strike","Shockwave","Iron Wave","Corruption","Shrug It Off"],"max_hp_per_floor":[80,80,80,80,80,80,80,80,80,80,80,80,80,80,80,80],"relics":["Burning Blood","Sundial","Toolbox"],"card_choices":[{"not_picked":["Infernal Blade","Seeing Red"],"picked":"Burning Pact","floor":1},{"not_picked":["Twin Strike","Thunderclap"],"picked":"Havoc","floor":3},{"not_picked":["Metallicize","Clothesline"],"picked":"Pummel","floor":5},{"not_picked":["Dropkick","Havoc"],"picked":"Wild Strike","floor":8},{"not_picked":["Blood for Blood","Anger"],"picked":"Shockwave","floor":10},{"not_picked":["Double Tap","Dropkick"],"picked":"Iron Wave","floor":11},{"not_picked":["Wild Strike","Twin Strike"],"picked":"Corruption","floor":12},{"not_picked":["Metallicize","Combust"],"picked":"Shrug It Off","floor":14}],"player_experience":82025,"potions_floor_usage":[5,5,10,11,16],"damage_taken":[{"damage":8,"enemies":"Small Slimes","floor":1,"turns":4},{"damage":1,"enemies":"Jaw Worm","floor":3,"turns":3},{"damage":0,"enemies":"2 Louse","floor":4,"turns":3},{"damage":10,"enemies":"Gremlin Gang","floor":5,"turns":9},{"damage":17,"enemies":"2 Fungi Beasts","floor":8,"turns":5},{"damage":39,"enemies":"Lagavulin","floor":10,"turns":6},{"damage":14,"enemies":"Exordium Thugs","floor":11,"turns":6},{"damage":0,"enemies":"Large Slime","floor":12,"turns":4},{"damage":3,"enemies":"2 Fungi Beasts","floor":14,"turns":4},{"damage":80,"enemies":"Slime Boss","floor":16,"turns":14}],"event_choices":[{"event_name":"Living Wall","player_choice":"Change","floor":2,"damage_taken":0},{"event_name":"Bonfire Elementals","player_choice":"UNCOMMON","floor":7,"damage_taken":0}],"boss_relics":[],"potions_floor_spawned":[1,3,4,8,11],"seed_played":"-247433451354999921","killed_by":"Slime Boss","ascension_level":1,"is_trial":false}