{"gold_per_floor":[109,119,137,147,38,38,57,89,89,105,117,131,166,176,176,280,280,290,290,132,132,159,186,196,196,196,231,231,241,189,201,201,299,299,314,314,325,56,76,103,29,104,156,156,169,203,203,228,228,228],"floor_reached":50,"playtime":2465,"items_purged":["Strike_R"],"score":816,"play_id":"e9bfc436-3517-46e7-bd9a-afaac3e32f0b","local_time":"20180801141948","is_ascension_mode":true,"campfire_choices":[{"data":"Armaments","floor":6,"key":"SMITH"},{"data":"Inflame","floor":15,"key":"SMITH"},{"data":"Metallicize","floor":25,"key":"SMITH"},{"data":"Metallicize","floor":28,"key":"SMITH"},{"data":"Bash","floor":32,"key":"SMITH"},{"data":"Burning Pact","floor":44,"key":"SMITH"},{"data":"Demon Form","floor":47,"key":"SMITH"},{"floor":49,"key":"REST"}],"neow_cost":"NONE","seed_source_timestamp":1795170481529129,"circlet_count":0,"master_deck":["Strike_R","Strike_R","Strike_R","Strike_R","Defend_R","Defend_R","Defend_R","Bash+1","Offering","Cleave","Armaments+1","Thunderclap","True Grit","Metallicize+1","Clash","Inflame+1","Cleave","Warcry","Immolate","Sword Boomerang","Impervious","Ghostly","Ghostly","Ghostly","Ghostly","Ghostly","Metallicize+1","Infernal Blade+1","Clothesline","Clash","Clash","Feel No Pain+1","Fire Breathing","Anger+1","Shrug It Off+1","Burning Pact+1","Demon Form+1"],"relics":["Burning Blood","Happy Flower","Bottled Lightning","Vajra","Busted Crown","Tiny Chest","Red Mask","Ancient Tea Set","Charon\u0027s Ashes","Ginger","White Beast Statue","Mummified Hand","Toolbox","Du-Vu Doll","Shuriken","Omamori","Red Skull","Smiling Mask"],"potions_floor_usage":[8,13,16,16,22,22,33,39,40,46,50],"damage_taken":[{"damage":7,"enemies":"Jaw Worm","floor":1,"turns":3},{"damage":1,"enemies":"Cultist","floor":2,"turns":3},{"damage":6,"enemies":"2 Louse","floor":3,"turns":2},{"damage":35,"enemies":"Gremlin Gang","floor":4,"turns":6},{"damage":5,"enemies":"3 Louse","floor":7,"turns":3},{"damage":18,"enemies":"Lagavulin","floor":8,"turns":6},{"damage":0,"enemies":"Large Slime","floor":10,"turns":5},{"damage":0,"enemies":"Gremlin Gang","floor":11,"turns":3},{"damage":5,"enemies":"Looter","floor":12,"turns":2},{"damage":5,"enemies":"Gremlin Nob","floor":13,"turns":2},{"damage":3,"enemies":"Exordium Wildlife","floor":14,"turns":4},{"damage":47,"enemies":"Hexaghost","floor":16,"turns":6},{"damage":0,"enemies":"Chosen","floor":18,"turns":3},{"damage":0,"floor":22,"turns":2},{"damage":0,"enemies":"Spheric Guardian","floor":24,"turns":4},{"damage":22,"enemies":"Gremlin Leader","floor":27,"turns":5},{"damage":2,"enemies":"Slaver and Parasite","floor":29,"turns":6},{"damage":3,"enemies":"Cultist and Chosen","floor":31,"turns":4},{"damage":26,"enemies":"Automaton","floor":33,"turns":9},{"damage":1,"enemies":"Orb Walker","floor":35,"turns":3},{"damage":1,"enemies":"Flame Bruiser 1 Orb","floor":37,"turns":3},{"damage":0,"enemies":"3 Darklings","floor":39,"turns":4},{"damage":6,"enemies":"Nemesis","floor":40,"turns":5},{"damage":0,"enemies":"Transient","floor":45,"turns":5},{"damage":15,"enemies":"2 Orb Walkers","floor":46,"turns":3},{"damage":8,"enemies":"Nemesis","floor":48,"turns":7},{"damage":53,"enemies":"Awakened One","floor":50,"turns":5}],"seed_played":"-5850996677926969018","potions_obtained":[{"floor":2,"key":"BloodPotion"},{"floor":3,"key":"SpeedPotion"},{"floor":7,"key":"Swift Potion"},{"floor":11,"key":"Explosive Potion"},{"floor":13,"key":"Swift Potion"},{"floor":14,"key":"AttackPotion"},{"floor":18,"key":"Ancient Potion"},{"floor":22,"key":"Fire Potion"},{"floor":31,"key":"SkillPotion"},{"floor":35,"key":"Dexterity Potion"},{"floor":37,"key":"Energy Potion"},{"floor":39,"key":"Strength Potion"},{"floor":40,"key":"Fire Potion"},{"floor":45,"key":"Swift Potion"},{"floor":46,"key":"SpeedPotion"}],"is_trial":false,"path_per_floor":["M","M","M","M","$","R","M","E","T","M","M","M","E","M","R","B",null,"M","?","$","?","?","T","M","R","T","E","R","M","$","M","R","B",null,"M","T","M","$","M","E","$","T","T","R","M","E","R","E","R"],"character_chosen":"IRONCLAD","items_purchased":["Metallicize","Metallicize","Tiny Chest","Clothesline","Fire Breathing","Toolbox","Burning Pact"],"campfire_rested":1,"item_purchase_floors":[5,20,20,30,38,38,41],"current_hp_per_floor":[71,76,76,47,47,47,48,36,36,42,48,49,58,61,61,20,65,71,40,40,40,40,40,40,40,40,24,24,33,33,36,36,24,36,40,40,40,40,40,40,40,40,40,40,40,31,31,32,43,0],"gold":228,"neow_bonus":"ONE_RANDOM_RARE_CARD","is_prod":false,"is_daily":false,"chose_seed":false,"campfire_upgraded":7,"win_rate":0,"timestamp":1533147588,"path_taken":["M","M","M","M","$","R","M","E","T","M","M","M","E","M","R","BOSS","M","?","$","?","?","?","?","R","T","E","R","M","$","M","R","BOSS","M","?","M","?","?","E","$","?","T","R","M","E","R","E","R","BOSS"],"build_version":"2018-07-26","purchased_purges":1,"victory":false,"max_hp_per_floor":[80,80,80,80,80,80,80,80,80,80,80,80,80,80,80,80,80,80,40,40,40,40,40,40,40,40,40,40,40,40,40,40,40,40,40,40,40,40,40,40,40,40,40,40,40,40,40,43,43,43],"card_choices":[{"not_picked":["Wild Strike","Body Slam"],"picked":"Cleave","floor":1},{"not_picked":["Evolve","Entrench"],"picked":"Armaments","floor":2},{"not_picked":["Heavy Blade","Entrench"],"picked":"Thunderclap","floor":3},{"not_picked":["Iron Wave","Armaments"],"picked":"True Grit","floor":4},{"not_picked":["Reckless Charge","Exhume"],"picked":"Clash","floor":7},{"not_picked":["Perfected Strike","Body Slam"],"picked":"Inflame","floor":8},{"not_picked":["Sever Soul","Havoc"],"picked":"Cleave","floor":10},{"not_picked":["Bloodletting","Havoc","Metallicize"],"picked":"SKIP","floor":11},{"not_picked":["Cleave","Exhume"],"picked":"Warcry","floor":12},{"not_picked":["Armaments","Entrench"],"picked":"Immolate","floor":13},{"not_picked":["Carnage","Body Slam"],"picked":"Sword Boomerang","floor":14},{"not_picked":["Exhume","Demon Form"],"picked":"Impervious","floor":16},{"not_picked":["Havoc"],"picked":"SKIP","floor":18},{"not_picked":[],"picked":"Infernal Blade+1","floor":22},{"not_picked":["Body Slam"],"picked":"SKIP","floor":24},{"not_picked":["Warcry"],"picked":"SKIP","floor":27},{"not_picked":["Evolve"],"picked":"SKIP","floor":29},{"not_picked":[],"picked":"Clash","floor":31},{"not_picked":[],"picked":"Clash","floor":35},{"not_picked":[],"picked":"Feel No Pain+1","floor":37},{"not_picked":[],"picked":"Anger+1","floor":39},{"not_picked":[],"picked":"Shrug It Off+1","floor":40},{"not_picked":["Thunderclap"],"picked":"SKIP","floor":45},{"not_picked":[],"picked":"Demon Form","floor":46},{"not_picked":["Anger"],"picked":"SKIP","floor":48}],"player_experience":324946,"relics_obtained":[{"floor":8,"key":"Happy Flower"},{"floor":9,"key":"Bottled Lightning"},{"floor":13,"key":"Vajra"},{"floor":22,"key":"Red Mask"},{"floor":23,"key":"Ancient Tea Set"},{"floor":26,"key":"Charon\u0027s Ashes"},{"floor":27,"key":"Ginger"},{"floor":36,"key":"Mummified Hand"},{"floor":40,"key":"Du-Vu Doll"},{"floor":42,"key":"Shuriken"},{"floor":43,"key":"Omamori"},{"floor":46,"key":"Red Skull"},{"floor":48,"key":"Smiling Mask"}],"event_choices":[{"event_name":"Ghosts","player_choice":"Became a Ghost","floor":19,"damage_taken":0},{"event_name":"Wheel of Change","player_choice":"Card Removal","floor":21,"damage_taken":0},{"event_name":"Masked Bandits","player_choice":"Fought over 132 gold","floor":22,"damage_taken":0}],"is_beta":false,"boss_relics":[{"not_picked":["Philosopher\u0027s Stone","Black Blood"],"picked":"Busted Crown"},{"not_picked":["Empty Cage","Runic Cube"],"picked":"White Beast Statue"}],"items_purged_floors":[5],"is_endless":false,"potions_floor_spawned":[2,3,7,11,13,14,18,22,31,35,37,39,40,45,46,48],"killed_by":"Awakened One","ascension_level":6}