{"gold_per_floor":[110,123,123,123,136,136,163,163,236,255,18,49,69,34,34,34],"floor_reached":16,"playtime":789,"items_purged":["Infernal Blade"],"score":209,"play_id":"6c5b710a-534d-46db-9284-01cab77696e2","local_time":"20190407134524","is_ascension_mode":true,"campfire_choices":[{"data":"Bash","floor":6,"key":"SMITH"},{"floor":8,"key":"REST"},{"data":"Evolve","floor":15,"key":"SMITH"}],"neow_cost":"TEN_PERCENT_HP_LOSS","seed_source_timestamp":183779737036100,"circlet_count":0,"master_deck":["AscendersBane","Strike_R","Strike_R","Strike_R","Defend_R","Defend_R","Defend_R","Defend_R","Bash+1","Power Through","Sever Soul","Armaments","Spot Weakness","Evolve+1","Twin Strike","Anger"],"relics":["Burning Blood","WingedGreaves","Singing Bowl","Du-Vu Doll"],"potions_floor_usage":[12,13],"damage_taken":[{"damage":2,"enemies":"Small Slimes","floor":1,"turns":4},{"damage":11,"enemies":"Jaw Worm","floor":2,"turns":5},{"damage":14,"enemies":"2 Louse","floor":5,"turns":2},{"damage":25,"enemies":"3 Sentries","floor":7,"turns":9},{"damage":0,"enemies":"Large Slime","floor":10,"turns":6},{"damage":51,"enemies":"Lagavulin","floor":12,"turns":10},{"damage":7,"enemies":"Red Slaver","floor":13,"turns":4},{"damage":37,"enemies":"Slime Boss","floor":16,"turns":5}],"seed_played":"4788988821958882304","potions_obtained":[{"floor":7,"key":"SkillPotion"},{"floor":12,"key":"FearPotion"}],"is_trial":false,"path_per_floor":["M","M","?","T","M","R","E","R","T","M","$","E","M","?","R","B"],"character_chosen":"IRONCLAD","items_purchased":["Spot Weakness","Evolve"],"campfire_rested":1,"item_purchase_floors":[11,11],"current_hp_per_floor":[68,63,63,63,55,55,36,56,56,64,64,19,18,35,35,0],"gold":34,"neow_bonus":"TRANSFORM_TWO_CARDS","is_prod":false,"is_daily":false,"chose_seed":false,"campfire_upgraded":2,"win_rate":0,"timestamp":1554669924,"path_taken":["M","M","?","?","M","R","E","R","T","M","$","E","M","?","R","BOSS"],"build_version":"2019-01-23","purchased_purges":1,"victory":false,"max_hp_per_floor":[68,68,68,68,68,68,68,68,68,70,70,70,70,70,70,70],"card_choices":[{"not_picked":["Clothesline","Sword Boomerang"],"picked":"Sever Soul","floor":1},{"not_picked":["Clothesline","Sever Soul","Seeing Red"],"picked":"SKIP","floor":2},{"not_picked":["Fire Breathing","Seeing Red","Havoc"],"picked":"SKIP","floor":5},{"not_picked":["Berserk","Rage"],"picked":"Armaments","floor":7},{"not_picked":["Ghostly Armor","Sword Boomerang","Havoc"],"picked":"Singing Bowl","floor":10},{"not_picked":["Pommel Strike","Dual Wield"],"picked":"Twin Strike","floor":12},{"not_picked":["Perfected Strike","Metallicize"],"picked":"Anger","floor":13}],"player_experience":455412,"relics_obtained":[{"floor":7,"key":"WingedGreaves"},{"floor":9,"key":"Singing Bowl"},{"floor":12,"key":"Du-Vu Doll"}],"event_choices":[{"damage_healed":0,"gold_gain":0,"player_choice":"Ignored","damage_taken":0,"max_hp_gain":0,"max_hp_loss":0,"event_name":"Liars Game","floor":3,"gold_loss":0},{"damage_healed":17,"gold_gain":0,"player_choice":"Healed","damage_taken":0,"max_hp_gain":0,"max_hp_loss":0,"event_name":"The Cleric","floor":14,"gold_loss":35}],"is_beta":false,"boss_relics":[],"items_purged_floors":[11],"is_endless":false,"potions_floor_spawned":[7,12],"killed_by":"Slime Boss","ascension_level":18}