{"gold_per_floor":[113,133,148,148,165,165,178,178,225,254,274,274,318,318,318,318],"floor_reached":16,"playtime":663,"items_purged":[],"score":190,"play_id":"949244df-9cb3-4e35-9ca1-9773d533ed76","local_time":"20181219145049","is_ascension_mode":true,"campfire_choices":[{"data":"Riddle With Holes","floor":6,"key":"SMITH"},{"data":"Neutralize","floor":8,"key":"SMITH"},{"floor":15,"key":"REST"}],"neow_cost":"NONE","seed_source_timestamp":501686874855291,"circlet_count":0,"master_deck":["AscendersBane","Defend_G","Defend_G","Defend_G","Defend_G","Defend_G","Strike_G","Strike_G","Strike_G","Survivor","Neutralize+1","Riddle With Holes+1","Underhanded Strike","Prepared","Dagger Throw","Predator","Dagger Throw","Adrenaline","Slice","Escape Plan"],"relics":["Ring of the Snake","Ornamental Fan","Golden Idol","Snake Skull"],"potions_floor_usage":[10,13],"damage_taken":[{"damage":4,"enemies":"Jaw Worm","floor":1,"turns":5},{"damage":0,"enemies":"Cultist","floor":2,"turns":4},{"damage":0,"enemies":"2 Louse","floor":3,"turns":2},{"damage":5,"enemies":"Red Slaver","floor":5,"turns":3},{"damage":1,"enemies":"2 Fungi Beasts","floor":7,"turns":3},{"damage":13,"enemies":"Gremlin Nob","floor":10,"turns":4},{"damage":4,"enemies":"Large Slime","floor":11,"turns":3},{"damage":14,"enemies":"3 Sentries","floor":13,"turns":8},{"damage":44,"enemies":"The Guardian","floor":16,"turns":13}],"seed_played":"-7625655326842643033","potions_obtained":[{"floor":2,"key":"SkillPotion"},{"floor":7,"key":"PowerPotion"},{"floor":10,"key":"Ancient Potion"}],"is_trial":false,"path_per_floor":["M","M","M","?","M","R","M","R","T","E","M","?","E","?","R","B"],"character_chosen":"THE_SILENT","items_purchased":[],"campfire_rested":1,"item_purchase_floors":[],"current_hp_per_floor":[55,55,55,55,50,50,49,49,49,36,32,32,18,18,36,0],"gold":318,"neow_bonus":"THREE_CARDS","is_prod":false,"is_daily":false,"chose_seed":false,"campfire_upgraded":2,"win_rate":0,"timestamp":1545249049,"path_taken":["M","M","M","?","?","R","M","R","T","E","M","?","E","?","R","BOSS"],"build_version":"2018-12-13","purchased_purges":0,"victory":false,"max_hp_per_floor":[66,66,66,66,66,66,66,66,66,66,66,61,61,61,61,61],"card_choices":[{"not_picked":["Blade Dance","Expertise"],"picked":"Riddle With Holes","floor":0},{"not_picked":["Slice","Deflect"],"picked":"Underhanded Strike","floor":1},{"not_picked":["Bane","Bouncing Flask"],"picked":"Prepared","floor":2},{"not_picked":["Sucker Punch","Deadly Poison"],"picked":"Dagger Throw","floor":3},{"not_picked":["Predator","Blade Dance"],"picked":"Dagger Throw","floor":5},{"not_picked":["Poisoned Stab","Corpse Explosion","Blade Dance"],"picked":"SKIP","floor":7},{"not_picked":["Noxious Fumes","Poisoned Stab"],"picked":"Adrenaline","floor":10},{"not_picked":["Flying Knee","Blade Dance"],"picked":"Slice","floor":11},{"not_picked":["PiercingWail","Slice"],"picked":"Escape Plan","floor":13}],"player_experience":909606,"relics_obtained":[{"floor":10,"key":"Ornamental Fan"},{"floor":13,"key":"Snake Skull"}],"event_choices":[{"damage_healed":0,"gold_gain":0,"cards_transformed":["Strike_G"],"player_choice":"Transformed","damage_taken":0,"max_hp_gain":0,"max_hp_loss":0,"event_name":"Transmorgrifier","floor":4,"gold_loss":0,"cards_obtained":["Predator"]},{"damage_healed":0,"gold_gain":0,"player_choice":"Lose Max HP","damage_taken":0,"relics_obtained":["Golden Idol"],"max_hp_gain":0,"max_hp_loss":5,"event_name":"Golden Idol","floor":12,"gold_loss":0},{"cards_removed":["Strike_G"],"damage_healed":0,"gold_gain":0,"player_choice":"Purged","damage_taken":0,"max_hp_gain":0,"max_hp_loss":0,"event_name":"Purifier","floor":14,"gold_loss":0}],"is_beta":false,"boss_relics":[],"items_purged_floors":[],"is_endless":false,"potions_floor_spawned":[2,7,10],"killed_by":"The Guardian","ascension_level":14}