{"gold_per_floor":[112,37,312,332,57,88,13,13,65,65,100,115,115,148,148,220,220,239,33,33,53,53,53,78,78,160,160,180,210,223,242,242,242],"floor_reached":33,"playtime":1552,"items_purged":["Regret"],"score":587,"play_id":"a3264235-a284-4c21-b732-40ee772f903c","local_time":"20190830134057","is_ascension_mode":true,"campfire_choices":[{"data":"Double Tap","floor":10.0,"key":"SMITH"},{"floor":13.0,"key":"REST"},{"data":"Spot Weakness","floor":15.0,"key":"SMITH"},{"data":"Feed","floor":23.0,"key":"SMITH"},{"data":"Bash","floor":25.0,"key":"SMITH"},{"data":"Feel No Pain","floor":27.0,"key":"SMITH"},{"floor":32,"key":"REST"}],"neow_cost":"NONE","seed_source_timestamp":78246489300360,"circlet_count":0,"master_deck":["AscendersBane","Strike_R","Strike_R","Strike_R","Defend_R","Defend_R","Defend_R","Defend_R","Bash+1","Double Tap+1","Dropkick","Spot Weakness+1","Shrug It Off","Feed+1","Twin Strike","Shrug It Off","Impervious","Immolate","Flame Barrier","Feel No Pain+1","Ghostly","Ghostly","Ghostly","Corruption","Shrug It Off","Shame","Power Through","Inflame"],"special_seed":0,"relics":["Burning Blood","Red Skull","Matryoshka","Juzu Bracelet","Art of War","Incense Burner","Orichalcum","Cursed Key","Bag of Marbles","Strawberry","Oddly Smooth Stone","Dodecahedron","Darkstone Periapt"],"potions_floor_usage":[31,33],"damage_taken":[{"damage":14.0,"enemies":"Jaw Worm","floor":1.0,"turns":4.0},{"damage":14.0,"enemies":"Cultist","floor":4.0,"turns":4.0},{"damage":36.0,"enemies":"Gremlin Nob","floor":6.0,"turns":4.0},{"damage":40.0,"enemies":"3 Sentries","floor":11.0,"turns":9.0},{"damage":0.0,"enemies":"Small Slimes","floor":12.0,"turns":2.0},{"damage":8.0,"enemies":"Lagavulin","floor":14.0,"turns":8.0},{"damage":30.0,"enemies":"Hexaghost","floor":16.0,"turns":10.0},{"damage":8.0,"enemies":"2 Thieves","floor":18.0,"turns":4.0},{"damage":5.0,"enemies":"Spheric Guardian","floor":21.0,"turns":3.0},{"damage":8.0,"enemies":"Book of Stabbing","floor":24.0,"turns":6.0},{"damage":8.0,"enemies":"Centurion and Healer","floor":28.0,"turns":7.0},{"damage":43.0,"enemies":"Gremlin Leader","floor":29.0,"turns":8.0},{"damage":22,"enemies":"Shelled Parasite and Fungi","floor":30,"turns":4},{"damage":0,"enemies":"Chosen and Byrds","floor":31,"turns":9},{"damage":55,"enemies":"Collector","floor":33,"turns":6}],"seed_played":"-8270443461191456625","potions_obtained":[{"floor":4.0,"key":"Energy Potion"},{"floor":6.0,"key":"Dexterity Potion"},{"floor":14.0,"key":"LiquidBronze"},{"floor":16.0,"key":"AttackPotion"},{"floor":18.0,"key":"AttackPotion"},{"floor":28.0,"key":"Energy Potion"},{"floor":29.0,"key":"Poison Potion"},{"floor":31,"key":"SneckoOil"}],"is_trial":false,"path_per_floor":["M","?","?","M","$","E","$","?","T","R","E","M","R","E","R","B",null,"M","$","?","M","?","R","E","R","T","R","M","E","M","M","R","B"],"character_chosen":"IRONCLAD","items_purchased":["Red Skull","Shrug It Off","Strength Potion","Bag of Marbles","Feel No Pain"],"campfire_rested":2,"item_purchase_floors":[5,5,5,19,19],"current_hp_per_floor":[60,60,60,52,52,22,22,47,47,47,16,25,49,50,50,29,73,74,74,45,48,48,48,57,57,57,57,59,26,14,20,41,0],"gold":242,"neow_bonus":"ONE_RANDOM_RARE_CARD","is_prod":false,"is_daily":false,"chose_seed":false,"campfire_upgraded":5,"win_rate":0,"timestamp":1567136457,"path_taken":["M","?","?","?","?","E","$","?","T","R","E","M","R","E","R","BOSS","M","$","?","M","?","R","E","R","T","R","M","E","M","M","R","BOSS"],"build_version":"2019-07-17","purchased_purges":1,"victory":false,"max_hp_per_floor":[75,75,75,75,75,75,75,75,75,75,78,81,81,84,84,87,87,90,90,45,48,48,48,59,59,59,59,63,67,71,71,71,71],"card_choices":[{"not_picked":["True Grit","Heavy Blade"],"picked":"Dropkick","floor":1.0},{"not_picked":["Feel No Pain","Thunderclap"],"picked":"Spot Weakness","floor":4.0},{"not_picked":["Immolate","Perfected Strike"],"picked":"Feed","floor":6.0},{"not_picked":["Clash","Blood for Blood"],"picked":"Twin Strike","floor":11.0},{"not_picked":["Armaments","Pommel Strike"],"picked":"Shrug It Off","floor":12.0},{"not_picked":["Headbutt","Pommel Strike"],"picked":"Impervious","floor":14.0},{"not_picked":["Dark Embrace","Limit Break"],"picked":"Immolate","floor":16.0},{"not_picked":["Pommel Strike","Wild Strike"],"picked":"Flame Barrier","floor":18.0},{"not_picked":["Heavy Blade","Perfected Strike"],"picked":"Corruption","floor":21.0},{"not_picked":["Infernal Blade","Dark Embrace"],"picked":"Shrug It Off","floor":24.0},{"not_picked":["Thunderclap","Iron Wave","Fire Breathing"],"picked":"SKIP","floor":28.0},{"not_picked":["Metallicize","Dual Wield"],"picked":"Power Through","floor":29.0},{"not_picked":["Havoc+1","Second Wind","Cleave"],"picked":"SKIP","floor":30},{"not_picked":["Body Slam+1","Pommel Strike"],"picked":"Inflame","floor":31}],"player_experience":1233407,"relics_obtained":[{"floor":6.0,"key":"Matryoshka"},{"floor":9.0,"key":"Juzu Bracelet"},{"floor":9.0,"key":"Art of War"},{"floor":11.0,"key":"Incense Burner"},{"floor":14.0,"key":"Orichalcum"},{"floor":24.0,"key":"Strawberry"},{"floor":26.0,"key":"Oddly Smooth Stone"},{"floor":26.0,"key":"Dodecahedron"},{"floor":29.0,"key":"Darkstone Periapt"}],"event_choices":[{"cards_removed":["Strike_R"],"damage_healed":0.0,"max_hp_gain":0.0,"max_hp_loss":0.0,"gold_gain":0.0,"event_name":"The Cleric","player_choice":"Card Removal","floor":2.0,"gold_loss":75.0,"damage_taken":0.0},{"damage_healed":0.0,"max_hp_gain":0.0,"max_hp_loss":0.0,"gold_gain":275.0,"event_name":"Golden Shrine","player_choice":"Desecrate","floor":3.0,"gold_loss":0.0,"damage_taken":0.0,"cards_obtained":["Regret"]},{"damage_healed":25.0,"max_hp_gain":0.0,"max_hp_loss":0.0,"gold_gain":0.0,"event_name":"Big Fish","player_choice":"Banana","floor":8.0,"gold_loss":0.0,"damage_taken":0.0},{"damage_healed":0.0,"max_hp_gain":0.0,"max_hp_loss":45.0,"gold_gain":0.0,"event_name":"Ghosts","player_choice":"Became a Ghost","floor":20.0,"gold_loss":0.0,"damage_taken":0.0,"cards_obtained":["Ghostly","Ghostly","Ghostly"]},{"cards_removed":["Strike_R"],"damage_healed":0.0,"max_hp_gain":0.0,"max_hp_loss":0.0,"gold_gain":0.0,"event_name":"Purifier","player_choice":"Purged","floor":22.0,"gold_loss":0.0,"damage_taken":0.0}],"is_beta":false,"boss_relics":[{"not_picked":["Calling Bell","Runic Cube"],"picked":"Cursed Key"}],"items_purged_floors":[7],"is_endless":false,"potions_floor_spawned":[4,6,14,16,18,28,29,31],"killed_by":"Collector","ascension_level":19}