{"gold_per_floor":[117,117,117,129,144,144,161,161,161,173,188,188,213,233,233,233],"floor_reached":16,"playtime":504,"items_purged":[],"score":177,"play_id":"f6605f0f-2dd0-4678-99af-288521db27e3","local_time":"20181218095758","is_ascension_mode":true,"campfire_choices":[{"data":"Dagger Spray","floor":6,"key":"SMITH"},{"data":"Deadly Poison","floor":8,"key":"SMITH"},{"floor":15,"key":"REST"}],"neow_cost":"NONE","seed_source_timestamp":397862230277962,"circlet_count":0,"master_deck":["AscendersBane","Defend_G","Defend_G","Defend_G","Defend_G","Defend_G","Strike_G","Strike_G","Strike_G","Strike_G","Survivor","Neutralize","Deadly Poison+1","Dagger Spray+1","Leg Sweep","Deadly Poison+1","Deflect","Poisoned Stab","Underhanded Strike"],"relics":["Ring of the Snake","NeowsBlessing","GremlinMask","Darkstone Periapt"],"potions_floor_usage":[13,16,16],"damage_taken":[{"damage":0,"enemies":"2 Louse","floor":1,"turns":1},{"damage":0,"enemies":"Jaw Worm","floor":4,"turns":1},{"damage":0,"enemies":"Cultist","floor":5,"turns":1},{"damage":3,"enemies":"Blue Slaver","floor":7,"turns":4},{"damage":21,"enemies":"Lots of Slimes","floor":10,"turns":4},{"damage":0,"enemies":"Looter","floor":11,"turns":3},{"damage":20,"enemies":"Lagavulin","floor":13,"turns":5},{"damage":0,"enemies":"Large Slime","floor":14,"turns":5},{"damage":37,"enemies":"Slime Boss","floor":16,"turns":12}],"seed_played":"259956067278994165","potions_obtained":[{"floor":4,"key":"FearPotion"},{"floor":13,"key":"Dexterity Potion"},{"floor":14,"key":"Poison Potion"}],"is_trial":false,"path_per_floor":["M","?","?","M","M","R","M","R","T","M","M","?","E","M","R","B"],"character_chosen":"THE_SILENT","items_purchased":[],"campfire_rested":1,"item_purchase_floors":[],"current_hp_per_floor":[59,59,59,59,59,59,56,56,56,35,35,35,15,15,34,0],"gold":233,"neow_bonus":"THREE_ENEMY_KILL","is_prod":false,"is_daily":false,"chose_seed":false,"campfire_upgraded":2,"win_rate":0,"timestamp":1545145078,"path_taken":["M","?","?","M","M","R","M","R","T","M","?","?","E","M","R","BOSS"],"build_version":"2018-12-13","purchased_purges":0,"victory":false,"max_hp_per_floor":[66,66,66,66,66,66,66,66,66,66,66,66,66,66,66,66],"card_choices":[{"not_picked":["Backflip","Blade Dance"],"picked":"Deadly Poison","floor":1},{"not_picked":["Accuracy","Cloak And Dagger"],"picked":"Dagger Spray","floor":4},{"not_picked":["Sucker Punch","Deflect"],"picked":"Leg Sweep","floor":5},{"not_picked":["Underhanded Strike","PiercingWail"],"picked":"Deadly Poison","floor":7},{"not_picked":["Deadly Poison","Riddle With Holes"],"picked":"Deflect","floor":10},{"not_picked":["All Out Attack","Caltrops","Setup"],"picked":"SKIP","floor":11},{"not_picked":["Outmaneuver","Masterful Stab"],"picked":"Poisoned Stab","floor":13},{"not_picked":["Endless Agony","Underhanded Strike","Deadly Poison"],"picked":"SKIP","floor":14},{"not_picked":["Endless Agony","Deadly Poison"],"picked":"Underhanded Strike","floor":14}],"player_experience":892432,"relics_obtained":[{"floor":13,"key":"Darkstone Periapt"}],"event_choices":[{"damage_healed":0,"gold_gain":0,"player_choice":"Grow","damage_taken":0,"max_hp_gain":0,"max_hp_loss":0,"event_name":"Living Wall","floor":2,"gold_loss":0,"cards_upgraded":["Deadly Poison"]},{"damage_healed":0,"gold_gain":0,"player_choice":"Trade","damage_taken":0,"relics_obtained":["GremlinMask"],"max_hp_gain":0,"max_hp_loss":0,"event_name":"FaceTrader","floor":3,"gold_loss":0},{"cards_removed":["Strike_G"],"damage_healed":0,"gold_gain":0,"player_choice":"Purged","damage_taken":0,"max_hp_gain":0,"max_hp_loss":0,"event_name":"Purifier","floor":12,"gold_loss":0}],"is_beta":false,"boss_relics":[],"items_purged_floors":[],"is_endless":false,"potions_floor_spawned":[4,13,14],"killed_by":"Slime Boss","ascension_level":14}