{"path_per_floor":["M","M","M","?","$","E","R","E","T","R","M","?","E","$","R","B",null,"M","?","M","?","M","E","R","E","T","?","$","M","R","M","R","B",null,"M","M","?","$","M","E","M","?","T","E"],"character_chosen":"IRONCLAD","items_purchased":["Infernal Blade","Uppercut","Shrug It Off","Vajra","Orichalcum","Ancient Tea Set","Shrug It Off","Regen Potion","Pen Nib","Dropkick"],"gold_per_floor":[117,135,149,149,77,105,105,139,139,139,157,157,189,61,61,158,158,171,171,184,184,194,228,228,260,560,660,140,154,154,174,174,270,270,283,301,301,80,100,134,151,151,151,182,182],"floor_reached":45,"campfire_rested":3,"playtime":1909,"current_hp_per_floor":[80,68,68,56,56,53,77,60,60,60,60,60,47,47,71,60,80,74,74,74,74,78,71,71,42,42,42,42,47,73,75,75,33,88,88,88,88,88,69,12,16,39,39,18,0],"items_purged":[],"gold":182,"score":634,"play_id":"1813bfe1-c9f6-4d83-bb89-48092b833ddd","local_time":"20180327174243","is_prod":false,"is_daily":false,"is_ascension_mode":true,"campfire_upgraded":3,"timestamp":1522186963,"path_taken":["M","M","M","?","$","E","R","E","T","R","M","?","E","?","R","BOSS","M","?","M","?","M","E","R","E","T","?","$","M","R","M","R","BOSS","M","M","?","?","M","E","M","?","T","E","M"],"build_version":"2018-03-22v2","purchased_purges":1,"victory":false,"master_deck":["Strike_R","Strike_R+1","Strike_R+1","Strike_R","Strike_R","Defend_R","Defend_R","Defend_R","Defend_R","Inflame+1","Perfected Strike+1","Twin Strike","Infernal Blade","Spot Weakness","Pommel Strike","Iron Wave","Clash+1","Uppercut+1","Shrug It Off+1","Feed+1","Wild Strike+1","Clash+1","Thunderclap+1","Wild Strike+1","Warcry+1","Shrug It Off","Pummel+1","Headbutt+1","Warcry+1","Cleave+1","Dropkick+1","Perfected Strike+1","Pommel Strike+1","Heavy Blade+1","Writhe","Armaments"],"max_hp_per_floor":[80,80,80,80,80,80,80,80,80,80,80,80,80,80,80,80,80,80,80,80,80,84,84,84,88,88,88,88,88,88,88,88,88,88,88,88,88,88,88,88,92,92,92,92,92],"relics":["Mark of Pain","Thread and Needle","Omamori","Sundial","Shuriken","Calipers","Molten Egg 2","Cursed Key","Blood Vial","Bag of Preparation","Old Coin","Vajra","Orichalcum","Ancient Tea Set","Eternal Feather","Pen Nib","Whetstone","Peace Pipe","Centennial Puzzle"],"card_choices":[{"not_picked":["Warcry","Flex"],"picked":"Inflame","floor":1},{"not_picked":["Thunderclap","Wild Strike"],"picked":"Perfected Strike","floor":2},{"not_picked":["Thunderclap","Entrench"],"picked":"Twin Strike","floor":3},{"not_picked":["Headbutt","Second Wind"],"picked":"Spot Weakness","floor":6},{"not_picked":["Warcry","Searing Blow"],"picked":"Pommel Strike","floor":8},{"not_picked":["Anger","Warcry"],"picked":"Iron Wave","floor":11},{"not_picked":["Dark Embrace","Feel No Pain"],"picked":"Clash","floor":13},{"not_picked":["Barricade","Juggernaut"],"picked":"Feed","floor":16},{"not_picked":["Rupture","Headbutt"],"picked":"Wild Strike","floor":18},{"not_picked":["Flame Barrier","Blood for Blood"],"picked":"Clash","floor":20},{"not_picked":["Carnage","Combust"],"picked":"Thunderclap","floor":22},{"not_picked":["Havoc","Infernal Blade"],"picked":"Wild Strike","floor":23},{"not_picked":["Shrug It Off","Shockwave"],"picked":"Warcry","floor":25},{"not_picked":["True Grit","Blood for Blood"],"picked":"Pummel","floor":29},{"not_picked":["Infernal Blade","Thunderclap"],"picked":"Headbutt","floor":31},{"not_picked":["Fiend Fire","Bludgeon"],"picked":"Limit Break","floor":33},{"not_picked":["Entrench","Uppercut"],"picked":"Warcry","floor":35},{"not_picked":["Thunderclap","Uppercut"],"picked":"Cleave","floor":36},{"not_picked":["Entrench","Wild Strike"],"picked":"Perfected Strike","floor":39},{"not_picked":["Exhume","Clothesline"],"picked":"Pommel Strike","floor":40},{"not_picked":["Shrug It Off","Anger"],"picked":"Heavy Blade","floor":41},{"not_picked":["Seeing Red","Dark Embrace"],"picked":"Armaments","floor":44}],"player_experience":124917,"potions_floor_usage":[6,16,23,29,33,33,35,41,41],"damage_taken":[{"damage":0,"enemies":"Small Slimes","floor":1,"turns":3},{"damage":12,"enemies":"Jaw Worm","floor":2,"turns":2},{"damage":0,"enemies":"Cultist","floor":3,"turns":2},{"damage":3,"enemies":"3 Sentries","floor":6,"turns":7},{"damage":17,"enemies":"Lagavulin","floor":8,"turns":5},{"damage":0,"enemies":"Exordium Wildlife","floor":11,"turns":2},{"damage":13,"enemies":"Gremlin Nob","floor":13,"turns":4},{"damage":20,"enemies":"The Guardian","floor":16,"turns":6},{"damage":6,"enemies":"2 Thieves","floor":18,"turns":3},{"damage":0,"enemies":"Spheric Guardian","floor":20,"turns":2},{"damage":0,"enemies":"Cultist and Chosen","floor":22,"turns":3},{"damage":7,"enemies":"Book of Stabbing","floor":23,"turns":3},{"damage":35,"enemies":"Slavers","floor":25,"turns":4},{"damage":0,"enemies":"Chosen and Byrds","floor":29,"turns":2},{"damage":0,"enemies":"Snecko","floor":31,"turns":2},{"damage":44,"enemies":"Champ","floor":33,"turns":6},{"damage":0,"enemies":"3 Shapes","floor":35,"turns":1},{"damage":0,"enemies":"Orb Walker","floor":36,"turns":3},{"damage":19,"enemies":"4 Shapes","floor":39,"turns":3},{"damage":59,"enemies":"Nemesis","floor":40,"turns":5},{"damage":11,"enemies":"Sphere and 2 Shapes","floor":41,"turns":4},{"damage":23,"enemies":"2 Orb Walkers","floor":44,"turns":3},{"damage":23,"enemies":"3 Darklings","floor":45,"turns":2}],"event_choices":[{"event_name":"Scrap Ooze","player_choice":"success","floor":4,"damage_taken":12},{"event_name":"Wheel of Change","player_choice":"Relic","floor":12,"damage_taken":0},{"event_name":"Vampires","player_choice":"Ignored","floor":19,"damage_taken":0},{"event_name":"Purifier","player_choice":"One Purge","floor":21,"damage_taken":0},{"event_name":"Golden Shrine","player_choice":"Pray","floor":27,"damage_taken":0},{"event_name":"Winding Halls","player_choice":"Writhe","floor":42,"damage_taken":0}],"boss_relics":[{"not_picked":["Velvet Choker","Calling Bell"],"picked":"Cursed Key"},{"not_picked":["Lizard Tail","Astrolabe"],"picked":"Eternal Feather"}],"potions_floor_spawned":[3,11,13,22,25,31,33,36,40],"seed_played":"748023282862863845","killed_by":"3 Darklings","ascension_level":2,"is_trial":false}