{"gold_per_floor":[110,121,134,146,126,126,160,160,183,183,213,229,229,258,258,335,335,349,359,20,30,49,49,80,5,5,5,5],"floor_reached":28,"playtime":2750,"items_purged":["Strike_R"],"score":538,"play_id":"f0415758-552a-4f23-a82f-03d644d5a69e","local_time":"20190530091714","is_ascension_mode":true,"campfire_choices":[{"data":"Bash","floor":6,"key":"SMITH"},{"data":"Rampage","floor":8,"key":"SMITH"},{"data":"Iron Wave","floor":10,"key":"SMITH"},{"data":"Flame Barrier","floor":15,"key":"SMITH"},{"floor":23,"key":"REST"}],"neow_cost":"NONE","seed_source_timestamp":908446502785741,"circlet_count":0,"master_deck":["AscendersBane","Strike_R","Strike_R","Strike_R","Defend_R","Defend_R","Defend_R","Defend_R","Bash+1","Reckless Charge","Rampage+1","Feel No Pain","Headbutt+1","Headbutt","Iron Wave+1","Offering","Flame Barrier+1","Whirlwind+1","Double Tap","Armaments","Inflame"],"relics":["Burning Blood","Happy Flower","PreservedInsect","Strawberry","Bronze Scales","Philosopher\u0027s Stone","Champion Belt","Whetstone","Ornamental Fan"],"potions_floor_usage":[3,7,11,14,16,18,24,28],"damage_taken":[{"damage":13,"enemies":"Small Slimes","floor":1,"turns":3},{"damage":1,"enemies":"Cultist","floor":2,"turns":4},{"damage":0,"enemies":"2 Louse","floor":3,"turns":2},{"damage":16,"enemies":"Lots of Slimes","floor":4,"turns":5},{"damage":20,"enemies":"3 Sentries","floor":7,"turns":6},{"damage":15,"enemies":"Lagavulin","floor":11,"turns":3},{"damage":6,"enemies":"2 Fungi Beasts","floor":12,"turns":3},{"damage":6,"enemies":"3 Sentries","floor":14,"turns":4},{"damage":32,"enemies":"The Guardian","floor":16,"turns":9},{"damage":3,"enemies":"3 Byrds","floor":18,"turns":5},{"damage":35,"enemies":"2 Thieves","floor":19,"turns":4},{"damage":30,"enemies":"Snake Plant","floor":21,"turns":3},{"damage":14,"enemies":"3 Cultists","floor":22,"turns":5},{"damage":24,"enemies":"Slavers","floor":24,"turns":4},{"damage":20,"enemies":"Snecko","floor":28,"turns":3}],"seed_played":"-6817764798378710530","potions_obtained":[{"floor":2,"key":"Energy Potion"},{"floor":3,"key":"PowerPotion"},{"floor":4,"key":"Fire Potion"},{"floor":11,"key":"EssenceOfSteel"},{"floor":13,"key":"LiquidBronze"},{"floor":13,"key":"Strength Potion"},{"floor":16,"key":"Block Potion"},{"floor":19,"key":"Strength Potion"},{"floor":24,"key":"SkillPotion"}],"is_trial":false,"path_per_floor":["M","M","M","M","?","R","E","R","T","R","E","M","?","E","R","B",null,"M","M","$","M","M","R","E","$","T","?","M"],"character_chosen":"IRONCLAD","items_purchased":["Champion Belt"],"campfire_rested":1,"item_purchase_floors":[20],"current_hp_per_floor":[61,66,72,62,62,62,48,48,48,48,46,46,46,46,46,20,67,70,41,41,17,9,33,15,15,15,15,0],"gold":5,"neow_bonus":"TRANSFORM_CARD","is_prod":false,"is_daily":false,"chose_seed":false,"campfire_upgraded":4,"win_rate":0,"timestamp":1559222234,"path_taken":["M","M","M","M","?","R","E","R","T","R","E","?","?","E","R","BOSS","M","M","$","M","M","R","E","?","T","?","M"],"build_version":"2019-01-23","purchased_purges":1,"victory":false,"max_hp_per_floor":[75,75,75,75,75,75,75,75,75,75,82,82,82,82,82,82,82,82,82,82,82,82,82,82,82,82,82,82],"card_choices":[{"not_picked":["Body Slam","Sever Soul"],"picked":"Rampage","floor":1},{"not_picked":["Inflame","Clothesline"],"picked":"Feel No Pain","floor":2},{"not_picked":["Metallicize","Inflame"],"picked":"Headbutt","floor":3},{"not_picked":["Burning Pact","Sword Boomerang"],"picked":"Headbutt","floor":4},{"not_picked":["Sword Boomerang","Inflame"],"picked":"Iron Wave","floor":7},{"not_picked":["Seeing Red","Warcry"],"picked":"Offering","floor":11},{"not_picked":["Pommel Strike","Shrug It Off"],"picked":"Flame Barrier","floor":12},{"not_picked":["Feel No Pain","Warcry"],"picked":"Whirlwind","floor":14},{"not_picked":["Exhume","Offering"],"picked":"Double Tap","floor":16},{"not_picked":["Perfected Strike","Power Through","Clothesline"],"picked":"SKIP","floor":18},{"not_picked":["Sword Boomerang","Heavy Blade","Clash"],"picked":"SKIP","floor":19},{"not_picked":["Sword Boomerang","Body Slam"],"picked":"Armaments","floor":21},{"not_picked":["Evolve","Perfected Strike","Searing Blow+1"],"picked":"SKIP","floor":22},{"not_picked":["Rampage","Barricade"],"picked":"Inflame","floor":24}],"player_experience":1577437,"relics_obtained":[{"floor":7,"key":"Happy Flower"},{"floor":9,"key":"PreservedInsect"},{"floor":11,"key":"Strawberry"},{"floor":14,"key":"Bronze Scales"},{"floor":24,"key":"Whetstone"},{"floor":26,"key":"Ornamental Fan"}],"event_choices":[{"damage_healed":0,"gold_gain":0,"player_choice":"Bought 1 Potion","damage_taken":0,"max_hp_gain":0,"max_hp_loss":0,"event_name":"The Woman in Blue","floor":5,"gold_loss":0},{"damage_healed":0,"gold_gain":0,"player_choice":"Got Potions","damage_taken":0,"max_hp_gain":0,"max_hp_loss":0,"event_name":"Lab","floor":13,"gold_loss":0},{"damage_healed":0,"gold_gain":0,"player_choice":"0 cards matched","damage_taken":0,"max_hp_gain":0,"max_hp_loss":0,"event_name":"Match and Keep!","floor":27,"gold_loss":0,"cards_obtained":[]}],"is_beta":false,"boss_relics":[{"not_picked":["Runic Pyramid","Ectoplasm"],"picked":"Philosopher\u0027s Stone"}],"items_purged_floors":[25],"is_endless":false,"potions_floor_spawned":[2,3,4,11,16,19,24],"killed_by":"Snecko","ascension_level":18}