{"gold_per_floor":[118,132,132,151,164,164,176,176,199,229,245,245,257,257,257,357,357,373,389,73,93,16,16,32,51,119,119,132,166,176,176,176,278,278,288,308,324,339,339,373,373,373,373,392,419,434,447,524,524,524],"floor_reached":50,"playtime":2890,"items_purged":[],"score":784,"play_id":"c3dc4a9e-1fdb-4e04-914a-9a64dac8557a","local_time":"20190503114557","is_ascension_mode":true,"campfire_choices":[{"data":"Uppercut","floor":6.0,"key":"SMITH"},{"data":"Warcry","floor":8.0,"key":"SMITH"},{"data":"Body Slam","floor":12.0,"key":"SMITH"},{"data":"Barricade","floor":15.0,"key":"SMITH"},{"data":"Apotheosis","floor":23.0,"key":"SMITH"},{"floor":27.0,"key":"REST"},{"data":"Brutality","floor":32.0,"key":"SMITH"},{"data":"Inflame","floor":42.0,"key":"SMITH"},{"floor":49.0,"key":"REST"}],"neow_cost":"NONE","seed_source_timestamp":0,"circlet_count":0,"master_deck":["Strike_R","Strike_R","Strike_R","Strike_R","Defend_R","Defend_R","Defend_R","Defend_R","Bash","Metallicize","Uppercut+1","Sever Soul","Flex","Warcry+1","Power Through","Body Slam+1","Barricade+1","Fiend Fire","Burning Pact","Entrench","Apotheosis+1","Flex","Body Slam","Metallicize","Headbutt","Inflame+1","Pummel","Dropkick","Infernal Blade+1","Shrug It Off+1","Injury","Wild Strike","Brutality+1","Double Tap+1","Infernal Blade+1","Seeing Red+1","Parasite","Entrench+1","Pommel Strike","Pommel Strike+1","Ghostly Armor+1","Dual Wield+1"],"special_seed":0,"relics":["Burning Blood","Centennial Puzzle","Happy Flower","Mark of Pain","Toxic Egg 2","Red Skull","Eternal Feather","Dead Branch","Question Card","Pantograph","Mummified Hand"],"potions_floor_usage":[50],"damage_taken":[{"damage":6.0,"enemies":"Cultist","floor":1.0,"turns":4.0},{"damage":8.0,"enemies":"Small Slimes","floor":2.0,"turns":4.0},{"damage":7.0,"enemies":"Jaw Worm","floor":4.0,"turns":4.0},{"damage":26.0,"enemies":"Gremlin Gang","floor":5.0,"turns":5.0},{"damage":7.0,"enemies":"2 Fungi Beasts","floor":7.0,"turns":4.0},{"damage":40.0,"enemies":"3 Sentries","floor":10.0,"turns":9.0},{"damage":3.0,"enemies":"Looter","floor":11.0,"turns":3.0},{"damage":6.0,"enemies":"Blue Slaver","floor":13.0,"turns":3.0},{"damage":9.0,"enemies":"Hexaghost","floor":16.0,"turns":12.0},{"damage":15.0,"enemies":"3 Byrds","floor":18.0,"turns":8.0},{"damage":3.0,"enemies":"Spheric Guardian","floor":19.0,"turns":5.0},{"damage":12.0,"enemies":"3 Cultists","floor":21.0,"turns":7.0},{"damage":24.0,"enemies":"Cultist and Chosen","floor":24.0,"turns":7.0},{"damage":22.0,"enemies":"Snake Plant","floor":25.0,"turns":3.0},{"damage":1.0,"enemies":"Centurion and Healer","floor":28.0,"turns":9.0},{"damage":19.0,"enemies":"Book of Stabbing","floor":29.0,"turns":5.0},{"damage":4.0,"enemies":"Snecko","floor":30.0,"turns":3.0},{"damage":7.0,"enemies":"Champ","floor":33.0,"turns":8.0},{"damage":6.0,"enemies":"Orb Walker","floor":35.0,"turns":2.0},{"damage":13.0,"enemies":"3 Shapes","floor":36.0,"turns":4.0},{"damage":1.0,"enemies":"Spire Growth","floor":37.0,"turns":2.0},{"damage":10.0,"enemies":"Writhing Mass","floor":38.0,"turns":6.0},{"damage":46.0,"enemies":"Reptomancer","floor":40.0,"turns":7.0},{"damage":13.0,"enemies":"3 Darklings","floor":44.0,"turns":6.0},{"damage":31.0,"enemies":"Nemesis","floor":45.0,"turns":7.0},{"damage":17.0,"enemies":"Transient","floor":46.0,"turns":5.0},{"damage":3.0,"enemies":"Maw","floor":47.0,"turns":4.0},{"damage":102,"enemies":"Time Eater","floor":50,"turns":7}],"seed_played":"1895737933826674304","potions_obtained":[{"floor":1.0,"key":"BloodPotion"},{"floor":2.0,"key":"Strength Potion"},{"floor":10.0,"key":"SteroidPotion"},{"floor":16.0,"key":"Dexterity Potion"},{"floor":18.0,"key":"FearPotion"},{"floor":24.0,"key":"Weak Potion"},{"floor":33.0,"key":"Explosive Potion"},{"floor":35.0,"key":"Poison Potion"},{"floor":37.0,"key":"Explosive Potion"},{"floor":44.0,"key":"Block Potion"},{"floor":46.0,"key":"Regen Potion"}],"is_trial":false,"path_per_floor":["M","M","?","M","M","R","M","R","T","E","M","R","M","?","R","B",null,"M","M","$","M","$","R","M","M","T","R","M","E","M","?","R","B",null,"M","M","M","M","?","E","?","R","T","M","E","M","M","T","R","B"],"character_chosen":"IRONCLAD","items_purchased":["Apotheosis","Flex","Body Slam","Metallicize","Inflame"],"campfire_rested":2,"item_purchase_floors":[20,20,20,20,22],"current_hp_per_floor":[88,86,86,85,73,73,72,72,72,38,41,41,41,41,41,38,76,67,70,70,64,64,64,46,30,30,56,61,48,50,50,50,49,78,78,71,76,72,72,32,32,53,53,46,21,10,13,13,63,0],"gold":524,"neow_bonus":"TEN_PERCENT_HP_BONUS","is_prod":false,"is_daily":false,"chose_seed":false,"campfire_upgraded":7,"win_rate":0,"timestamp":1556847957,"path_taken":["M","M","?","?","M","R","M","R","T","E","M","R","M","?","R","BOSS","M","M","$","M","?","R","?","M","T","R","M","E","?","?","R","BOSS","M","M","M","?","?","E","?","R","T","M","E","M","M","?","R","BOSS"],"build_version":"2019-01-23","purchased_purges":0,"victory":false,"max_hp_per_floor":[88,88,88,88,88,88,88,88,88,88,88,88,88,88,88,88,88,88,88,88,88,88,88,88,88,88,88,88,88,88,88,88,88,88,88,88,88,88,88,88,88,88,88,88,88,88,88,88,88,88],"card_choices":[{"not_picked":["Searing Blow","Flex"],"picked":"Metallicize","floor":1.0},{"not_picked":["Feel No Pain","Twin Strike"],"picked":"Uppercut","floor":2.0},{"not_picked":["Uppercut","Perfected Strike"],"picked":"Sever Soul","floor":4.0},{"not_picked":["Rage","Twin Strike"],"picked":"Flex","floor":5.0},{"not_picked":["Heavy Blade","Rupture"],"picked":"Warcry","floor":7.0},{"not_picked":["Evolve","Dark Embrace"],"picked":"Power Through","floor":10.0},{"not_picked":["Dual Wield","Rupture"],"picked":"Body Slam","floor":11.0},{"not_picked":["Thunderclap","Combust","Searing Blow"],"picked":"SKIP","floor":13.0},{"not_picked":["Barricade","Double Tap"],"picked":"Fiend Fire","floor":16.0},{"not_picked":["Dual Wield","Warcry+1"],"picked":"Burning Pact","floor":18.0},{"not_picked":["Intimidate","Warcry+1"],"picked":"Entrench","floor":19.0},{"not_picked":["Body Slam","Searing Blow"],"picked":"Headbutt","floor":21.0},{"not_picked":["Sword Boomerang","Clothesline"],"picked":"Pummel","floor":24.0},{"not_picked":["Entrench","Body Slam","Warcry"],"picked":"SKIP","floor":25.0},{"not_picked":["Rampage","Armaments+1"],"picked":"Dropkick","floor":28.0},{"not_picked":["Headbutt","Havoc+1"],"picked":"Infernal Blade+1","floor":29.0},{"not_picked":["Sword Boomerang","Perfected Strike"],"picked":"Shrug It Off+1","floor":30.0},{"not_picked":["Feed","Barricade"],"picked":"Double Tap+1","floor":33.0},{"not_picked":["Evolve","Heavy Blade"],"picked":"Infernal Blade+1","floor":35.0},{"not_picked":["Clash","Twin Strike+1","Combust+1"],"picked":"SKIP","floor":36.0},{"not_picked":["Headbutt+1","Warcry+1"],"picked":"Seeing Red+1","floor":37.0},{"not_picked":["Body Slam","Headbutt","Perfected Strike"],"picked":"SKIP","floor":38.0},{"not_picked":["Burning Pact+1","Ghostly Armor+1"],"picked":"Entrench+1","floor":40.0},{"not_picked":["Seeing Red+1","Heavy Blade+1","Armaments+1"],"picked":"Pommel Strike","floor":44.0},{"not_picked":["Headbutt","Heavy Blade+1","Demon Form"],"picked":"Pommel Strike+1","floor":45.0},{"not_picked":["Wild Strike","Flame Barrier+1","Blood for Blood+1"],"picked":"Ghostly Armor+1","floor":46.0},{"not_picked":["Perfected Strike+1","Disarm+1","Armaments+1"],"picked":"Dual Wield+1","floor":47.0}],"player_experience":588807,"relics_obtained":[{"floor":9.0,"key":"Centennial Puzzle"},{"floor":10.0,"key":"Happy Flower"},{"floor":26.0,"key":"Toxic Egg 2"},{"floor":29.0,"key":"Red Skull"},{"floor":40.0,"key":"Dead Branch"},{"floor":43.0,"key":"Question Card"},{"floor":45.0,"key":"Pantograph"},{"floor":48.0,"key":"Mummified Hand"}],"event_choices":[{"damage_healed":0.0,"max_hp_gain":0.0,"max_hp_loss":0.0,"gold_gain":0.0,"event_name":"The Woman in Blue","player_choice":"Bought 0 Potions","floor":3.0,"gold_loss":0.0,"damage_taken":0.0},{"damage_healed":0.0,"max_hp_gain":0.0,"max_hp_loss":0.0,"gold_gain":0.0,"cards_transformed":["Strike_R"],"event_name":"Transmorgrifier","player_choice":"Transformed","floor":14.0,"gold_loss":0.0,"damage_taken":0.0,"cards_obtained":["Barricade"]},{"damage_healed":0.0,"max_hp_gain":0.0,"max_hp_loss":0.0,"gold_gain":0.0,"event_name":"Match and Keep!","player_choice":"3 cards matched","floor":31.0,"gold_loss":0.0,"damage_taken":0.0,"cards_obtained":["Injury","Wild Strike","Brutality"]},{"damage_healed":0.0,"max_hp_gain":0.0,"max_hp_loss":0.0,"gold_gain":0.0,"event_name":"Mysterious Sphere","player_choice":"Ignored","floor":39.0,"gold_loss":0.0,"damage_taken":0.0},{"damage_healed":0.0,"max_hp_gain":0.0,"max_hp_loss":0.0,"gold_gain":0.0,"event_name":"Tomb of Lord Red Mask","player_choice":"Ignored","floor":41.0,"gold_loss":0.0,"damage_taken":0.0}],"is_beta":false,"boss_relics":[{"not_picked":["Ectoplasm","Busted Crown"],"picked":"Mark of Pain"},{"not_picked":["Empty Cage","Cursed Key"],"picked":"Eternal Feather"}],"items_purged_floors":[],"is_endless":false,"potions_floor_spawned":[1,2,10,16,18,24,25,33,35,37,44,46],"killed_by":"Time Eater","ascension_level":5}