{"gold_per_floor":[118,136,149,149,162,162,188,200,247,247,277,18,18,36,36,131,131,142,154,168,168,168,168,168],"floor_reached":24,"playtime":716,"items_purged":[],"score":264,"play_id":"4ab98f20-1287-45e8-8818-c03d394a6fd9","local_time":"20190424185503","is_ascension_mode":true,"campfire_choices":[{"data":"Warcry","floor":6,"key":"SMITH"},{"floor":10,"key":"REST"},{"floor":13,"key":"REST"},{"floor":15,"key":"REST"},{"floor":23,"key":"REST"}],"neow_cost":"NONE","seed_source_timestamp":10481943881948,"circlet_count":0,"master_deck":["Defend_R","Defend_R+1","Defend_R+1","Defend_R","Bash+1","Twin Strike","Warcry+1","Wild Strike+1","Exhume","Heavy Blade","Cleave","Flex","Dual Wield","Pommel Strike","Berserk","Seeing Red","Metallicize","Juggernaut","Feel No Pain","Ghostly Armor","Armaments","Decay","Bite","Bite","Bite","Bite","Bite","Shrug It Off"],"relics":["Black Blood","Whetstone","War Paint","Dream Catcher","Dodecahedron","ClockworkSouvenir"],"potions_floor_usage":[7,7,8,16,20,24],"damage_taken":[{"damage":10,"enemies":"2 Louse","floor":1,"turns":2},{"damage":12,"enemies":"Jaw Worm","floor":2,"turns":2},{"damage":0,"enemies":"Small Slimes","floor":3,"turns":3},{"damage":8,"enemies":"3 Louse","floor":5,"turns":3},{"damage":28,"enemies":"Lagavulin","floor":7,"turns":6},{"damage":25,"enemies":"Gremlin Gang","floor":8,"turns":4},{"damage":28,"enemies":"Gremlin Nob","floor":11,"turns":4},{"damage":11,"enemies":"Looter","floor":14,"turns":2},{"damage":55,"enemies":"The Guardian","floor":16,"turns":9},{"damage":8,"enemies":"Spheric Guardian","floor":18,"turns":3},{"damage":25,"enemies":"Shell Parasite","floor":19,"turns":6},{"damage":63,"enemies":"Snake Plant","floor":20,"turns":5},{"damage":39,"enemies":"Book of Stabbing","floor":24,"turns":4}],"seed_played":"7645432657405304821","potions_obtained":[{"floor":1,"key":"SkillPotion"},{"floor":2,"key":"Block Potion"},{"floor":7,"key":"SneckoOil"},{"floor":11,"key":"SkillPotion"},{"floor":18,"key":"Poison Potion"},{"floor":20,"key":"Swift Potion"}],"is_trial":false,"path_per_floor":["M","M","M","?","M","R","E","M","T","R","E","$","R","M","R","B",null,"M","M","M","?","?","R","E"],"character_chosen":"IRONCLAD","items_purchased":["ClockworkSouvenir","Pommel Strike"],"campfire_rested":4,"item_purchase_floors":[12,12],"current_hp_per_floor":[76,70,76,76,74,74,52,33,33,57,35,35,59,54,78,29,80,80,65,12,12,12,28,0],"gold":168,"neow_bonus":"RANDOM_COMMON_RELIC","is_prod":false,"is_daily":false,"chose_seed":false,"campfire_upgraded":1,"win_rate":0,"timestamp":1556096103,"path_taken":["M","M","M","?","M","R","E","M","T","R","E","$","R","M","R","BOSS","M","M","M","?","?","R","E"],"build_version":"2019-01-23","purchased_purges":0,"victory":false,"max_hp_per_floor":[80,80,80,80,80,80,80,80,80,80,80,80,80,80,80,80,80,80,80,80,80,56,56,56],"card_choices":[{"not_picked":["Sentinel","Sword Boomerang"],"picked":"Twin Strike","floor":1},{"not_picked":["Perfected Strike","Combust"],"picked":"Warcry","floor":2},{"not_picked":["Heavy Blade","Clothesline"],"picked":"Wild Strike","floor":3},{"not_picked":["Clash","Burning Pact"],"picked":"Exhume","floor":5},{"not_picked":["Fire Breathing","Clothesline"],"picked":"Heavy Blade","floor":7},{"not_picked":["Perfected Strike","Iron Wave"],"picked":"Cleave","floor":8},{"not_picked":["Reckless Charge","Rupture"],"picked":"Flex","floor":10},{"not_picked":["Flex","Shrug It Off"],"picked":"Dual Wield","floor":11},{"not_picked":["Iron Wave","Body Slam"],"picked":"Berserk","floor":13},{"not_picked":["Iron Wave","Shrug It Off"],"picked":"Seeing Red","floor":14},{"not_picked":["Dual Wield","Hemokinesis"],"picked":"Metallicize","floor":15},{"not_picked":["Berserk","Dark Embrace"],"picked":"Juggernaut","floor":16},{"not_picked":["Shrug It Off","Combust"],"picked":"Feel No Pain","floor":18},{"not_picked":["Second Wind","Clothesline"],"picked":"Ghostly Armor","floor":19},{"not_picked":["Clash","Sword Boomerang"],"picked":"Armaments","floor":20},{"not_picked":["Second Wind+1","Battle Trance"],"picked":"Shrug It Off","floor":23}],"player_experience":463329,"relics_obtained":[{"floor":7,"key":"War Paint"},{"floor":9,"key":"Dream Catcher"},{"floor":11,"key":"Dodecahedron"}],"event_choices":[{"damage_healed":0,"gold_gain":0,"player_choice":"Grow","damage_taken":0,"max_hp_gain":0,"max_hp_loss":0,"event_name":"Living Wall","floor":4,"gold_loss":0,"cards_upgraded":["Wild Strike"]},{"damage_healed":0,"gold_gain":0,"player_choice":"Smashed Altar","damage_taken":0,"max_hp_gain":0,"max_hp_loss":0,"event_name":"Forgotten Altar","floor":21,"gold_loss":0,"cards_obtained":["Decay"]},{"damage_healed":0,"gold_gain":0,"player_choice":"Became a vampire","damage_taken":0,"max_hp_gain":0,"max_hp_loss":24,"event_name":"Vampires","floor":22,"gold_loss":0,"cards_obtained":["Bite","Bite","Bite","Bite","Bite"]}],"is_beta":false,"boss_relics":[{"not_picked":["Black Star","Runic Pyramid"],"picked":"Black Blood"}],"items_purged_floors":[],"is_endless":false,"potions_floor_spawned":[1,2,7,11,18,20],"killed_by":"Book of Stabbing","ascension_level":3}