{"gold_per_floor":[118,133,153,153,167,177,212,212,212,243,256,283,342,371,371,469,469,486,411,422,422,437,437,467,467,467,215,231,266,73,91,91,193,193,211,211,225,24,36,70,70,80,80,111,130,0,0,0,0,0],"floor_reached":51,"playtime":2814,"items_purged":[],"score":1178,"play_id":"bed538ac-c920-414c-8baf-fe3d5097f437","local_time":"20181103192901","is_ascension_mode":true,"campfire_choices":[{"floor":8,"key":"REST"},{"floor":15,"key":"REST"},{"data":"Armaments","floor":23,"key":"SMITH"},{"data":"Inflame","floor":25,"key":"SMITH"},{"floor":32,"key":"REST"},{"data":"Perfected Strike","floor":41,"key":"SMITH"},{"data":"Doubt","floor":49,"key":"PURGE"}],"neow_cost":"NONE","seed_source_timestamp":0,"circlet_count":0,"master_deck":["AscendersBane","Strike_R+1","Strike_R+1","Strike_R+1","Strike_R+1","Defend_R+1","Defend_R+1","Defend_R+1","Bash","Armaments+1","Blood for Blood","Inflame+1","Perfected Strike","Perfected Strike+1","Impervious","Pommel Strike","Clash","Twin Strike","Seeing Red","Juggernaut","Pommel Strike","Wild Strike","Warcry","Second Wind+1","Twin Strike","Shrug It Off","Perfected Strike+1","Impervious","Wild Strike+1","Perfected Strike+1","Iron Wave+1","Wild Strike","Disarm+1","Twin Strike+1"],"special_seed":0,"relics":["Burning Blood","Strawberry","Centennial Puzzle","Bag of Preparation","Mercury Hourglass","Kunai","Sozu","Peace Pipe","Matryoshka","Strange Spoon","Gremlin Horn","MealTicket","Velvet Choker","Sling","Red Skull","Happy Flower","Gambling Chip","Orichalcum","Red Mask"],"potions_floor_usage":[12,14,16],"damage_taken":[{"damage":10.0,"enemies":"Jaw Worm","floor":1.0,"turns":6.0},{"damage":0,"enemies":"2 Louse","floor":2,"turns":5},{"damage":1,"enemies":"Small Slimes","floor":3,"turns":4},{"damage":18,"enemies":"Exordium Wildlife","floor":5,"turns":7},{"damage":13,"enemies":"Red Slaver","floor":6,"turns":4},{"damage":36,"enemies":"Gremlin Nob","floor":7,"turns":5},{"damage":35,"enemies":"3 Sentries","floor":10,"turns":10},{"damage":0,"enemies":"2 Fungi Beasts","floor":11,"turns":5},{"damage":13,"enemies":"Gremlin Nob","floor":12,"turns":3},{"damage":15,"enemies":"Lagavulin","floor":14,"turns":5},{"damage":14,"enemies":"The Guardian","floor":16,"turns":11},{"damage":2,"enemies":"Chosen","floor":18,"turns":4},{"damage":12,"enemies":"2 Thieves","floor":20,"turns":4},{"damage":16,"enemies":"Snake Plant","floor":22,"turns":3},{"damage":23,"enemies":"Slavers","floor":24,"turns":4},{"damage":7,"enemies":"3 Cultists","floor":28,"turns":4},{"damage":0,"enemies":"Gremlin Leader","floor":29,"turns":5},{"damage":12,"enemies":"Shelled Parasite and Fungi","floor":31,"turns":3},{"damage":86,"enemies":"Collector","floor":33,"turns":7},{"damage":11,"enemies":"3 Darklings","floor":35,"turns":6},{"damage":0,"enemies":"Orb Walker","floor":37,"turns":2},{"damage":0,"enemies":"Jaw Worm Horde","floor":39,"turns":4},{"damage":21,"enemies":"Nemesis","floor":40,"turns":5},{"damage":4,"enemies":"4 Shapes","floor":42,"turns":5},{"damage":21,"enemies":"Giant Head","floor":44,"turns":6},{"damage":17,"enemies":"3 Darklings","floor":45,"turns":3},{"damage":53,"enemies":"Time Eater","floor":50,"turns":9}],"seed_played":"-5864936714385722077","potions_obtained":[{"floor":7,"key":"Strength Potion"},{"floor":11,"key":"Weak Potion"},{"floor":14,"key":"SteroidPotion"},{"floor":16,"key":"FairyPotion"}],"is_trial":false,"path_per_floor":["M","M","M","?","M","M","E","R","T","E","M","E","?","E","R","B",null,"M","?","M","?","M","R","E","R","T","$","M","E","$","M","R","B",null,"M","?","M","$","M","E","R","M","T","E","M","?","?","?","R","B",null],"character_chosen":"IRONCLAD","items_purchased":["Strange Spoon","Twin Strike","MealTicket","Sling"],"campfire_rested":3,"item_purchase_floors":[27,27,30,38],"current_hp_per_floor":[68,74,79,84,72,65,42,69,69,40,46,39,39,30,57,49,81,85,85,79,79,69,69,52,52,52,52,51,57,57,51,78,15,73,68,68,74,84,90,75,75,77,77,62,51,51,92,87,87,40],"gold":0,"neow_bonus":"REMOVE_CARD","is_prod":false,"is_daily":false,"chose_seed":false,"campfire_upgraded":3,"win_rate":0,"timestamp":1541287741,"path_taken":["M","M","M","?","M","M","E","R","T","E","M","E","?","E","R","BOSS","M","?","M","?","M","R","E","R","T","?","M","E","$","M","R","BOSS","M","?","M","$","M","E","R","M","T","E","?","?","?","?","R","BOSS"],"build_version":"2018-11-01","purchased_purges":0,"victory":true,"max_hp_per_floor":[80,80,80,85,85,85,92,92,92,92,92,92,92,92,92,92,92,92,92,92,92,92,92,92,92,92,92,92,92,92,92,92,92,92,92,92,92,92,92,92,92,92,92,92,92,92,92,87,87,87],"card_choices":[{"not_picked":["Havoc","Cleave"],"picked":"Armaments","floor":1.0},{"not_picked":["Twin Strike","Burning Pact"],"picked":"Blood for Blood","floor":2},{"not_picked":["Blood for Blood","Evolve"],"picked":"Inflame","floor":3},{"not_picked":["Evolve","Combust"],"picked":"Perfected Strike","floor":5},{"not_picked":["Warcry","Sword Boomerang"],"picked":"Perfected Strike","floor":6},{"not_picked":["Clothesline","Second Wind"],"picked":"Impervious","floor":7},{"not_picked":["Rupture","Clothesline"],"picked":"Pommel Strike","floor":10},{"not_picked":["Sever Soul","Whirlwind"],"picked":"Clash","floor":11},{"not_picked":["Heavy Blade","Sword Boomerang"],"picked":"Twin Strike","floor":12},{"not_picked":["Blood for Blood","Disarm"],"picked":"Seeing Red","floor":14},{"not_picked":["Dark Embrace","Immolate"],"picked":"Juggernaut","floor":16},{"not_picked":["Armaments","Headbutt"],"picked":"Pommel Strike","floor":18},{"not_picked":["Iron Wave","Clash"],"picked":"Wild Strike","floor":20},{"not_picked":["Carnage+1","Intimidate+1"],"picked":"Warcry","floor":22},{"not_picked":["Clothesline","Perfected Strike"],"picked":"Second Wind+1","floor":24},{"not_picked":["Thunderclap","Spot Weakness"],"picked":"Shrug It Off","floor":28},{"not_picked":["Sword Boomerang","Shockwave"],"picked":"Perfected Strike+1","floor":29},{"not_picked":["Shrug It Off","Heavy Blade+1","Clothesline"],"picked":"SKIP","floor":31},{"not_picked":["Immolate","Juggernaut"],"picked":"Impervious","floor":33},{"not_picked":["Anger","Havoc+1","Seeing Red+1"],"picked":"SKIP","floor":35},{"not_picked":["Pummel+1","Headbutt+1"],"picked":"Wild Strike+1","floor":37},{"not_picked":["Wild Strike","Shrug It Off+1"],"picked":"Perfected Strike+1","floor":39},{"not_picked":["Intimidate","Flame Barrier"],"picked":"Iron Wave+1","floor":40},{"not_picked":["Limit Break","True Grit"],"picked":"Wild Strike","floor":42},{"not_picked":["Body Slam+1","Clothesline+1"],"picked":"Disarm+1","floor":44},{"not_picked":["Anger+1","Uppercut+1"],"picked":"Twin Strike+1","floor":45}],"player_experience":589241,"relics_obtained":[{"floor":7,"key":"Strawberry"},{"floor":9,"key":"Centennial Puzzle"},{"floor":10,"key":"Bag of Preparation"},{"floor":12,"key":"Mercury Hourglass"},{"floor":14,"key":"Kunai"},{"floor":24,"key":"Peace Pipe"},{"floor":26,"key":"Matryoshka"},{"floor":29,"key":"Gremlin Horn"},{"floor":40,"key":"Red Skull"},{"floor":43,"key":"Happy Flower"},{"floor":43,"key":"Gambling Chip"},{"floor":44,"key":"Orichalcum"}],"event_choices":[{"damage_healed":0,"gold_gain":0,"player_choice":"Donut","damage_taken":0,"max_hp_gain":5,"max_hp_loss":0,"event_name":"Big Fish","floor":4,"gold_loss":0},{"damage_healed":0,"gold_gain":59,"player_choice":"Gained Gold","damage_taken":0,"max_hp_gain":0,"max_hp_loss":0,"event_name":"Golden Wing","floor":13,"gold_loss":0},{"cards_removed":["Defend_R"],"damage_healed":0,"gold_gain":0,"player_choice":"Gave Gold","damage_taken":0,"max_hp_gain":0,"max_hp_loss":0,"event_name":"Beggar","floor":19,"gold_loss":75},{"damage_healed":0,"gold_gain":0,"player_choice":"Simplicity","damage_taken":0,"max_hp_gain":0,"max_hp_loss":0,"event_name":"Back to Basics","floor":21,"gold_loss":0,"cards_upgraded":["Strike_R","Strike_R","Strike_R","Strike_R","Defend_R","Defend_R","Defend_R"]},{"damage_healed":0,"gold_gain":0,"player_choice":"Ignored","damage_taken":0,"max_hp_gain":0,"max_hp_loss":0,"event_name":"SecretPortal","floor":36,"gold_loss":0},{"damage_healed":0,"gold_gain":0,"player_choice":"Paid","damage_taken":0,"relics_obtained":["Red Mask"],"max_hp_gain":0,"max_hp_loss":0,"event_name":"Tomb of Lord Red Mask","floor":46,"gold_loss":130},{"damage_healed":41,"gold_gain":0,"player_choice":"Heal","damage_taken":0,"max_hp_gain":0,"max_hp_loss":0,"event_name":"MindBloom","floor":47,"gold_loss":0,"cards_obtained":["Doubt"]},{"damage_healed":0,"gold_gain":0,"player_choice":"Max HP","damage_taken":0,"max_hp_gain":0,"max_hp_loss":5,"event_name":"Winding Halls","floor":48,"gold_loss":0}],"is_beta":false,"boss_relics":[{"not_picked":["Calling Bell","Mark of Pain"],"picked":"Sozu"},{"not_picked":["Runic Pyramid","Eternal Feather"],"picked":"Velvet Choker"}],"items_purged_floors":[],"is_endless":false,"potions_floor_spawned":[7,11,14,16,18,22,28,29,33,37,39],"ascension_level":10}