{"gold_per_floor":[110,110,35,35,57,97,109,121,182,204,242,10,10,27,27,99,99,109,109,122,134,149,149,165,190,190,215,233,233,233,248,248,248],"floor_reached":33,"playtime":1649,"items_purged":["Strike_B"],"score":529,"play_id":"f6b28322-9603-4cef-a645-865f2f49b2e4","local_time":"20190722034741","is_ascension_mode":true,"campfire_choices":[{"data":"Dualcast","floor":8,"key":"SMITH"},{"data":"Streamline","floor":15,"key":"SMITH"},{"floor":23,"key":"REST"},{"floor":30,"key":"REST"},{"floor":32,"key":"REST"}],"neow_cost":"NONE","seed_source_timestamp":52034017650507,"circlet_count":0,"master_deck":["AscendersBane","Strike_B","Strike_B","Strike_B","Defend_B","Defend_B","Defend_B","Defend_B","Zap+1","Dualcast+1","Conserve Battery","Undo","Compile Driver","Cold Snap","Streamline+1","Stack","Biased Cognition","Electrodynamics","BootSequence","Biased Cognition","FTL","Hologram","Beam Cell","Seek","Go for the Eyes+1","Pain","Loop"],"relics":["Cracked Core","NeowsBlessing","Art of War","MawBank","Gambling Chip","Oddly Smooth Stone","Smiling Mask","Regal Pillow","Boot","Nuclear Battery","Sundial","Cables","Lantern","WarpedTongs"],"potions_floor_usage":[11,16,16,33,33],"damage_taken":[{"damage":0,"enemies":"2 Louse","floor":1,"turns":1},{"damage":0,"enemies":"Small Slimes","floor":5,"turns":1},{"damage":0,"enemies":"Lagavulin","floor":6,"turns":1},{"damage":0,"enemies":"Cultist","floor":10,"turns":3},{"damage":8,"enemies":"3 Sentries","floor":11,"turns":7},{"damage":8,"enemies":"Large Slime","floor":14,"turns":6},{"damage":36,"enemies":"Slime Boss","floor":16,"turns":8},{"damage":4,"enemies":"3 Byrds","floor":18,"turns":3},{"damage":0,"enemies":"Chosen","floor":20,"turns":4},{"damage":0,"enemies":"3 Cultists","floor":21,"turns":4},{"damage":10,"enemies":"Snecko","floor":22,"turns":4},{"damage":35,"enemies":"Shelled Parasite and Fungi","floor":24,"turns":5},{"damage":19,"enemies":"Gremlin Leader","floor":25,"turns":7},{"damage":0,"enemies":"Snake Plant","floor":28,"turns":2},{"damage":16,"enemies":"Centurion and Healer","floor":31,"turns":5},{"damage":103,"enemies":"Champ","floor":33,"turns":14}],"seed_played":"7192836573846866712","potions_obtained":[{"floor":5,"key":"SteroidPotion"},{"floor":6,"key":"Block Potion"},{"floor":11,"key":"PowerPotion"},{"floor":22,"key":"SteroidPotion"},{"floor":24,"key":"FearPotion"}],"is_trial":false,"path_per_floor":["M","?","?","?","M","E","?","R","T","M","E","$","?","M","R","B",null,"M","?","M","M","M","R","M","E","T","T","M","?","R","M","R","B"],"character_chosen":"DEFECT","items_purchased":["Regal Pillow","Stack"],"campfire_rested":3,"item_purchase_floors":[12,12],"current_hp_per_floor":[64,64,64,64,64,64,64,64,64,64,56,56,51,43,43,7,55,51,51,51,51,41,71,36,17,17,17,17,17,53,37,71,0],"gold":248,"neow_bonus":"THREE_ENEMY_KILL","is_prod":false,"is_daily":false,"chose_seed":false,"campfire_upgraded":2,"win_rate":0,"timestamp":1563731261,"path_taken":["M","?","?","?","?","E","?","R","T","M","E","$","?","M","R","BOSS","M","?","M","?","M","R","M","E","T","?","?","?","R","M","R","BOSS"],"build_version":"2019-07-17","purchased_purges":1,"victory":false,"max_hp_per_floor":[71,71,71,71,71,71,71,71,71,71,71,71,71,71,71,71,71,71,71,71,71,71,71,71,71,71,71,71,71,71,71,71,71],"card_choices":[{"not_picked":["Go for the Eyes","Reinforced Body"],"picked":"Conserve Battery","floor":1},{"not_picked":["Coolheaded","Loop"],"picked":"Undo","floor":5},{"not_picked":["Rip and Tear","Double Energy"],"picked":"Compile Driver","floor":6},{"not_picked":["Stack","Lockon"],"picked":"Cold Snap","floor":10},{"not_picked":["Steam Power","Compile Driver"],"picked":"Streamline","floor":11},{"not_picked":["Reprogram","Compile Driver"],"picked":"Biased Cognition","floor":14},{"not_picked":["Buffer","Amplify"],"picked":"Electrodynamics","floor":16},{"not_picked":["Redo","Heatsinks"],"picked":"BootSequence","floor":18},{"not_picked":["Storm+1","Reprogram"],"picked":"FTL","floor":20},{"not_picked":["Steam","Gash+1"],"picked":"Hologram","floor":21},{"not_picked":["Compile Driver+1","Rebound"],"picked":"Beam Cell","floor":22},{"not_picked":["Conserve Battery","Hologram"],"picked":"Seek","floor":24},{"not_picked":["Rebound","Stack","Beam Cell"],"picked":"SKIP","floor":25},{"not_picked":["Redo","Compile Driver"],"picked":"Go for the Eyes+1","floor":28},{"not_picked":["Coolheaded","Cold Snap"],"picked":"Loop","floor":31}],"player_experience":1048510,"relics_obtained":[{"floor":4,"key":"MawBank"},{"floor":6,"key":"Gambling Chip"},{"floor":9,"key":"Oddly Smooth Stone"},{"floor":11,"key":"Smiling Mask"},{"floor":25,"key":"Sundial"},{"floor":26,"key":"Cables"},{"floor":27,"key":"Lantern"}],"event_choices":[{"damage_healed":0,"gold_gain":0,"player_choice":"Box","damage_taken":0,"relics_obtained":["Art of War"],"max_hp_gain":0,"max_hp_loss":0,"event_name":"Big Fish","floor":2,"gold_loss":0,"cards_obtained":["Regret"]},{"cards_removed":["Regret"],"damage_healed":0,"gold_gain":0,"player_choice":"Card Removal","damage_taken":0,"max_hp_gain":0,"max_hp_loss":0,"event_name":"The Cleric","floor":3,"gold_loss":75},{"damage_healed":0,"gold_gain":0,"player_choice":"Relic","damage_taken":0,"max_hp_gain":0,"max_hp_loss":0,"event_name":"Wheel of Change","floor":4,"gold_loss":0},{"damage_healed":0,"gold_gain":0,"player_choice":"Grow","damage_taken":0,"max_hp_gain":0,"max_hp_loss":0,"event_name":"Living Wall","floor":7,"gold_loss":0,"cards_upgraded":["Zap"]},{"damage_healed":0,"gold_gain":0,"player_choice":"Success","damage_taken":5,"relics_obtained":["Boot"],"max_hp_gain":0,"max_hp_loss":0,"event_name":"Scrap Ooze","floor":13,"gold_loss":0},{"damage_healed":0,"gold_gain":0,"player_choice":"Copied","damage_taken":0,"max_hp_gain":0,"max_hp_loss":0,"event_name":"Duplicator","floor":19,"gold_loss":0,"cards_obtained":["Biased Cognition"]},{"damage_healed":0,"gold_gain":0,"player_choice":"Rummage","damage_taken":0,"relics_obtained":["WarpedTongs"],"max_hp_gain":0,"max_hp_loss":0,"event_name":"Accursed Blacksmith","floor":29,"gold_loss":0,"cards_obtained":["Pain"]}],"is_beta":false,"boss_relics":[{"not_picked":["Velvet Choker","White Beast Statue"],"picked":"Nuclear Battery"}],"items_purged_floors":[12],"is_endless":false,"potions_floor_spawned":[5,6,11,14,22,24,31],"killed_by":"Champ","ascension_level":15}