{"gold_per_floor":[116,129,9,28,28,28,45,58,133,133,151,168,196,58,58,58],"floor_reached":16,"playtime":537,"items_purged":["Strike_G"],"score":172,"play_id":"47a2b09b-b453-4a0b-882c-826ba33a859b","local_time":"20181215222954","is_ascension_mode":true,"campfire_choices":[{"data":"Dash","floor":6,"key":"SMITH"},{"data":"Crippling Poison","floor":10,"key":"SMITH"},{"data":"Cloak And Dagger","floor":15,"key":"SMITH"}],"neow_cost":"NONE","seed_source_timestamp":183740673931693,"circlet_count":0,"master_deck":["AscendersBane","Defend_G","Defend_G","Defend_G","Defend_G","Defend_G","Strike_G","Strike_G","Strike_G","Strike_G","Survivor","Neutralize","Dash+1","Cloak And Dagger","Sucker Punch","Cloak And Dagger+1","Crippling Poison+1","Backstab","Envenom","Adrenaline"],"relics":["Coffee Dripper","Prayer Wheel"],"potions_floor_usage":[11,16,16],"damage_taken":[{"damage":2,"enemies":"Cultist","floor":1,"turns":5},{"damage":0,"enemies":"Small Slimes","floor":2,"turns":4},{"damage":0,"enemies":"2 Louse","floor":4,"turns":2},{"damage":3,"enemies":"Blue Slaver","floor":7,"turns":4},{"damage":0,"enemies":"Exordium Wildlife","floor":8,"turns":6},{"damage":1,"enemies":"3 Louse","floor":11,"turns":3},{"damage":0,"enemies":"2 Fungi Beasts","floor":12,"turns":3},{"damage":22,"enemies":"Gremlin Nob","floor":13,"turns":4},{"damage":44,"enemies":"Slime Boss","floor":16,"turns":7}],"seed_played":"1423123305213050297","potions_obtained":[{"floor":1,"key":"Dexterity Potion"},{"floor":12,"key":"Energy Potion"},{"floor":13,"key":"Weak Potion"}],"is_trial":false,"path_per_floor":["M","M","$","M","?","R","M","M","T","R","M","M","E","$","R","B"],"character_chosen":"THE_SILENT","items_purchased":["Sucker Punch","Adrenaline"],"campfire_rested":0,"item_purchase_floors":[3,14],"current_hp_per_floor":[61,61,61,61,61,61,58,58,58,58,57,57,35,35,35,0],"gold":58,"neow_bonus":"BOSS_RELIC","is_prod":false,"is_daily":false,"chose_seed":false,"campfire_upgraded":3,"win_rate":0,"timestamp":1544930994,"path_taken":["M","M","$","?","?","R","M","M","T","R","M","M","E","$","R","BOSS"],"build_version":"2018-12-13","purchased_purges":1,"victory":false,"max_hp_per_floor":[70,70,70,70,70,70,70,70,70,70,70,70,70,70,70,70],"card_choices":[{"not_picked":["Concentrate","Slice"],"picked":"Dash","floor":1},{"not_picked":["Tactician","Dodge and Roll"],"picked":"Cloak And Dagger","floor":2},{"not_picked":["Dagger Spray","Dagger Throw","Reflex"],"picked":"SKIP","floor":4},{"not_picked":["Flying Knee","Sucker Punch"],"picked":"Cloak And Dagger","floor":7},{"not_picked":["Blur","Quick Slash"],"picked":"Crippling Poison","floor":8},{"not_picked":["Masterful Stab","Blade Dance"],"picked":"Backstab","floor":11},{"not_picked":["Dodge and Roll","Backflip"],"picked":"Envenom","floor":12},{"not_picked":["Acrobatics","Outmaneuver","Sucker Punch"],"picked":"SKIP","floor":13}],"player_experience":879632,"relics_obtained":[{"floor":13,"key":"Prayer Wheel"}],"event_choices":[{"damage_healed":0,"gold_gain":0,"player_choice":"Ignored","damage_taken":0,"max_hp_gain":0,"max_hp_loss":0,"event_name":"Liars Game","floor":5,"gold_loss":0}],"is_beta":false,"boss_relics":[],"items_purged_floors":[3],"is_endless":false,"potions_floor_spawned":[1,12,13],"killed_by":"Slime Boss","ascension_level":13}