{"gold_per_floor":[115,115,134,149,166,166,191,191,191,191,202,222,254,254,254,351,351,368,46,65,84,103,103,103,122,146,162,162,223,223,21,21,116,116,128,5,55,55,55,55,55,55,55,55,88,98,109,141,141,141],"floor_reached":51,"playtime":2801,"items_purged":["Strike_B+1"],"score":1153,"play_id":"1d1d0950-1863-4ad3-8732-b50e258194ac","local_time":"20190609152219","is_ascension_mode":true,"campfire_choices":[{"data":"Hologram","floor":6,"key":"SMITH"},{"floor":8,"key":"REST"},{"data":"Dualcast","floor":10,"key":"SMITH"},{"floor":15,"key":"REST"},{"floor":23,"key":"REST"},{"floor":28,"key":"REST"},{"data":"Creative AI","floor":32,"key":"SMITH"},{"data":"Panacea","floor":40,"key":"SMITH"},{"data":"Consume","floor":42,"key":"SMITH"},{"data":"Strike_B+1","floor":44,"key":"PURGE"},{"data":"Seek","floor":49,"key":"SMITH"}],"neow_cost":"PERCENT_DAMAGE","seed_source_timestamp":47306047757517,"circlet_count":0,"master_deck":["AscendersBane","Strike_B+1","Strike_B+1","Defend_B+1","Defend_B+1","Defend_B+1","Defend_B+1","Zap","Dualcast+1","Leap","Hologram+1","Cold Snap","Doom and Gloom","Tempest","Streamline","Ball Lightning","Cold Snap","Echo Form","Coolheaded+1","Heatsinks","Consume+1","Double Energy","Turbo","Machine Learning","White Noise+1","Sunder","Creative AI+1","Beam Cell","Seek+1","Redo+1","Skim","Panacea+1","Tempest+1","BootSequence+1","Loop+1"],"relics":["Cracked Core","Nunchaku","Cables","Meat on the Bone","PreservedInsect","Question Card","Eternal Feather","Mummified Hand","Vajra","Tiny Chest","Pen Nib","Snecko Eye","Peace Pipe","Gremlin Horn","Boot","The Courier"],"potions_floor_usage":[7,12,29,33,33,37,45,50,50],"damage_taken":[{"damage":11,"enemies":"Small Slimes","floor":1,"turns":4},{"damage":1,"enemies":"Jaw Worm","floor":3,"turns":5},{"damage":9,"enemies":"2 Louse","floor":4,"turns":3},{"damage":6,"enemies":"Blue Slaver","floor":5,"turns":4},{"damage":36,"enemies":"Lagavulin","floor":7,"turns":8},{"damage":0,"enemies":"3 Louse","floor":11,"turns":2},{"damage":14,"enemies":"Exordium Wildlife","floor":12,"turns":5},{"damage":16,"enemies":"Gremlin Nob","floor":13,"turns":3},{"damage":33,"enemies":"Slime Boss","floor":16,"turns":7},{"damage":17,"enemies":"Spheric Guardian","floor":18,"turns":4},{"damage":15,"enemies":"Chosen","floor":20,"turns":5},{"damage":29,"enemies":"Snake Plant","floor":21,"turns":6},{"damage":25,"enemies":"Centurion and Healer","floor":22,"turns":10},{"damage":32,"enemies":"Chosen and Byrds","floor":25,"turns":8},{"damage":26,"enemies":"Snake Plant","floor":27,"turns":4},{"damage":31,"enemies":"Slavers","floor":29,"turns":3},{"damage":42,"enemies":"Champ","floor":33,"turns":13},{"damage":0,"enemies":"Orb Walker","floor":35,"turns":3},{"damage":33,"enemies":"2 Orb Walkers","floor":37,"turns":4},{"damage":0,"enemies":"Reptomancer","floor":45,"turns":4},{"damage":17,"enemies":"3 Shapes","floor":46,"turns":3},{"damage":9,"enemies":"Spire Growth","floor":47,"turns":4},{"damage":0,"enemies":"Giant Head","floor":48,"turns":5},{"damage":38,"enemies":"Time Eater","floor":50,"turns":8}],"seed_played":"-5901534476532520872","potions_obtained":[{"floor":4,"key":"Block Potion"},{"floor":7,"key":"Poison Potion"},{"floor":12,"key":"FocusPotion"},{"floor":13,"key":"Poison Potion"},{"floor":18,"key":"LiquidBronze"},{"floor":25,"key":"Dexterity Potion"},{"floor":29,"key":"SteroidPotion"},{"floor":35,"key":"Block Potion"},{"floor":37,"key":"Swift Potion"},{"floor":46,"key":"Weak Potion"}],"is_trial":false,"path_per_floor":["M","?","M","M","M","R","E","R","T","R","M","M","E","T","R","B",null,"M","$","M","M","M","R","?","M","T","M","R","E","?","$","R","B",null,"M","$","?","?","$","R","$","R","T","R","E","M","M","E","R","B",null],"character_chosen":"DEFECT","items_purchased":["Mummified Hand","Heatsinks","Pen Nib","Beam Cell","Swift Potion"],"campfire_rested":4,"item_purchase_floors":[19,19,31,31,36],"current_hp_per_floor":[39,64,63,54,48,48,12,34,34,34,46,44,40,40,62,41,67,50,50,47,30,17,54,54,34,34,20,57,38,38,38,56,26,63,63,63,42,42,42,60,60,75,75,75,75,58,49,49,70,44],"gold":141,"neow_bonus":"ONE_RARE_RELIC","is_prod":false,"is_daily":false,"chose_seed":false,"campfire_upgraded":6,"win_rate":0,"timestamp":1560057739,"path_taken":["M","?","M","M","M","R","E","R","T","R","M","M","E","?","R","BOSS","M","$","M","M","M","R","?","M","T","M","R","E","?","$","R","BOSS","M","$","?","?","?","R","$","R","T","R","E","M","?","E","R","BOSS"],"build_version":"2019-01-23","purchased_purges":1,"victory":true,"max_hp_per_floor":[75,75,75,75,75,75,75,75,75,75,75,75,75,75,75,75,75,75,75,75,75,75,75,75,75,75,75,75,75,75,75,75,75,75,75,75,75,75,75,75,75,75,75,75,75,75,75,75,75,75],"card_choices":[{"not_picked":["Stack","Hologram"],"picked":"Leap","floor":1},{"not_picked":["Barrage","Go for the Eyes"],"picked":"Hologram","floor":3},{"not_picked":["Steam","BootSequence"],"picked":"Cold Snap","floor":4},{"not_picked":["Sweeping Beam","Hologram"],"picked":"Doom and Gloom","floor":5},{"not_picked":["Hello World","Steam Power"],"picked":"Tempest","floor":7},{"not_picked":["Leap","Electrodynamics"],"picked":"Streamline","floor":11},{"not_picked":["Loop","Hologram"],"picked":"Ball Lightning","floor":12},{"not_picked":["Rebound","Lockon"],"picked":"Cold Snap","floor":13},{"not_picked":["Buffer","Amplify","Biased Cognition"],"picked":"Echo Form","floor":16},{"not_picked":["Streamline","Barrage","Cold Snap"],"picked":"Coolheaded+1","floor":18},{"not_picked":["Leap","Hello World","Ball Lightning"],"picked":"Consume","floor":20},{"not_picked":["Darkness+1","Redo","Force Field"],"picked":"Double Energy","floor":21},{"not_picked":["Ball Lightning","Auto Shields","Compile Driver"],"picked":"Turbo","floor":22},{"not_picked":["Cold Snap","Steam","Aggregate"],"picked":"Machine Learning","floor":25},{"not_picked":["Sweeping Beam+1","Rebound","Blizzard+1"],"picked":"White Noise+1","floor":27},{"not_picked":["Hologram+1","Leap","Coolheaded"],"picked":"Sunder","floor":29},{"not_picked":["Echo Form","All For One","Meteor Strike"],"picked":"Seek","floor":33},{"not_picked":["Coolheaded","Chill+1","Rebound"],"picked":"Redo+1","floor":35},{"not_picked":["Cold Snap+1","Chaos","Darkness+1"],"picked":"Skim","floor":37},{"not_picked":["Magnetism","Finesse","Flash of Steel"],"picked":"Panacea","floor":38},{"not_picked":["White Noise","Gash","Melter"],"picked":"Tempest+1","floor":45},{"not_picked":["Streamline+1","Sweeping Beam","Fusion"],"picked":"BootSequence+1","floor":46},{"not_picked":["Chill+1","Ball Lightning","Leap"],"picked":"Loop+1","floor":47},{"not_picked":["Cold Snap+1","Scrape+1","Skim","Static Discharge"],"picked":"SKIP","floor":48}],"player_experience":847572,"relics_obtained":[{"floor":7,"key":"Cables"},{"floor":9,"key":"Meat on the Bone"},{"floor":13,"key":"PreservedInsect"},{"floor":14,"key":"Question Card"},{"floor":26,"key":"Vajra"},{"floor":29,"key":"Tiny Chest"},{"floor":37,"key":"Peace Pipe"},{"floor":43,"key":"Gremlin Horn"},{"floor":45,"key":"Boot"},{"floor":48,"key":"The Courier"}],"event_choices":[{"damage_healed":25,"gold_gain":0,"player_choice":"Banana","damage_taken":0,"max_hp_gain":0,"max_hp_loss":0,"event_name":"Big Fish","floor":2,"gold_loss":0},{"damage_healed":0,"gold_gain":0,"player_choice":"Simplicity","damage_taken":0,"max_hp_gain":0,"max_hp_loss":0,"event_name":"Back to Basics","floor":24,"gold_loss":0,"cards_upgraded":["Strike_B","Strike_B","Strike_B","Strike_B","Defend_B","Defend_B","Defend_B","Defend_B"]},{"damage_healed":0,"gold_gain":0,"player_choice":"Read","damage_taken":0,"max_hp_gain":0,"max_hp_loss":0,"event_name":"The Library","floor":30,"gold_loss":0,"cards_obtained":["Creative AI"]},{"damage_healed":0,"gold_gain":0,"player_choice":"Fight","damage_taken":0,"max_hp_gain":0,"max_hp_loss":0,"event_name":"Mysterious Sphere","floor":37,"gold_loss":0},{"damage_healed":0,"gold_gain":0,"player_choice":"Memory 1","damage_taken":0,"max_hp_gain":0,"max_hp_loss":0,"event_name":"SensoryStone","floor":38,"gold_loss":0}],"is_beta":false,"boss_relics":[{"not_picked":["Tiny House","Runic Pyramid"],"picked":"Eternal Feather"},{"not_picked":["White Beast Statue","Calling Bell"],"picked":"Snecko Eye"}],"items_purged_floors":[36],"is_endless":false,"potions_floor_spawned":[4,7,12,13,18,25,29,35,37,46],"ascension_level":10}