{"gold_per_floor":[119,138,138,138,157,157,169,183,183,183,211,230,230,230,230,326,326,298,22,22,22,39,39],"floor_reached":23,"playtime":1753,"items_purged":["Normality"],"score":191,"play_id":"9b274792-54af-4bb9-b30b-51fd48c7b6ea","local_time":"20190322094520","is_ascension_mode":false,"campfire_choices":[{"data":"Neutralize","floor":6,"key":"SMITH"},{"data":"Crippling Poison","floor":10,"key":"SMITH"},{"data":"Bane","floor":13,"key":"SMITH"},{"floor":15,"key":"REST"}],"neow_cost":"NONE","seed_source_timestamp":64620732831272,"circlet_count":0,"master_deck":["Defend_G","Defend_G","Defend_G","Defend_G","Strike_G","Strike_G","Strike_G","Strike_G","Strike_G","Survivor","Neutralize+1","Slice","Dagger Throw","Well Laid Plans","Acrobatics","Crippling Poison+1","A Thousand Cuts","Bane+1","Phantasmal Killer","Injury","Slice","Prepared","Deadly Poison+1"],"relics":["Ring of the Snake","NeowsBlessing","Kunai","Question Card","Calling Bell","Potion Belt","Sundial","StoneCalendar","Oddly Smooth Stone"],"potions_floor_usage":[7,18,23,23,23],"damage_taken":[{"damage":0,"enemies":"Cultist","floor":1,"turns":1},{"damage":0,"enemies":"Small Slimes","floor":2,"turns":1},{"damage":0,"enemies":"2 Louse","floor":5,"turns":1},{"damage":6,"enemies":"Lots of Slimes","floor":7,"turns":4},{"damage":2,"enemies":"Looter","floor":8,"turns":3},{"damage":29,"enemies":"Gremlin Nob","floor":11,"turns":5},{"damage":9,"enemies":"Blue Slaver","floor":12,"turns":3},{"damage":41,"enemies":"Slime Boss","floor":16,"turns":15},{"damage":48,"enemies":"2 Thieves","floor":18,"turns":5},{"damage":3,"enemies":"Chosen","floor":22,"turns":6},{"damage":24,"enemies":"Slavers","floor":23,"turns":3}],"seed_played":"7182013918023417561","potions_obtained":[{"floor":1,"key":"SpeedPotion"},{"floor":5,"key":"LiquidBronze"},{"floor":16,"key":"SkillPotion"},{"floor":18,"key":"Swift Potion"},{"floor":22,"key":"EssenceOfSteel"}],"is_trial":false,"path_per_floor":["M","M","?","?","M","R","M","M","T","R","E","M","R","?","R","B",null,"M","$","$","?","M","E"],"character_chosen":"THE_SILENT","items_purchased":["Oddly Smooth Stone","Prepared"],"campfire_rested":1,"item_purchase_floors":[19,19],"current_hp_per_floor":[70,70,70,70,70,70,64,62,62,62,33,24,24,24,45,4,70,22,22,22,22,19,0],"gold":39,"neow_bonus":"THREE_ENEMY_KILL","is_prod":false,"is_daily":false,"chose_seed":false,"campfire_upgraded":3,"win_rate":0.0,"timestamp":1553211920,"path_taken":["M","?","?","?","?","R","M","M","T","R","E","M","R","?","R","BOSS","M","?","$","?","M","E"],"build_version":"2019-01-23","purchased_purges":1,"victory":false,"max_hp_per_floor":[70,70,70,70,70,70,70,70,70,70,70,70,70,70,70,70,70,70,70,70,70,70,70],"card_choices":[{"not_picked":["Heel Hook","Tactician"],"picked":"Slice","floor":1},{"not_picked":["Caltrops","Deadly Poison"],"picked":"Dagger Throw","floor":2},{"not_picked":["Eviscerate","Backflip"],"picked":"Well Laid Plans","floor":5},{"not_picked":["Flying Knee","Dodge and Roll"],"picked":"Acrobatics","floor":7},{"not_picked":["Flying Knee","Calculated Gamble"],"picked":"Crippling Poison","floor":8},{"not_picked":["Crippling Poison","Outmaneuver"],"picked":"A Thousand Cuts","floor":11},{"not_picked":["Reflex","Dash","Acrobatics"],"picked":"Bane","floor":12},{"not_picked":["Malaise","Doppelganger","Night Terror"],"picked":"Phantasmal Killer","floor":16},{"not_picked":["Backstab+1","Outmaneuver","Crippling Poison"],"picked":"Slice","floor":18},{"not_picked":["Backstab","Dagger Throw+1","Quick Slash"],"picked":"Deadly Poison+1","floor":22}],"player_experience":24030,"relics_obtained":[{"floor":9,"key":"Kunai"},{"floor":11,"key":"Question Card"},{"floor":17,"key":"Potion Belt"},{"floor":17,"key":"Sundial"},{"floor":17,"key":"StoneCalendar"}],"event_choices":[{"damage_healed":0,"gold_gain":0,"player_choice":"Leave","damage_taken":0,"max_hp_gain":0,"max_hp_loss":0,"event_name":"The Cleric","floor":3,"gold_loss":0},{"cards_removed":["Defend_G"],"damage_healed":0,"gold_gain":0,"player_choice":"Took Card","damage_taken":0,"max_hp_gain":0,"max_hp_loss":0,"event_name":"NoteForYourself","floor":4,"gold_loss":0,"cards_obtained":["Strike_R"]},{"cards_removed":["Strike_R"],"damage_healed":0,"gold_gain":0,"player_choice":"Offered Basic","damage_taken":0,"max_hp_gain":0,"max_hp_loss":0,"event_name":"Bonfire Elementals","floor":14,"gold_loss":0},{"cards_removed":["Pain"],"damage_healed":0,"gold_gain":0,"player_choice":"Purged","damage_taken":0,"max_hp_gain":0,"max_hp_loss":0,"event_name":"Purifier","floor":21,"gold_loss":0}],"is_beta":false,"boss_relics":[{"not_picked":["Ectoplasm","Orrery"],"picked":"Calling Bell"}],"items_purged_floors":[19],"is_endless":false,"potions_floor_spawned":[1,5,16,18,22],"killed_by":"Slavers","ascension_level":0}