{"gold_per_floor":[367,381,381,397,18,18,34,51,76,76],"floor_reached":10,"playtime":472,"items_purged":[],"score":102,"play_id":"0ff9ea9f-bf1d-4dbb-a53a-43d474720452","local_time":"20190518070412","is_ascension_mode":true,"campfire_choices":[{"data":"Lockon","floor":6,"key":"SMITH"}],"neow_cost":"PERCENT_DAMAGE","seed_source_timestamp":2062185905406989,"circlet_count":0,"master_deck":["AscendersBane","Strike_B","Strike_B","Strike_B","Defend_B","Defend_B","Defend_B","Defend_B","Zap","Dualcast","Lockon+1","Static Discharge","Ball Lightning","Rebound","Stack","Echo Form"],"relics":["Cracked Core","DataDisk","Sling","Dream Catcher"],"potions_floor_usage":[7,8],"damage_taken":[{"damage":0,"enemies":"Small Slimes","floor":1,"turns":3},{"damage":0,"enemies":"Cultist","floor":2,"turns":4},{"damage":7,"enemies":"Jaw Worm","floor":4,"turns":3},{"damage":19,"enemies":"Exordium Wildlife","floor":7,"turns":6},{"damage":10,"enemies":"Gremlin Gang","floor":8,"turns":3},{"damage":16,"enemies":"3 Sentries","floor":10,"turns":3}],"seed_played":"-3350317614353166280","potions_obtained":[{"floor":1,"key":"Ancient Potion"},{"floor":7,"key":"Energy Potion"}],"is_trial":false,"path_per_floor":["M","M","?","M","$","R","M","M","T","E"],"character_chosen":"DEFECT","items_purchased":["DataDisk","Sling","Rebound"],"campfire_rested":0,"item_purchase_floors":[5,5,5],"current_hp_per_floor":[46,46,46,39,39,39,20,10,10,0],"gold":76,"neow_bonus":"TWO_FIFTY_GOLD","is_prod":false,"is_daily":false,"chose_seed":false,"campfire_upgraded":1,"win_rate":0,"timestamp":1558177452,"path_taken":["M","M","?","M","$","R","?","?","T","E"],"build_version":"2019-01-23","purchased_purges":0,"victory":false,"max_hp_per_floor":[71,71,71,71,71,71,71,71,71,71],"card_choices":[{"not_picked":["Hologram","Leap"],"picked":"Lockon","floor":1},{"not_picked":["Hologram","Leap"],"picked":"Static Discharge","floor":2},{"not_picked":["Gash","Rebound"],"picked":"Ball Lightning","floor":4},{"not_picked":["Turbo","Barrage"],"picked":"Stack","floor":7},{"not_picked":["Aggregate","Gash"],"picked":"Echo Form","floor":8}],"player_experience":1513281,"relics_obtained":[{"floor":9,"key":"Dream Catcher"}],"event_choices":[{"cards_removed":["Strike_B"],"damage_healed":0,"gold_gain":0,"player_choice":"Purged","damage_taken":0,"max_hp_gain":0,"max_hp_loss":0,"event_name":"Purifier","floor":3,"gold_loss":0}],"is_beta":false,"boss_relics":[],"items_purged_floors":[],"is_endless":false,"potions_floor_spawned":[1,7],"killed_by":"3 Sentries","ascension_level":14}