{"gold_per_floor":[119,130,80,100,13,45,45,78,108,108,108,133,149,161,161,263,313,326,326,343,147,157,157,188,188],"floor_reached":25,"playtime":1195,"items_purged":["Defend_P"],"score":243,"play_id":"2aa909b6-690a-4cc1-839b-288c9e899c0b","local_time":"20190911144733","is_ascension_mode":true,"campfire_choices":[{"data":"Eruption","floor":7,"key":"SMITH"},{"floor":11,"key":"REST"},{"floor":15,"key":"REST"},{"floor":23,"key":"REST"}],"neow_cost":"NONE","seed_source_timestamp":15160185439447,"circlet_count":0,"master_deck":["Strike_P","Strike_P+1","Defend_P+1","Defend_P","Defend_P+1","Eruption+1","Vigilance","FlyingSleeves","FearNoEvil","EmptyFist","SandsOfTime","Sanctity","CutThroughFate","CrushJoints","Conclude","WreathOfFlame+1","InnerPeace+1","MentalFortress","Brilliance+1","Weave","WindmillStrike","Perseverance+1","Establishment","ThirdEye+1","EmptyBody+1","Weave+1"],"relics":["PureWater","NeowsBlessing","Dream Catcher","Toxic Egg 2","Tiny Chest","Smiling Mask","War Paint","Tiny House","Membership Card","Oddly Smooth Stone"],"potions_floor_usage":[16,20,25,25],"damage_taken":[{"damage":0,"enemies":"2 Louse","floor":1,"turns":1},{"damage":0,"enemies":"Jaw Worm","floor":2,"turns":1},{"damage":0,"enemies":"Cultist","floor":4,"turns":1},{"damage":18,"enemies":"Lagavulin","floor":6,"turns":5},{"damage":16,"enemies":"Gremlin Nob","floor":8,"turns":3},{"damage":0,"enemies":"Large Slime","floor":13,"turns":4},{"damage":12,"enemies":"Exordium Thugs","floor":14,"turns":3},{"damage":28,"enemies":"The Guardian","floor":16,"turns":8},{"damage":26,"enemies":"Shell Parasite","floor":18,"turns":6},{"damage":40,"enemies":"2 Thieves","floor":20,"turns":3},{"damage":0,"enemies":"Snecko","floor":22,"turns":3},{"damage":18,"enemies":"Gremlin Leader","floor":24,"turns":8},{"damage":18,"enemies":"Snake Plant","floor":25,"turns":5}],"seed_played":"3239356816000931672","potions_obtained":[{"floor":4,"key":"Energy Potion"},{"floor":6,"key":"Regen Potion"},{"floor":8,"key":"AttackPotion"},{"floor":17,"key":"Explosive Potion"},{"floor":18,"key":"Energy Potion"},{"floor":22,"key":"Energy Potion"}],"is_trial":false,"path_per_floor":["M","M","?","M","$","E","R","E","T","?","R","T","M","M","R","B",null,"M","?","M","$","M","R","E","M"],"character_chosen":"WATCHER","items_purchased":["SandsOfTime","Sanctity","Membership Card"],"campfire_rested":3,"item_purchase_floors":[5,5,21],"current_hp_per_floor":[65,65,65,65,65,47,47,31,31,19,38,38,38,26,45,17,70,44,44,13,13,13,34,16,0],"gold":188,"neow_bonus":"THREE_ENEMY_KILL","is_prod":false,"is_daily":false,"chose_seed":false,"campfire_upgraded":1,"win_rate":0,"timestamp":1568177253,"path_taken":["M","M","?","M","$","E","R","E","T","?","R","?","M","M","R","BOSS","M","?","M","?","M","R","E","M"],"build_version":"2019-09-10","purchased_purges":1,"victory":false,"max_hp_per_floor":[65,65,65,65,65,65,65,65,65,65,65,65,65,65,65,65,70,70,70,70,70,70,70,70,70],"card_choices":[{"not_picked":["BowlingBash","Conclude"],"picked":"FlyingSleeves","floor":1},{"not_picked":["TalkToTheHand","CrushJoints"],"picked":"FearNoEvil","floor":2},{"not_picked":["EmptyBody","ClearTheMind"],"picked":"EmptyFist","floor":4},{"not_picked":["ClearTheMind","ThirdEye"],"picked":"CutThroughFate","floor":6},{"not_picked":["JustLucky","CutThroughFate"],"picked":"CrushJoints","floor":8},{"not_picked":["CutThroughFate","BowlingBash"],"picked":"Conclude","floor":11},{"not_picked":["EmptyFist","Protect+1"],"picked":"WreathOfFlame+1","floor":13},{"not_picked":["Sanctity+1","BowlingBash"],"picked":"InnerPeace+1","floor":14},{"not_picked":["BowlingBash","StepAndStrike"],"picked":"MentalFortress","floor":15},{"not_picked":["ReachHeaven","Nirvana"],"picked":"Brilliance+1","floor":16},{"not_picked":["CrushJoints","CutThroughFate"],"picked":"Weave","floor":17},{"not_picked":["EmptyMind+1","ThirdEye+1"],"picked":"WindmillStrike","floor":18},{"not_picked":["Swivel+1","Crescendo+1"],"picked":"Establishment","floor":20},{"not_picked":["Halt+1","EmptyFist+1"],"picked":"ThirdEye+1","floor":22},{"not_picked":["CrushJoints","JustLucky"],"picked":"EmptyBody+1","floor":23},{"not_picked":["MentalFortress+1","BowlingBash"],"picked":"Weave+1","floor":24}],"player_experience":1292445,"relics_obtained":[{"floor":6,"key":"Dream Catcher"},{"floor":8,"key":"Toxic Egg 2"},{"floor":9,"key":"Tiny Chest"},{"floor":12,"key":"War Paint"},{"floor":24,"key":"Oddly Smooth Stone"}],"event_choices":[{"cards_removed":["Strike_P"],"damage_healed":0,"gold_gain":0,"player_choice":"Card Removal","damage_taken":0,"max_hp_gain":0,"max_hp_loss":0,"event_name":"The Cleric","floor":3,"gold_loss":50},{"damage_healed":0,"gold_gain":0,"player_choice":"Success","damage_taken":12,"relics_obtained":["Smiling Mask"],"max_hp_gain":0,"max_hp_loss":0,"event_name":"Scrap Ooze","floor":10,"gold_loss":0},{"damage_healed":0,"gold_gain":0,"cards_transformed":["Strike_P"],"player_choice":"Transformed","damage_taken":0,"max_hp_gain":0,"max_hp_loss":0,"event_name":"Transmorgrifier","floor":19,"gold_loss":0,"cards_obtained":["Perseverance"]}],"is_beta":true,"boss_relics":[{"not_picked":["Coffee Dripper","Busted Crown"],"picked":"Tiny House"}],"items_purged_floors":[21],"is_endless":false,"potions_floor_spawned":[4,6,8,14,18,22,24],"killed_by":"Snake Plant","ascension_level":1}