{"gold_per_floor":[111,186,200,74,74,74,74,102,102,113,132,142,153,153,153,252,252,271,186,186,197,197,230,246,275,275,287,287,91,126,139,139,240,240,250,150,169,169,99,127,127,144,144,173,187,199,225,18,18,18,18,18,18,43,43],"floor_reached":55,"playtime":4198,"items_purged":["Strike_R","Clumsy"],"score":858,"play_id":"a7d7c54a-b203-4fe5-a257-dc7d535f4dab","local_time":"20190709213528","is_ascension_mode":true,"campfire_choices":[{"floor":6.0,"key":"RECALL"},{"floor":15.0,"key":"REST"},{"data":"Spot Weakness","floor":28.0,"key":"SMITH"},{"floor":32.0,"key":"REST"},{"data":"Demon Form","floor":41.0,"key":"SMITH"},{"data":"Heavy Blade","floor":49.0,"key":"SMITH"},{"data":"Pummel","floor":52.0,"key":"SMITH"}],"neow_cost":"TEN_PERCENT_HP_LOSS","seed_source_timestamp":0,"circlet_count":0,"master_deck":["Strike_R+1","Strike_R+1","Defend_R+1","Defend_R+1","Defend_R+1","Defend_R+1","Bash","Shrug It Off","Battle Trance+1","Headbutt","Pummel","Inflame","Spot Weakness+1","Burning Pact","Offering","Pommel Strike+1","Thunderclap+1","J.A.X.","Twin Strike+1","Fiend Fire","Demon Form+1","Pummel+1","Heavy Blade+1","Sword Boomerang+1","Twin Strike+1","Pummel+1"],"special_seed":0,"relics":["Burning Blood","Torii","War Paint","Red Skull","Cursed Key","Oddly Smooth Stone","Bronze Scales","Dodecahedron","Brimstone","Orichalcum","Mark of Pain","Pen Nib","Shovel","Vajra","Lee\u0027s Waffle","Bottled Lightning"],"potions_floor_usage":[55],"damage_taken":[{"damage":0.0,"enemies":"2 Louse","floor":1.0,"turns":3.0},{"damage":2.0,"enemies":"Cultist","floor":3.0,"turns":4.0},{"damage":61.0,"enemies":"Lagavulin","floor":8.0,"turns":10.0},{"damage":0.0,"enemies":"Small Slimes","floor":10.0,"turns":2.0},{"damage":1.0,"enemies":"Exordium Wildlife","floor":11.0,"turns":3.0},{"damage":4.0,"enemies":"Gremlin Gang","floor":12.0,"turns":6.0},{"damage":2.0,"enemies":"2 Fungi Beasts","floor":13.0,"turns":3.0},{"damage":22.0,"enemies":"Hexaghost","floor":16.0,"turns":8.0},{"damage":8.0,"enemies":"2 Thieves","floor":18.0,"turns":4.0},{"damage":7.0,"enemies":"Spheric Guardian","floor":21.0,"turns":3.0},{"damage":22.0,"enemies":"Gremlin Leader","floor":23.0,"turns":2.0},{"damage":9.0,"enemies":"Cultist and Chosen","floor":24.0,"turns":3.0},{"damage":9.0,"enemies":"Slavers","floor":25.0,"turns":4.0},{"damage":6.0,"enemies":"3 Cultists","floor":27.0,"turns":4.0},{"damage":31.0,"enemies":"Gremlin Leader","floor":30.0,"turns":4.0},{"damage":2.0,"enemies":"Centurion and Healer","floor":31.0,"turns":3.0},{"damage":22.0,"enemies":"Collector","floor":33.0,"turns":5.0},{"damage":6.0,"enemies":"Orb Walker","floor":35.0,"turns":1.0},{"damage":10.0,"enemies":"3 Darklings","floor":37.0,"turns":3.0},{"damage":18.0,"enemies":"Giant Head","floor":40.0,"turns":5.0},{"damage":15.0,"enemies":"Jaw Worm Horde","floor":42.0,"turns":2.0},{"damage":9.0,"enemies":"Nemesis","floor":44.0,"turns":1.0},{"damage":1.0,"enemies":"Sphere and 2 Shapes","floor":45.0,"turns":3.0},{"damage":15.0,"enemies":"3 Darklings","floor":46.0,"turns":3.0},{"damage":14.0,"enemies":"Reptomancer","floor":47.0,"turns":2.0},{"damage":72.0,"enemies":"Time Eater","floor":50.0,"turns":5.0},{"damage":10,"enemies":"Shield and Spear","floor":54,"turns":2},{"damage":85,"enemies":"The Heart","floor":55,"turns":2}],"seed_played":"4777499054070317496","potions_obtained":[{"floor":3.0,"key":"Ancient Potion"},{"floor":10.0,"key":"BloodPotion"},{"floor":12.0,"key":"BloodPotion"},{"floor":27.0,"key":"PowerPotion"},{"floor":33.0,"key":"EssenceOfSteel"},{"floor":38.0,"key":"Strength Potion"},{"floor":45.0,"key":"LiquidBronze"}],"is_trial":false,"path_per_floor":["M","?","M","$","?","R","?","E","T","M","M","M","M","?","R","B",null,"M","?","?","M","?","E","M","E","T","M","R","$","E","M","R","B",null,"M","$","M","?","$","E","R","M","T","E","M","M","E","$","R","B",null,"R","$","E","B"],"character_chosen":"IRONCLAD","items_purchased":["Headbutt","Brimstone","Pummel","Lee\u0027s Waffle"],"campfire_rested":2,"item_purchase_floors":[4,29,39,48],"current_hp_per_floor":[72,61,65,65,65,65,70,15,15,21,26,28,32,32,55,39,77,75,75,75,74,74,58,55,52,52,52,52,52,27,31,54,38,77,77,77,73,73,73,61,61,52,52,49,54,45,37,84,84,18,84,84,84,80,0],"gold":43,"neow_bonus":"ONE_RARE_RELIC","is_prod":false,"is_daily":false,"chose_seed":false,"campfire_upgraded":4,"win_rate":0,"timestamp":1562700928,"path_taken":["M","?","M","$","?","R","?","E","T","M","M","M","M","?","R","BOSS","M","?","?","M","?","E","M","E","T","?","R","$","E","?","R","BOSS","M","$","M","?","?","E","R","?","T","E","M","M","E","$","R","BOSS","R","$","E","BOSS"],"build_version":"2019-07-05","purchased_purges":2,"victory":false,"max_hp_per_floor":[72,72,72,72,72,72,77,77,77,77,77,77,77,77,77,77,77,77,77,77,77,77,77,77,77,77,77,77,77,77,77,77,77,77,77,77,77,77,77,77,77,77,77,77,77,77,77,84,84,84,84,84,84,84,84],"card_choices":[{"not_picked":["Anger","Flex"],"picked":"Shrug It Off","floor":1.0},{"not_picked":["Headbutt","Perfected Strike"],"picked":"Battle Trance","floor":3.0},{"not_picked":["Clothesline","Flame Barrier"],"picked":"Pummel","floor":8.0},{"not_picked":["Juggernaut","Iron Wave"],"picked":"Inflame","floor":10.0},{"not_picked":["Anger","Warcry"],"picked":"Spot Weakness","floor":11.0},{"not_picked":["Power Through","Flame Barrier","Dual Wield"],"picked":"SKIP","floor":12.0},{"not_picked":["Headbutt","Seeing Red","Cleave"],"picked":"SKIP","floor":13.0},{"not_picked":["Feed","Juggernaut"],"picked":"Offering","floor":16.0},{"not_picked":["Shrug It Off+1","Fire Breathing+1"],"picked":"Pommel Strike+1","floor":18.0},{"not_picked":["True Grit","Entrench"],"picked":"Thunderclap+1","floor":21.0},{"not_picked":["Shrug It Off","Burning Pact","Iron Wave"],"picked":"SKIP","floor":23.0},{"not_picked":["Anger","Thunderclap","Cleave+1"],"picked":"SKIP","floor":24.0},{"not_picked":["Reckless Charge","Brutality","Armaments+1"],"picked":"SKIP","floor":25.0},{"not_picked":["Battle Trance","Shrug It Off+1"],"picked":"Twin Strike+1","floor":27.0},{"not_picked":["Entrench","Uppercut+1"],"picked":"Fiend Fire","floor":30.0},{"not_picked":["Iron Wave+1","Carnage","Cleave"],"picked":"SKIP","floor":31.0},{"not_picked":["Dark Embrace","Impervious"],"picked":"Demon Form","floor":33.0},{"not_picked":["Shockwave","Anger","Flex"],"picked":"SKIP","floor":35.0},{"not_picked":["Clothesline+1","Headbutt+1","Pommel Strike"],"picked":"SKIP","floor":37.0},{"not_picked":["Clash+1","Seeing Red","Battle Trance"],"picked":"SKIP","floor":40.0},{"not_picked":["Twin Strike+1","Dropkick+1"],"picked":"Heavy Blade","floor":42.0},{"not_picked":["Iron Wave","Spot Weakness"],"picked":"Sword Boomerang+1","floor":44.0},{"not_picked":["Perfected Strike+1","Thunderclap+1"],"picked":"Twin Strike+1","floor":45.0},{"not_picked":["Armaments","Clash","Evolve"],"picked":"SKIP","floor":46.0},{"not_picked":["Brutality","Flex","Cleave"],"picked":"SKIP","floor":47.0},{"not_picked":["True Grit+1","Reckless Charge+1"],"picked":"Pummel+1","floor":54}],"player_experience":25570,"relics_obtained":[{"floor":8.0,"key":"War Paint"},{"floor":9.0,"key":"Red Skull"},{"floor":23.0,"key":"Bronze Scales"},{"floor":25.0,"key":"Dodecahedron"},{"floor":30.0,"key":"Orichalcum"},{"floor":40.0,"key":"Pen Nib"},{"floor":44.0,"key":"Shovel"},{"floor":47.0,"key":"Vajra"},{"floor":54,"key":"Bottled Lightning"}],"event_choices":[{"damage_healed":0.0,"max_hp_gain":0.0,"max_hp_loss":0.0,"gold_gain":75.0,"event_name":"World of Goop","player_choice":"Gather Gold","floor":2.0,"gold_loss":0.0,"damage_taken":11.0},{"cards_removed":["Strike_R"],"damage_healed":0.0,"max_hp_gain":0.0,"max_hp_loss":0.0,"gold_gain":0.0,"event_name":"Living Wall","player_choice":"Forget","floor":5.0,"gold_loss":0.0,"damage_taken":0.0},{"damage_healed":0.0,"max_hp_gain":5.0,"max_hp_loss":0.0,"gold_gain":0.0,"event_name":"Big Fish","player_choice":"Donut","floor":7.0,"gold_loss":0.0,"damage_taken":0.0},{"damage_healed":0.0,"max_hp_gain":0.0,"max_hp_loss":0.0,"gold_gain":0.0,"cards_transformed":["Strike_R"],"event_name":"Transmorgrifier","player_choice":"Transformed","floor":14.0,"gold_loss":0.0,"damage_taken":0.0,"cards_obtained":["Burning Pact"]},{"damage_healed":0.0,"max_hp_gain":0.0,"max_hp_loss":0.0,"gold_gain":0.0,"event_name":"Addict","player_choice":"Obtained Relic","floor":19.0,"gold_loss":85.0,"damage_taken":0.0,"relics_obtained":["Oddly Smooth Stone"]},{"damage_healed":0.0,"max_hp_gain":0.0,"max_hp_loss":0.0,"gold_gain":0.0,"event_name":"Back to Basics","player_choice":"Simplicity","floor":20.0,"gold_loss":0.0,"damage_taken":0.0,"cards_upgraded":["Strike_R","Strike_R","Defend_R","Defend_R","Defend_R"]},{"damage_healed":0.0,"max_hp_gain":0.0,"max_hp_loss":0.0,"gold_gain":0.0,"event_name":"Drug Dealer","player_choice":"Obtain J.A.X.","floor":22.0,"gold_loss":0.0,"damage_taken":0.0,"cards_obtained":["J.A.X."]},{"damage_healed":0.0,"max_hp_gain":0.0,"max_hp_loss":0.0,"gold_gain":0.0,"event_name":"Lab","player_choice":"Got Potions","floor":38.0,"gold_loss":0.0,"damage_taken":0.0}],"is_beta":false,"boss_relics":[{"not_picked":["Black Blood","Calling Bell"],"picked":"Cursed Key"},{"not_picked":["White Beast Statue","Snecko Eye"],"picked":"Mark of Pain"}],"items_purged_floors":[4,36],"is_endless":false,"potions_floor_spawned":[3,10,12,21,27,30,33,35,40,45,54],"killed_by":"The Heart","ascension_level":1}