{"gold_per_floor":[18,18,34,209,228,228,254,254,554,586,598,553,569,592,592,697,697,710,710,5,5],"floor_reached":21,"playtime":1490,"items_purged":["Doubt"],"score":243,"play_id":"eacd9805-25bc-43d6-ad7f-b72e6c838a65","local_time":"20190520042841","is_ascension_mode":true,"campfire_choices":[{"data":"Zap","floor":6,"key":"SMITH"},{"floor":8,"key":"REST"},{"floor":15,"key":"REST"}],"neow_cost":"NO_GOLD","seed_source_timestamp":58736166605696,"circlet_count":0,"master_deck":["Strike_B","Strike_B","Strike_B","Strike_B","Defend_B","Defend_B","Defend_B","Defend_B+1","Zap+1","Dualcast+1","Barrage","Leap","Sweeping Beam","Double Energy","Glacier","Defragment","Hologram","Defragment","Electrodynamics","Sunder","Lockon","Meteor Strike","Self Repair","Skim","Self Repair"],"relics":["Cracked Core","Pocketwatch","Nunchaku","Old Coin","PreservedInsect","Odd Mushroom","Nuclear Battery","Prayer Wheel","DollysMirror"],"potions_floor_usage":[7,7,7,7,14,16],"damage_taken":[{"damage":0,"enemies":"Small Slimes","floor":1,"turns":3},{"damage":10,"enemies":"2 Louse","floor":3,"turns":3},{"damage":0,"enemies":"Jaw Worm","floor":5,"turns":3},{"damage":22,"enemies":"3 Sentries","floor":7,"turns":6},{"damage":13,"enemies":"Lagavulin","floor":10,"turns":6},{"damage":15,"enemies":"Lots of Slimes","floor":11,"turns":2},{"damage":0,"enemies":"3 Louse","floor":13,"turns":3},{"damage":0,"enemies":"The Mushroom Lair","floor":14,"turns":2},{"damage":14,"enemies":"Hexaghost","floor":16,"turns":16},{"damage":49,"enemies":"2 Thieves","floor":18,"turns":5},{"damage":34,"enemies":"Shell Parasite","floor":21,"turns":5}],"seed_played":"1637609354770114364","potions_obtained":[{"floor":3,"key":"Explosive Potion"},{"floor":5,"key":"EntropicBrew"},{"floor":10,"key":"EntropicBrew"},{"floor":13,"key":"Explosive Potion"},{"floor":14,"key":"Swift Potion"},{"floor":16,"key":"Ancient Potion"}],"is_trial":false,"path_per_floor":["M","?","M","?","M","R","E","R","T","E","M","?","M","?","R","B",null,"M","?","$","M"],"character_chosen":"DEFECT","items_purchased":["Self Repair","Prayer Wheel","Skim","DollysMirror"],"campfire_rested":2,"item_purchase_floors":[20,20,20,20],"current_hp_per_floor":[68,53,43,43,43,43,30,52,52,39,24,24,24,24,46,32,64,15,15,15,0],"gold":5,"neow_bonus":"ONE_RARE_RELIC","is_prod":false,"is_daily":false,"chose_seed":false,"campfire_upgraded":1,"win_rate":0,"timestamp":1558290521,"path_taken":["M","?","M","?","M","R","E","R","T","E","M","?","M","?","R","BOSS","M","?","$","?"],"build_version":"2019-01-23","purchased_purges":1,"victory":false,"max_hp_per_floor":[75,75,75,75,75,75,75,75,75,75,75,75,75,75,75,75,75,75,75,75,75],"card_choices":[{"not_picked":["Ball Lightning","Turbo"],"picked":"Barrage","floor":1},{"not_picked":["Aggregate","Rebound"],"picked":"Leap","floor":3},{"not_picked":["Barrage","Turbo"],"picked":"Sweeping Beam","floor":5},{"not_picked":["Amplify","Go for the Eyes"],"picked":"Double Energy","floor":7},{"not_picked":["Conserve Battery","Barrage"],"picked":"Glacier","floor":10},{"not_picked":["Ball Lightning","Genetic Algorithm"],"picked":"Defragment","floor":11},{"not_picked":["Steam Power","Lockon"],"picked":"Hologram","floor":13},{"not_picked":["Ball Lightning","Gash"],"picked":"Defragment","floor":14},{"not_picked":["Creative AI","Multi-Cast"],"picked":"Electrodynamics","floor":16},{"not_picked":["Go for the Eyes","Scrape+1"],"picked":"Sunder","floor":18}],"player_experience":674411,"relics_obtained":[{"floor":7,"key":"Nunchaku"},{"floor":9,"key":"Old Coin"},{"floor":10,"key":"PreservedInsect"},{"floor":14,"key":"Odd Mushroom"}],"event_choices":[{"damage_healed":0,"gold_gain":0,"player_choice":"Entered Light","damage_taken":15,"max_hp_gain":0,"max_hp_loss":0,"event_name":"Shining Light","floor":2,"gold_loss":0,"cards_upgraded":["Defend_B","Dualcast"]},{"damage_healed":0,"gold_gain":175,"player_choice":"AGREE","damage_taken":0,"max_hp_gain":0,"max_hp_loss":0,"event_name":"Liars Game","floor":4,"gold_loss":0,"cards_obtained":["Doubt"]},{"damage_healed":0,"gold_gain":0,"player_choice":"Left Gold","damage_taken":0,"max_hp_gain":0,"max_hp_loss":0,"event_name":"World of Goop","floor":12,"gold_loss":45},{"damage_healed":0,"gold_gain":0,"player_choice":"Fought Mushrooms","damage_taken":0,"max_hp_gain":0,"max_hp_loss":0,"event_name":"Mushrooms","floor":14,"gold_loss":0},{"damage_healed":0,"gold_gain":0,"player_choice":"2 cards matched","damage_taken":0,"max_hp_gain":0,"max_hp_loss":0,"event_name":"Match and Keep!","floor":19,"gold_loss":0,"cards_obtained":["Lockon","Meteor Strike"]}],"is_beta":false,"boss_relics":[{"not_picked":["Calling Bell","Black Star"],"picked":"Nuclear Battery"}],"items_purged_floors":[20],"is_endless":false,"potions_floor_spawned":[3,5,10,13,14,16],"killed_by":"Shell Parasite","ascension_level":6}