{"gold_per_floor":[111,111,129,142,160,190,190,200,226,226,240,240,271,0,0,98,98,115,134,134,134,147,159,159,182,207,207,227,227,262,262],"floor_reached":31,"playtime":1429,"items_purged":["Strike_G"],"score":452,"play_id":"ce8e20d0-1349-431a-aa6c-4aae28c6d2a2","local_time":"20181209181429","is_ascension_mode":true,"campfire_choices":[{"data":"Crippling Poison","floor":7,"key":"SMITH"},{"data":"Bouncing Flask","floor":10,"key":"SMITH"},{"floor":12,"key":"REST"},{"floor":15,"key":"RECALL"},{"data":"Adrenaline","floor":24,"key":"SMITH"},{"floor":29,"key":"REST"}],"neow_cost":"NONE","seed_source_timestamp":492236978531093,"circlet_count":0,"master_deck":["AscendersBane","Defend_G","Defend_G","Defend_G","Defend_G","Defend_G","Survivor","Neutralize","Crippling Poison+1","Bouncing Flask+1","PiercingWail","Flying Knee","Corpse Explosion","Backflip","Bane","Adrenaline+1","Die Die Die","Heel Hook","Writhe","Poisoned Stab+1","Bite","Bite","Bite","Bite","Bite","Bane"],"relics":["Lizard Tail","WingedGreaves","Vajra","Eternal Feather","Oddly Smooth Stone","Centennial Puzzle","Regal Pillow","Art of War"],"potions_floor_usage":[6,8,13,19,22,31],"damage_taken":[{"damage":2,"enemies":"2 Louse","floor":1,"turns":3},{"damage":1,"enemies":"Jaw Worm","floor":3,"turns":6},{"damage":1,"enemies":"Cultist","floor":4,"turns":4},{"damage":8,"enemies":"Red Slaver","floor":5,"turns":4},{"damage":12,"enemies":"Lagavulin","floor":6,"turns":7},{"damage":3,"enemies":"Large Slime","floor":8,"turns":7},{"damage":1,"enemies":"Looter","floor":11,"turns":3},{"damage":14,"enemies":"Gremlin Nob","floor":13,"turns":4},{"damage":22,"enemies":"The Guardian","floor":16,"turns":8},{"damage":31,"enemies":"2 Thieves","floor":18,"turns":4},{"damage":17,"enemies":"Spheric Guardian","floor":19,"turns":4},{"damage":17,"enemies":"Centurion and Healer","floor":22,"turns":6},{"damage":13,"enemies":"3 Cultists","floor":23,"turns":6},{"damage":18,"enemies":"Snake Plant","floor":28,"turns":3},{"damage":56,"enemies":"Gremlin Leader","floor":30,"turns":8},{"damage":27,"enemies":"Sentry and Sphere","floor":31,"turns":5}],"seed_played":"3693782834394006208","potions_obtained":[{"floor":1,"key":"Dexterity Potion"},{"floor":4,"key":"FairyPotion"},{"floor":6,"key":"SkillPotion"},{"floor":11,"key":"Energy Potion"},{"floor":18,"key":"AttackPotion"},{"floor":19,"key":"EssenceOfSteel"},{"floor":30,"key":"FearPotion"}],"is_trial":false,"path_per_floor":["M","?","M","M","M","E","R","M","T","R","M","R","E","$","R","B",null,"M","M","?","?","M","M","R","T","T","?","M","R","E","M"],"character_chosen":"THE_SILENT","items_purchased":["Bane","Adrenaline"],"campfire_rested":2,"item_purchase_floors":[14,14],"current_hp_per_floor":[61,54,53,52,44,32,32,29,29,29,28,49,35,35,35,13,56,25,8,7,7,28,15,27,27,27,27,15,52,14,0],"gold":262,"neow_bonus":"BOSS_RELIC","is_prod":false,"is_daily":false,"chose_seed":false,"campfire_upgraded":3,"win_rate":0,"timestamp":1544397269,"path_taken":["M","?","M","M","M","E","R","M","T","R","M","R","E","$","R","BOSS","M","M","?","?","M","M","R","?","T","?","?","R","E","M"],"build_version":"2018-12-06","purchased_purges":1,"victory":false,"max_hp_per_floor":[70,70,70,70,70,70,70,70,70,70,70,70,70,70,70,70,70,70,70,75,75,75,75,75,75,75,52,52,52,52,52],"card_choices":[{"not_picked":["Distraction","Poisoned Stab"],"picked":"Crippling Poison","floor":1},{"not_picked":["Backflip","Dagger Spray"],"picked":"Bouncing Flask","floor":3},{"not_picked":["Endless Agony","Deflect"],"picked":"PiercingWail","floor":4},{"not_picked":["Cloak And Dagger","Prepared"],"picked":"Flying Knee","floor":5},{"not_picked":["Quick Slash","After Image"],"picked":"Corpse Explosion","floor":6},{"not_picked":["Bane","Eviscerate","Well Laid Plans"],"picked":"SKIP","floor":8},{"not_picked":["Underhanded Strike","Riddle With Holes","Quick Slash"],"picked":"SKIP","floor":11},{"not_picked":["Bouncing Flask","Eviscerate"],"picked":"Backflip","floor":13},{"not_picked":["Storm of Steel","Doppelganger"],"picked":"Die Die Die","floor":16},{"not_picked":["PiercingWail","Leg Sweep"],"picked":"Heel Hook","floor":18},{"not_picked":["Underhanded Strike","Slice+1","Outmaneuver"],"picked":"SKIP","floor":19},{"not_picked":["Deadly Poison","Choke","Blade Dance"],"picked":"SKIP","floor":22},{"not_picked":["Finisher","Dodge and Roll"],"picked":"Poisoned Stab+1","floor":23},{"not_picked":["Eviscerate","Crippling Poison","Backflip"],"picked":"SKIP","floor":28},{"not_picked":["Deadly Poison","Dagger Throw"],"picked":"Bane","floor":30}],"player_experience":843577,"relics_obtained":[{"floor":6,"key":"WingedGreaves"},{"floor":13,"key":"Vajra"},{"floor":25,"key":"Centennial Puzzle"},{"floor":26,"key":"Regal Pillow"},{"floor":30,"key":"Art of War"}],"event_choices":[{"cards_removed":["Strike_G"],"damage_healed":0,"gold_gain":0,"player_choice":"Card Removal","damage_taken":7,"max_hp_gain":0,"max_hp_loss":0,"event_name":"Golden Wing","floor":2,"gold_loss":0},{"damage_healed":0,"gold_gain":0,"player_choice":"Shed Blood","damage_taken":18,"max_hp_gain":5,"max_hp_loss":0,"event_name":"Forgotten Altar","floor":20,"gold_loss":0},{"damage_healed":0,"gold_gain":0,"player_choice":"Opened","damage_taken":0,"relics_obtained":["Oddly Smooth Stone"],"max_hp_gain":0,"max_hp_loss":0,"event_name":"The Mausoleum","floor":21,"gold_loss":0,"cards_obtained":["Writhe"]},{"damage_healed":0,"gold_gain":0,"player_choice":"Became a vampire","damage_taken":0,"max_hp_gain":0,"max_hp_loss":23,"event_name":"Vampires","floor":27,"gold_loss":0,"cards_obtained":["Bite","Bite","Bite","Bite","Bite"]}],"is_beta":false,"boss_relics":[{"not_picked":["Velvet Choker","Astrolabe"],"picked":"Eternal Feather"}],"items_purged_floors":[14],"is_endless":false,"potions_floor_spawned":[1,4,6,11,18,19,30],"killed_by":"Sentry and Sphere","ascension_level":12}