{"gold_per_floor":[360,137,151,167,182,213,288,301,301,301,317,337,337,337,337,337],"floor_reached":16,"playtime":1188,"items_purged":["Shame"],"score":109,"play_id":"896c307d-491f-41c4-8ce3-ba5e5a8d755f","local_time":"20190830180349","is_ascension_mode":true,"campfire_choices":[{"floor":15,"key":"REST"}],"neow_cost":"CURSE","seed_source_timestamp":47409232209800,"circlet_count":0,"master_deck":["Strike_R","Strike_R","Strike_R","Strike_R","Defend_R","Defend_R","Defend_R","Defend_R","Bash","Warcry","Rampage","Havoc","Sentinel","Heavy Blade","Corruption","Armaments","Offering"],"relics":["Burning Blood","Centennial Puzzle","Mango","Oddly Smooth Stone"],"potions_floor_usage":[6,16],"damage_taken":[{"damage":13,"enemies":"Cultist","floor":1,"turns":5},{"damage":3,"enemies":"Jaw Worm","floor":3,"turns":5},{"damage":0,"enemies":"2 Louse","floor":4,"turns":3},{"damage":8,"enemies":"2 Fungi Beasts","floor":5,"turns":3},{"damage":71,"enemies":"3 Sentries","floor":6,"turns":14},{"damage":6,"enemies":"Large Slime","floor":8,"turns":6},{"damage":11,"enemies":"Exordium Wildlife","floor":11,"turns":4},{"damage":8,"enemies":"Red Slaver","floor":12,"turns":3},{"damage":82,"enemies":"Hexaghost","floor":16,"turns":10}],"seed_played":"-5820700045412775075","potions_obtained":[{"floor":1,"key":"Regen Potion"},{"floor":6,"key":"Fire Potion"},{"floor":8,"key":"SmokeBomb"}],"is_trial":false,"path_per_floor":["M","$","M","M","M","E","?","M","T","?","M","M","?","?","R","B"],"character_chosen":"IRONCLAD","items_purchased":["Centennial Puzzle"],"campfire_rested":1,"item_purchase_floors":[2],"current_hp_per_floor":[73,73,76,80,78,42,31,31,31,31,26,24,55,52,80,0],"gold":337,"neow_bonus":"TWO_FIFTY_GOLD","is_prod":false,"is_daily":false,"chose_seed":false,"campfire_upgraded":0,"win_rate":0,"timestamp":1567206229,"path_taken":["M","$","M","?","M","E","?","M","T","?","M","M","?","?","R","BOSS"],"build_version":"2019-07-17","purchased_purges":1,"victory":false,"max_hp_per_floor":[80,80,80,80,80,94,94,94,94,94,94,94,94,94,94,94],"card_choices":[{"not_picked":["Wild Strike","Clash"],"picked":"Warcry","floor":1},{"not_picked":["Body Slam","Sever Soul"],"picked":"Rampage","floor":3},{"not_picked":["Carnage","Evolve"],"picked":"Havoc","floor":4},{"not_picked":["Perfected Strike","Headbutt"],"picked":"Sentinel","floor":5},{"not_picked":["Double Tap","Thunderclap"],"picked":"Heavy Blade","floor":6},{"not_picked":["Cleave","Warcry"],"picked":"Corruption","floor":8},{"not_picked":["Perfected Strike","Disarm"],"picked":"Armaments","floor":11},{"not_picked":["Heavy Blade","Thunderclap"],"picked":"Offering","floor":12}],"player_experience":233212,"relics_obtained":[{"floor":6,"key":"Mango"}],"event_choices":[{"damage_healed":0,"gold_gain":75,"player_choice":"Gather Gold","damage_taken":11,"max_hp_gain":0,"max_hp_loss":0,"event_name":"World of Goop","floor":7,"gold_loss":0},{"cards_removed":["Strike_R"],"damage_healed":0,"gold_gain":0,"player_choice":"Forget","damage_taken":0,"max_hp_gain":0,"max_hp_loss":0,"event_name":"Living Wall","floor":10,"gold_loss":0},{"damage_healed":31,"gold_gain":0,"player_choice":"Banana","damage_taken":0,"max_hp_gain":0,"max_hp_loss":0,"event_name":"Big Fish","floor":13,"gold_loss":0},{"damage_healed":0,"gold_gain":0,"player_choice":"Success","damage_taken":3,"relics_obtained":["Oddly Smooth Stone"],"max_hp_gain":0,"max_hp_loss":0,"event_name":"Scrap Ooze","floor":14,"gold_loss":0}],"is_beta":false,"boss_relics":[],"items_purged_floors":[2],"is_endless":false,"potions_floor_spawned":[1,6,8],"killed_by":"Hexaghost","ascension_level":1}