{"gold_per_floor":[112,287,13,31,31,64,81,114,165,15,47,57,22,45,45,124,124,143,158,83,99,99,99,131,131,179,0,31,51,51,62,62,135,135,147,147,166,181,191,191,216,226,275,275,275,306,9,109,109,109],"floor_reached":51,"playtime":2392,"items_purged":["Doubt","Strike_R","Writhe"],"score":1384,"play_id":"13f2ae10-ec18-45b3-bde8-fcc20d219711","local_time":"20190705095005","is_ascension_mode":true,"campfire_choices":[{"data":"Pommel Strike","floor":15.0,"key":"SMITH"},{"data":"RitualDagger","floor":23.0,"key":"SMITH"},{"data":"Disarm","floor":25.0,"key":"SMITH"},{"floor":30.0,"key":"REST"},{"data":"Limit Break","floor":32.0,"key":"SMITH"},{"floor":40,"key":"REST"},{"data":"Battle Trance","floor":44,"key":"SMITH"},{"data":"Barricade","floor":49,"key":"SMITH"}],"neow_cost":"NONE","seed_source_timestamp":0,"circlet_count":0,"master_deck":["AscendersBane","Strike_R","Strike_R","Defend_R","Defend_R","Defend_R","Defend_R","Bash","Pommel Strike+1","Inflame","Pommel Strike","Shockwave","Spot Weakness","Inflame","Battle Trance+1","Cleave","Fiend Fire","Clothesline","Feel No Pain","Disarm+1","RitualDagger+1","Havoc+1","Dark Shackles","Limit Break+1","Uppercut","Feed","Heavy Blade","Dual Wield","Impervious","Intimidate","Barricade+1","Heavy Blade+1","Limit Break","Battle Trance","True Grit+1","Evolve"],"special_seed":0,"relics":["Burning Blood","NeowsBlessing","Membership Card","Blue Candle","Red Skull","Happy Flower","PreservedInsect","Medical Kit","Magic Flower","Odd Mushroom","Mark of Pain","Art of War","Smiling Mask","Vajra","Eternal Feather","Anchor","Juzu Bracelet","Strawberry","Pen Nib","Toy Ornithopter"],"potions_floor_usage":[38,46,50],"damage_taken":[{"damage":0.0,"enemies":"Cultist","floor":1.0,"turns":1.0},{"damage":0.0,"enemies":"Jaw Worm","floor":4.0,"turns":1.0},{"damage":0.0,"enemies":"3 Sentries","floor":6.0,"turns":1.0},{"damage":9.0,"enemies":"2 Louse","floor":7.0,"turns":3.0},{"damage":18.0,"enemies":"Gremlin Nob","floor":8.0,"turns":4.0},{"damage":10.0,"enemies":"3 Sentries","floor":11.0,"turns":5.0},{"damage":0.0,"enemies":"Large Slime","floor":12.0,"turns":4.0},{"damage":19.0,"enemies":"The Mushroom Lair","floor":14.0,"turns":3.0},{"damage":22.0,"enemies":"Slime Boss","floor":16.0,"turns":7.0},{"damage":11.0,"enemies":"Spheric Guardian","floor":18.0,"turns":3.0},{"damage":24.0,"enemies":"2 Thieves","floor":19.0,"turns":3.0},{"damage":13.0,"enemies":"Snecko","floor":21.0,"turns":3.0},{"damage":31.0,"enemies":"Book of Stabbing","floor":24.0,"turns":4.0},{"damage":14.0,"enemies":"Gremlin Leader","floor":28.0,"turns":6.0},{"damage":27.0,"enemies":"Centurion and Healer","floor":29.0,"turns":3.0},{"damage":11.0,"enemies":"3 Cultists","floor":31.0,"turns":4.0},{"damage":45.0,"enemies":"Automaton","floor":33.0,"turns":8.0},{"damage":13.0,"enemies":"3 Shapes","floor":35.0,"turns":3.0},{"damage":14.0,"enemies":"Orb Walker","floor":37.0,"turns":3.0},{"damage":49,"enemies":"Sphere and 2 Shapes","floor":38,"turns":5},{"damage":14,"enemies":"Transient","floor":39,"turns":5},{"damage":30,"enemies":"Nemesis","floor":41,"turns":3},{"damage":1,"enemies":"Jaw Worm Horde","floor":42,"turns":5},{"damage":38,"enemies":"Giant Head","floor":46,"turns":8},{"damage":90,"enemies":"Donu and Deca","floor":50,"turns":9}],"seed_played":"4607877317666199678","potions_obtained":[{"floor":1.0,"key":"Strength Potion"},{"floor":4.0,"key":"SpeedPotion"},{"floor":16.0,"key":"BloodPotion"},{"floor":28.0,"key":"Fire Potion"},{"floor":31.0,"key":"Weak Potion"},{"floor":37.0,"key":"Weak Potion"},{"floor":39,"key":"Explosive Potion"},{"floor":42,"key":"SkillPotion"},{"floor":46,"key":"Fire Potion"}],"is_trial":false,"path_per_floor":["M","?","$","M","?","E","M","E","T","$","E","M","?","?","R","B",null,"M","M","?","M","?","R","E","R","T","$","E","M","R","M","R","B",null,"M","?","M","M","M","R","E","M","T","R","?","E","$","?","R","B",null],"character_chosen":"IRONCLAD","items_purchased":["Membership Card","Inflame","Medical Kit","Dark Shackles","Limit Break","Uppercut","SkillPotion","Evolve","Pen Nib","Toy Ornithopter","Block Potion"],"campfire_rested":2,"item_purchase_floors":[3,3,10,27,27,27,27,47,47,47,47],"current_hp_per_floor":[78,78,78,80,68,74,71,59,59,59,55,64,64,54,54,41,70,68,53,53,49,43,43,51,51,51,51,46,28,52,50,50,14,64,65,65,65,25,20,63,42,50,50,71,86,69,69,69,90,22],"gold":109,"neow_bonus":"THREE_ENEMY_KILL","is_prod":false,"is_daily":false,"chose_seed":false,"campfire_upgraded":6,"win_rate":0,"timestamp":1562284205,"path_taken":["M","?","$","M","?","E","M","E","T","$","E","?","?","?","R","BOSS","M","M","?","M","?","R","E","R","T","$","E","M","R","M","R","BOSS","M","?","M","M","?","R","E","M","T","R","?","E","$","?","R","BOSS"],"build_version":"2019-07-01","purchased_purges":3,"victory":true,"max_hp_per_floor":[80,80,80,80,80,80,80,80,80,80,80,80,80,80,80,80,80,80,80,80,80,80,80,80,80,80,80,80,80,80,80,80,80,80,83,83,86,86,86,86,86,86,86,86,86,96,96,96,96,99],"card_choices":[{"not_picked":["Clash","Armaments"],"picked":"Pommel Strike","floor":1.0},{"not_picked":["Fire Breathing","Metallicize"],"picked":"Pommel Strike","floor":4.0},{"not_picked":["Clash","Warcry"],"picked":"Shockwave","floor":6.0},{"not_picked":["Wild Strike","Clothesline"],"picked":"Spot Weakness","floor":7.0},{"not_picked":["Sentinel","Intimidate"],"picked":"Inflame","floor":8.0},{"not_picked":["Evolve","Immolate"],"picked":"Battle Trance","floor":11.0},{"not_picked":["Heavy Blade","Headbutt"],"picked":"Cleave","floor":12.0},{"not_picked":["Bludgeon","Exhume"],"picked":"Fiend Fire","floor":16.0},{"not_picked":["Twin Strike","Warcry"],"picked":"Clothesline","floor":18.0},{"not_picked":["Entrench","Havoc"],"picked":"Feel No Pain","floor":19.0},{"not_picked":["Wild Strike","Burning Pact"],"picked":"Disarm","floor":21.0},{"not_picked":["Pommel Strike","Perfected Strike"],"picked":"Havoc+1","floor":24.0},{"not_picked":["Heavy Blade","Flex"],"picked":"Feed","floor":28.0},{"not_picked":["Sever Soul","True Grit"],"picked":"Heavy Blade","floor":29.0},{"not_picked":["Iron Wave","Rupture"],"picked":"Dual Wield","floor":31.0},{"not_picked":["Dark Embrace","Feed"],"picked":"Impervious","floor":33.0},{"not_picked":["Second Wind","Headbutt"],"picked":"Intimidate","floor":35.0},{"not_picked":["Flame Barrier","Warcry"],"picked":"Heavy Blade+1","floor":37.0},{"not_picked":["Pommel Strike","Sever Soul"],"picked":"Limit Break","floor":38},{"not_picked":["Fire Breathing","Flex"],"picked":"Battle Trance","floor":39},{"not_picked":["Clothesline","Flex+1","Carnage+1"],"picked":"SKIP","floor":41},{"not_picked":["Clash","Feed"],"picked":"True Grit+1","floor":42},{"not_picked":["Twin Strike+1","Wild Strike+1","Headbutt"],"picked":"SKIP","floor":46}],"player_experience":935932,"relics_obtained":[{"floor":6.0,"key":"Red Skull"},{"floor":8.0,"key":"Happy Flower"},{"floor":9.0,"key":"PreservedInsect"},{"floor":11.0,"key":"Magic Flower"},{"floor":14.0,"key":"Odd Mushroom"},{"floor":24.0,"key":"Art of War"},{"floor":26.0,"key":"Smiling Mask"},{"floor":28.0,"key":"Vajra"},{"floor":41,"key":"Anchor"},{"floor":43,"key":"Juzu Bracelet"},{"floor":46,"key":"Strawberry"}],"event_choices":[{"damage_healed":0.0,"max_hp_gain":0.0,"max_hp_loss":0.0,"gold_gain":175.0,"event_name":"Liars Game","player_choice":"AGREE","floor":2.0,"gold_loss":0.0,"damage_taken":0.0,"cards_obtained":["Doubt"]},{"damage_healed":0.0,"max_hp_gain":0.0,"max_hp_loss":0.0,"gold_gain":0.0,"event_name":"Scrap Ooze","player_choice":"Success","floor":5.0,"gold_loss":0.0,"damage_taken":12.0,"relics_obtained":["Blue Candle"]},{"damage_healed":0.0,"max_hp_gain":0.0,"max_hp_loss":0.0,"gold_gain":0.0,"event_name":"World of Goop","player_choice":"Left Gold","floor":13.0,"gold_loss":35.0,"damage_taken":0.0},{"damage_healed":0.0,"max_hp_gain":0.0,"max_hp_loss":0.0,"gold_gain":0.0,"event_name":"Mushrooms","player_choice":"Fought Mushrooms","floor":14.0,"gold_loss":0.0,"damage_taken":0.0},{"cards_removed":["Strike_R"],"damage_healed":0.0,"max_hp_gain":0.0,"max_hp_loss":0.0,"gold_gain":0.0,"event_name":"Beggar","player_choice":"Gave Gold","floor":20.0,"gold_loss":75.0,"damage_taken":0.0},{"damage_healed":0.0,"max_hp_gain":0.0,"max_hp_loss":0.0,"gold_gain":0.0,"event_name":"Nest","player_choice":"Joined the Cult","floor":22.0,"gold_loss":0.0,"damage_taken":6.0,"cards_obtained":["RitualDagger"]},{"damage_healed":0.0,"max_hp_gain":0.0,"max_hp_loss":0.0,"gold_gain":0.0,"cards_transformed":["Strike_R"],"event_name":"Transmorgrifier","player_choice":"Transformed","floor":36.0,"gold_loss":0.0,"damage_taken":0.0,"cards_obtained":["Barricade"]},{"damage_healed":22,"gold_gain":0,"player_choice":"Writhe","damage_taken":0,"max_hp_gain":0,"max_hp_loss":0,"event_name":"Winding Halls","floor":45,"gold_loss":0,"cards_obtained":["Writhe"]},{"damage_healed":0,"gold_gain":100,"player_choice":"Pray","damage_taken":0,"max_hp_gain":0,"max_hp_loss":0,"event_name":"Golden Shrine","floor":48,"gold_loss":0}],"is_beta":false,"boss_relics":[{"not_picked":["Tiny House","Empty Cage"],"picked":"Mark of Pain"},{"not_picked":["Philosopher\u0027s Stone","Orrery"],"picked":"Eternal Feather"}],"items_purged_floors":[3,10,47],"is_endless":false,"potions_floor_spawned":[1,4,6,16,18,21,28,31,37,39,42,46],"ascension_level":13}