{"gold_per_floor":[111,111,127,157,232,247,279,289,316,366,366,378,398,417,417,517,517,537,547,624,471,487,487,487],"floor_reached":24,"playtime":1215,"items_purged":[],"score":285,"play_id":"b4f996b4-ad08-4268-813f-e67152a98da9","local_time":"20180801153431","is_ascension_mode":true,"campfire_choices":[{"floor":11,"key":"REST"},{"data":"Searing Blow+1","floor":15,"key":"SMITH"},{"data":"Armaments","floor":23,"key":"SMITH"}],"neow_cost":"NONE","seed_source_timestamp":1800904021672488,"circlet_count":0,"master_deck":["Bash+1","Iron Wave","Blood for Blood","Corruption","Havoc","Rage","Bloodletting","Iron Wave","Iron Wave","Iron Wave","Searing Blow+2","Armaments+1","Seeing Red","Reaper","Twin Strike","Iron Wave","Rage","Brutality","Battle Trance","Clash+1","Shrug It Off","Jack Of All Trades","Clash"],"relics":["Pandora\u0027s Box","Tiny Chest","Boot","Bag of Marbles","Bronze Scales","Mark of Pain","Ornamental Fan"],"potions_floor_usage":[8,8,16,24],"damage_taken":[{"damage":8,"enemies":"2 Louse","floor":1,"turns":4},{"damage":1,"enemies":"Cultist","floor":3,"turns":4},{"damage":4,"enemies":"Small Slimes","floor":6,"turns":3},{"damage":29,"enemies":"3 Sentries","floor":7,"turns":9},{"damage":5,"enemies":"Exordium Thugs","floor":8,"turns":4},{"damage":12,"enemies":"Large Slime","floor":12,"turns":5},{"damage":0,"enemies":"2 Fungi Beasts","floor":13,"turns":2},{"damage":11,"enemies":"3 Louse","floor":14,"turns":2},{"damage":24,"enemies":"The Guardian","floor":16,"turns":8},{"damage":25,"enemies":"Spheric Guardian","floor":18,"turns":5},{"damage":3,"enemies":"Chosen","floor":19,"turns":3},{"damage":15,"enemies":"Centurion and Healer","floor":22,"turns":6},{"damage":42,"enemies":"Gremlin Leader","floor":24,"turns":7}],"seed_played":"-7186500275118934448","potions_obtained":[{"floor":3,"key":"FearPotion"},{"floor":6,"key":"FearPotion"},{"floor":7,"key":"BloodPotion"},{"floor":12,"key":"FearPotion"},{"floor":18,"key":"GamblersBrew"}],"is_trial":false,"path_per_floor":["M","?","M","?","?","M","E","M","T","T","R","M","M","M","R","B",null,"M","M","T","$","M","R"],"character_chosen":"IRONCLAD","items_purchased":["Shrug It Off","Jack Of All Trades"],"campfire_rested":1,"item_purchase_floors":[21,21],"current_hp_per_floor":[64,48,47,47,36,32,3,16,16,16,40,28,34,41,41,23,66,45,42,42,42,33,33,0],"gold":487,"neow_bonus":"BOSS_RELIC","is_prod":false,"is_daily":false,"chose_seed":false,"campfire_upgraded":2,"win_rate":0,"timestamp":1533152071,"path_taken":["M","?","M","?","?","M","E","?","T","?","R","M","?","M","R","BOSS","M","M","?","$","M","R","E"],"build_version":"2018-07-26","purchased_purges":0,"victory":false,"max_hp_per_floor":[80,80,80,80,80,80,80,80,80,80,80,80,80,80,80,80,80,80,80,80,80,80,80,80],"card_choices":[{"not_picked":["Shrug It Off","Flame Barrier"],"picked":"Searing Blow","floor":1},{"not_picked":["Clothesline","Wild Strike"],"picked":"Armaments","floor":3},{"not_picked":["Perfected Strike","Iron Wave"],"picked":"Seeing Red","floor":6},{"not_picked":["Seeing Red","Metallicize"],"picked":"Reaper","floor":7},{"not_picked":["Perfected Strike","Rampage"],"picked":"Twin Strike","floor":8},{"not_picked":["Wild Strike","Flex"],"picked":"Iron Wave","floor":12},{"not_picked":["Entrench","Rupture","Twin Strike"],"picked":"SKIP","floor":13},{"not_picked":["Hemokinesis","Pummel"],"picked":"Rage","floor":14},{"not_picked":["Demon Form","Exhume"],"picked":"Brutality","floor":16},{"not_picked":["Rupture","Reckless Charge"],"picked":"Battle Trance","floor":18},{"not_picked":["Shrug It Off","Fire Breathing"],"picked":"Clash+1","floor":19},{"not_picked":["Warcry","Rampage"],"picked":"Clash","floor":22}],"player_experience":330461,"relics_obtained":[{"floor":7,"key":"Boot"},{"floor":9,"key":"Bag of Marbles"},{"floor":10,"key":"Bronze Scales"},{"floor":20,"key":"Ornamental Fan"}],"event_choices":[{"event_name":"Shining Light","player_choice":"Entered Light","floor":2,"damage_taken":0},{"event_name":"WeMeetAgain","player_choice":"Potion","floor":4,"damage_taken":0},{"event_name":"World of Goop","player_choice":"Gather Gold","floor":5,"damage_taken":0}],"is_beta":false,"boss_relics":[{"not_picked":["Tiny House","Coffee Dripper"],"picked":"Mark of Pain"}],"items_purged_floors":[],"is_endless":false,"potions_floor_spawned":[3,6,7,12,18],"killed_by":"Gremlin Leader","ascension_level":6}