{"gold_per_floor":[115,40,4,4,154,186,186,197,197,211,211],"floor_reached":11,"playtime":255,"items_purged":[],"score":124,"play_id":"c08f033a-5cd7-43e2-b1ab-d9a007f51a12","local_time":"20190723035703","is_ascension_mode":true,"campfire_choices":[{"floor":7,"key":"REST"}],"neow_cost":"CURSE","seed_source_timestamp":30254962811621,"circlet_count":0,"master_deck":["AscendersBane","Strike_B","Strike_B","Strike_B","Strike_B","Defend_B","Defend_B","Defend_B","Defend_B","Zap","Dualcast","Hologram","Capacitor","Regret","Doubt","Ball Lightning","Cold Snap","Sunder"],"relics":["Cracked Core","Ginger","Ice Cream","Boot","Singing Bowl"],"potions_floor_usage":[6,11],"damage_taken":[{"damage":4,"enemies":"2 Louse","floor":1,"turns":3},{"damage":51,"enemies":"Lagavulin","floor":6,"turns":8},{"damage":11,"enemies":"Jaw Worm","floor":8,"turns":3},{"damage":2,"enemies":"Cultist","floor":10,"turns":3},{"damage":32,"enemies":"Gremlin Nob","floor":11,"turns":3}],"seed_played":"-8527310015265086050","potions_obtained":[{"floor":1,"key":"AttackPotion"},{"floor":10,"key":"Regen Potion"}],"is_trial":false,"path_per_floor":["M","?","$","?","?","E","R","M","T","M","E"],"character_chosen":"DEFECT","items_purchased":["Capacitor"],"campfire_rested":1,"item_purchase_floors":[3],"current_hp_per_floor":[60,60,60,60,60,9,30,19,19,17,0],"gold":211,"neow_bonus":"ONE_RARE_RELIC","is_prod":false,"is_daily":false,"chose_seed":false,"campfire_upgraded":0,"win_rate":0,"timestamp":1563818223,"path_taken":["M","?","$","?","?","E","R","M","T","M","E"],"build_version":"2019-07-17","purchased_purges":0,"victory":false,"max_hp_per_floor":[71,71,71,71,71,71,71,71,71,71,71],"card_choices":[{"not_picked":["Turbo","Rebound"],"picked":"Hologram","floor":1},{"not_picked":["FTL","Steam"],"picked":"Ball Lightning","floor":6},{"not_picked":["Beam Cell","Go for the Eyes"],"picked":"Cold Snap","floor":8},{"not_picked":["Steam","Gash"],"picked":"Sunder","floor":10}],"player_experience":1070198,"relics_obtained":[{"floor":6,"key":"Boot"},{"floor":9,"key":"Singing Bowl"}],"event_choices":[{"cards_removed":["Clumsy"],"damage_healed":0,"gold_gain":0,"player_choice":"Card Removal","damage_taken":0,"max_hp_gain":0,"max_hp_loss":0,"event_name":"The Cleric","floor":2,"gold_loss":75},{"damage_healed":0,"gold_gain":0,"player_choice":"Box","damage_taken":0,"relics_obtained":["Ice Cream"],"max_hp_gain":0,"max_hp_loss":0,"event_name":"Big Fish","floor":4,"gold_loss":0,"cards_obtained":["Regret"]},{"damage_healed":0,"gold_gain":150,"player_choice":"AGREE","damage_taken":0,"max_hp_gain":0,"max_hp_loss":0,"event_name":"Liars Game","floor":5,"gold_loss":0,"cards_obtained":["Doubt"]}],"is_beta":false,"boss_relics":[],"items_purged_floors":[],"is_endless":false,"potions_floor_spawned":[1,10],"killed_by":"Gremlin Nob","ascension_level":15}