{"gold_per_floor":[143,153,153,103,115,115,146,146,146,146,0,10,10,26,26,129,129,147,147,165,197,126,126,145,160,230,243,243,158,158],"floor_reached":30,"playtime":2281,"items_purged":[],"score":230,"play_id":"0bd0880d-dd75-4659-a96f-2e7c24ee37ad","local_time":"20190826233834","is_ascension_mode":false,"campfire_choices":[{"floor":6,"key":"RECALL"},{"floor":8,"key":"REST"},{"data":"Metallicize","floor":10,"key":"SMITH"},{"data":"Flex","floor":13,"key":"SMITH"},{"data":"Perfected Strike","floor":15,"key":"SMITH"},{"floor":23,"key":"REST"},{"floor":28,"key":"REST"}],"neow_cost":"NONE","seed_source_timestamp":9710147095119,"circlet_count":0,"master_deck":["Strike_R","Strike_R","Strike_R","Strike_R","Strike_R+1","Defend_R+1","Defend_R","Defend_R","Defend_R","Pommel Strike","Armaments","Pommel Strike","Metallicize+1","Flex+1","Perfected Strike+1","Iron Wave","Body Slam","Rampage","Rage","Cleave"],"relics":["Burning Blood","Tiny Chest","Shuriken","Blood Vial","Runic Pyramid","Red Mask","Letter Opener","Ancient Tea Set"],"potions_floor_usage":[16,20,21,30,30],"damage_taken":[{"damage":0,"enemies":"2 Louse","floor":1,"turns":4},{"damage":0,"enemies":"Small Slimes","floor":2,"turns":2},{"damage":0,"enemies":"Cultist","floor":5,"turns":3},{"damage":22,"enemies":"3 Sentries","floor":7,"turns":9},{"damage":6,"enemies":"2 Fungi Beasts","floor":12,"turns":3},{"damage":0,"enemies":"Exordium Wildlife","floor":14,"turns":4},{"damage":21,"enemies":"Slime Boss","floor":16,"turns":11},{"damage":13,"enemies":"Shell Parasite","floor":18,"turns":8},{"damage":4,"enemies":"Spheric Guardian","floor":20,"turns":4},{"damage":71,"enemies":"Masked Bandits","floor":21,"turns":7},{"damage":33,"enemies":"Snake Plant","floor":24,"turns":6},{"damage":6,"enemies":"Cultist and Chosen","floor":25,"turns":7},{"damage":12,"enemies":"3 Cultists","floor":27,"turns":5},{"damage":50,"enemies":"Slavers","floor":30,"turns":3}],"seed_played":"-1146304482734943819","potions_obtained":[{"floor":2,"key":"Swift Potion"},{"floor":14,"key":"Block Potion"},{"floor":16,"key":"LiquidBronze"},{"floor":20,"key":"PowerPotion"},{"floor":24,"key":"SteroidPotion"}],"is_trial":false,"path_per_floor":["M","M","?","?","M","R","E","R","T","R","$","M","R","M","R","B",null,"M","?","M","?","$","R","M","M","T","M","R","?","E"],"character_chosen":"IRONCLAD","items_purchased":["Blood Vial","Rage"],"campfire_rested":3,"item_purchase_floors":[11,22],"current_hp_per_floor":[80,80,64,64,70,70,54,78,78,78,78,80,80,80,80,65,80,73,73,77,14,14,38,13,15,15,11,35,35,0],"gold":158,"neow_bonus":"RANDOM_COMMON_RELIC","is_prod":false,"is_daily":false,"chose_seed":false,"campfire_upgraded":3,"win_rate":0,"timestamp":1566859114,"path_taken":["M","M","?","?","M","R","E","R","T","R","$","M","R","M","R","BOSS","M","?","M","?","$","R","M","M","T","M","R","?","E"],"build_version":"2019-07-17","purchased_purges":0,"victory":false,"max_hp_per_floor":[80,80,80,80,80,80,80,80,80,80,80,80,80,80,80,80,80,80,80,80,80,80,80,80,80,80,80,80,80,80],"card_choices":[{"not_picked":["Uppercut","Perfected Strike"],"picked":"Pommel Strike","floor":1},{"not_picked":["Dropkick","Headbutt"],"picked":"Armaments","floor":2},{"not_picked":["Anger","Body Slam"],"picked":"Pommel Strike","floor":5},{"not_picked":["Intimidate","Anger"],"picked":"Metallicize","floor":7},{"not_picked":["True Grit","Fire Breathing"],"picked":"Flex","floor":12},{"not_picked":["Dark Embrace","Combust"],"picked":"Perfected Strike","floor":14},{"not_picked":["Body Slam","Clash"],"picked":"Iron Wave","floor":18},{"not_picked":["Dual Wield","Shockwave"],"picked":"Body Slam","floor":20},{"not_picked":["Iron Wave","Entrench"],"picked":"Rampage","floor":21},{"not_picked":["Anger+1","Pommel Strike"],"picked":"Cleave","floor":24},{"not_picked":["Sever Soul","Heavy Blade","Wild Strike+1"],"picked":"SKIP","floor":25},{"not_picked":["Clash","Impervious","Anger"],"picked":"SKIP","floor":27}],"player_experience":94403,"relics_obtained":[{"floor":7,"key":"Shuriken"},{"floor":21,"key":"Red Mask"},{"floor":26,"key":"Letter Opener"}],"event_choices":[{"damage_healed":0,"gold_gain":0,"player_choice":"Entered Light","damage_taken":16,"max_hp_gain":0,"max_hp_loss":0,"event_name":"Shining Light","floor":3,"gold_loss":0,"cards_upgraded":["Defend_R","Strike_R"]},{"cards_removed":["Bash"],"damage_healed":0,"gold_gain":0,"player_choice":"Card Removal","damage_taken":0,"max_hp_gain":0,"max_hp_loss":0,"event_name":"The Cleric","floor":4,"gold_loss":50},{"damage_healed":0,"gold_gain":0,"player_choice":"Ignored","damage_taken":0,"max_hp_gain":0,"max_hp_loss":0,"event_name":"Beggar","floor":19,"gold_loss":0},{"damage_healed":0,"gold_gain":0,"player_choice":"Fought Bandits","damage_taken":0,"max_hp_gain":0,"max_hp_loss":0,"event_name":"Masked Bandits","floor":21,"gold_loss":0},{"damage_healed":0,"gold_gain":0,"player_choice":"Obtained Relic","damage_taken":0,"relics_obtained":["Ancient Tea Set"],"max_hp_gain":0,"max_hp_loss":0,"event_name":"Addict","floor":29,"gold_loss":85}],"is_beta":false,"boss_relics":[{"not_picked":["Cursed Key","Pandora\u0027s Box"],"picked":"Runic Pyramid"}],"items_purged_floors":[],"is_endless":false,"potions_floor_spawned":[2,14,16,20,24],"killed_by":"Slavers","ascension_level":0}