{"gold_per_floor":[111,111,127,146,18,18,30,30,30,30,44,44,44,77,77,77],"floor_reached":16,"playtime":737,"items_purged":["Strike_G"],"score":145,"play_id":"f0bf98be-7e3d-45ec-81bf-4ccf74e5a2fe","local_time":"20181031235053","is_ascension_mode":true,"campfire_choices":[{"data":"Bouncing Flask","floor":6,"key":"SMITH"},{"data":"Catalyst","floor":8,"key":"SMITH"},{"data":"Noxious Fumes","floor":10,"key":"SMITH"},{"floor":12,"key":"REST"},{"data":"Catalyst","floor":15,"key":"SMITH"}],"neow_cost":"NONE","seed_source_timestamp":357118514369342,"circlet_count":0,"master_deck":["Defend_G","Defend_G","Defend_G","Defend_G","Defend_G","Strike_G","Strike_G","Strike_G","Survivor","Neutralize","Bouncing Flask+1","Catalyst+1","Prepared","Poisoned Stab","Bane","Noxious Fumes+1","Catalyst+1","Leg Sweep"],"relics":["Ring of the Snake","Art of War","Darkstone Periapt"],"potions_floor_usage":[4,14,16],"damage_taken":[{"damage":0,"enemies":"2 Louse","floor":1,"turns":2},{"damage":2,"enemies":"Small Slimes","floor":3,"turns":3},{"damage":4,"enemies":"Jaw Worm","floor":4,"turns":3},{"damage":19,"enemies":"Lots of Slimes","floor":7,"turns":7},{"damage":2,"enemies":"Red Slaver","floor":11,"turns":3},{"damage":18,"enemies":"Gremlin Nob","floor":14,"turns":3},{"damage":32,"enemies":"Slime Boss","floor":16,"turns":7}],"seed_played":"-304978827534168848","potions_obtained":[{"floor":3,"key":"SkillPotion"},{"floor":4,"key":"SpeedPotion"},{"floor":11,"key":"Swift Potion"},{"floor":14,"key":"Ancient Potion"}],"is_trial":false,"path_per_floor":["M","?","M","M","$","R","M","R","T","R","M","R","$","E","R"],"character_chosen":"THE_SILENT","items_purchased":["Bane"],"campfire_rested":1,"item_purchase_floors":[5],"current_hp_per_floor":[63,56,54,50,50,50,31,31,31,31,29,50,50,32,32,0],"gold":77,"neow_bonus":"THREE_CARDS","is_prod":false,"is_daily":false,"chose_seed":false,"campfire_upgraded":4,"win_rate":0,"timestamp":1541044253,"path_taken":["M","?","M","?","$","R","M","R","T","R","M","R","?","E","R","BOSS"],"build_version":"2018-10-25v2","purchased_purges":1,"victory":false,"max_hp_per_floor":[70,70,70,70,70,70,70,70,70,70,70,70,70,70,70,70],"card_choices":[{"not_picked":["Well Laid Plans","Prepared"],"picked":"Bouncing Flask","floor":0},{"not_picked":["Backflip","Crippling Poison"],"picked":"Catalyst","floor":1},{"not_picked":["Distraction","Blade Dance"],"picked":"Prepared","floor":3},{"not_picked":["Sucker Punch","Outmaneuver"],"picked":"Poisoned Stab","floor":4},{"not_picked":["Outmaneuver","Heel Hook"],"picked":"Noxious Fumes","floor":7},{"not_picked":["Outmaneuver","Expertise"],"picked":"Catalyst","floor":11},{"not_picked":["Backflip","Grand Finale"],"picked":"Leg Sweep","floor":14}],"player_experience":573462,"relics_obtained":[{"floor":9,"key":"Art of War"},{"floor":14,"key":"Darkstone Periapt"}],"event_choices":[{"cards_removed":["Strike_G"],"damage_healed":0,"gold_gain":0,"player_choice":"Card Removal","damage_taken":7,"max_hp_gain":0,"max_hp_loss":0,"event_name":"Golden Wing","floor":2,"gold_loss":0}],"is_beta":false,"boss_relics":[],"items_purged_floors":[5],"is_endless":false,"potions_floor_spawned":[3,4,11,14],"killed_by":"Slime Boss","ascension_level":9}