{"gold_per_floor":[112,69,49,49,59,91,91,121,121,9,9,21,21,51,51,126,126,140,140,140,157,157,157,157,157,184,198,217,217,217,142,142,220,220,233,9,9,26,26,26,26],"floor_reached":41,"playtime":2549,"items_purged":[],"score":777,"play_id":"a88586b6-bd46-4ac5-b601-d4ad79a1d631","local_time":"20190807060541","is_ascension_mode":true,"campfire_choices":[{"data":"After Image","floor":7,"key":"SMITH"},{"data":"Neutralize","floor":11,"key":"SMITH"},{"data":"Crippling Poison","floor":13,"key":"SMITH"},{"data":"A Thousand Cuts","floor":15,"key":"SMITH"},{"data":"Wraith Form v2","floor":23,"key":"SMITH"},{"data":"Catalyst","floor":25,"key":"SMITH"},{"floor":29,"key":"REST"},{"floor":32,"key":"REST"},{"data":"Sucker Punch","floor":40,"key":"SMITH"}],"neow_cost":"NONE","seed_source_timestamp":3752842173856,"circlet_count":0,"master_deck":["AscendersBane","Defend_G","Defend_G","Defend_G","Survivor","Neutralize+1","Crippling Poison+1","Heel Hook","Sucker Punch+1","After Image+1","PiercingWail","Backflip","Dagger Spray","A Thousand Cuts+1","Wraith Form v2+1","Flying Knee","Bullet Time","Corpse Explosion","Acrobatics","Bite","Bite","Bite","Bite","Bite","Catalyst+1","Quick Slash+1","After Image","Choke+1","Poisoned Stab","Dramatic Entrance","Riddle With Holes+1","Distraction"],"relics":["Ring of the Snake","NeowsBlessing","Strawberry","Question Card","Paper Crane","Bronze Scales","Snecko Eye","Potion Belt","Kunai","White Beast Statue","Snake Skull"],"potions_floor_usage":[5,14,28,33,38,41,41],"damage_taken":[{"damage":0,"enemies":"2 Louse","floor":1,"turns":1},{"damage":0,"enemies":"Cultist","floor":5,"turns":1},{"damage":0,"enemies":"Lagavulin","floor":6,"turns":1},{"damage":6,"enemies":"Small Slimes","floor":12,"turns":4},{"damage":10,"enemies":"3 Sentries","floor":14,"turns":7},{"damage":2,"enemies":"The Guardian","floor":16,"turns":14},{"damage":0,"enemies":"3 Byrds","floor":18,"turns":3},{"damage":11,"enemies":"Chosen","floor":21,"turns":4},{"damage":31,"enemies":"Sentry and Sphere","floor":27,"turns":4},{"damage":0,"enemies":"Snecko","floor":28,"turns":3},{"damage":51,"enemies":"Automaton","floor":33,"turns":11},{"damage":14,"enemies":"Orb Walker","floor":35,"turns":6},{"damage":1,"enemies":"3 Darklings","floor":38,"turns":4},{"damage":114,"enemies":"Giant Head","floor":41,"turns":11}],"seed_played":"-5940048128945691011","potions_obtained":[{"floor":1,"key":"Fire Potion"},{"floor":3,"key":"Fruit Juice"},{"floor":5,"key":"AttackPotion"},{"floor":16,"key":"PowerPotion"},{"floor":27,"key":"EssenceOfSteel"},{"floor":28,"key":"SteroidPotion"},{"floor":33,"key":"Block Potion"},{"floor":35,"key":"Block Potion"},{"floor":38,"key":"EssenceOfSteel"}],"is_trial":false,"path_per_floor":["M","$","?","$","M","E","R","?","T","$","R","M","R","E","R","B",null,"M","?","?","M","?","R","?","R","T","M","M","R","T","?","R","B",null,"M","$","?","M","?","R","E"],"character_chosen":"THE_SILENT","items_purchased":["Heel Hook","PiercingWail","Backflip","Snake Skull","Poisoned Stab"],"campfire_rested":2,"item_purchase_floors":[2,10,10,36,36],"current_hp_per_floor":[59,59,59,59,64,71,71,71,71,71,71,65,65,55,55,53,72,72,50,50,39,39,39,39,39,39,14,20,37,37,37,54,21,49,43,43,43,48,48,48,0],"gold":26,"neow_bonus":"THREE_ENEMY_KILL","is_prod":false,"is_daily":false,"chose_seed":false,"campfire_upgraded":7,"win_rate":0,"timestamp":1565121941,"path_taken":["M","$","?","?","?","E","R","?","T","$","R","M","R","E","R","BOSS","M","?","?","M","?","R","?","R","T","M","M","R","?","?","R","BOSS","M","$","?","M","?","R","E"],"build_version":"2019-07-17","purchased_purges":0,"victory":false,"max_hp_per_floor":[66,66,66,66,71,78,78,78,78,78,78,78,78,78,78,78,78,78,83,83,83,58,58,58,58,58,58,58,58,58,58,58,58,58,58,58,58,58,58,58,58],"card_choices":[{"not_picked":["Deflect","Acrobatics"],"picked":"Crippling Poison","floor":1},{"not_picked":["Flechettes","Outmaneuver"],"picked":"Sucker Punch","floor":5},{"not_picked":["Riddle With Holes","Dagger Spray"],"picked":"After Image","floor":6},{"not_picked":["Calculated Gamble","Eviscerate","Bane"],"picked":"Dagger Spray","floor":12},{"not_picked":["Underhanded Strike","Escape Plan","Setup"],"picked":"A Thousand Cuts","floor":14},{"not_picked":["Night Terror","Grand Finale","Phantasmal Killer"],"picked":"Wraith Form v2","floor":16},{"not_picked":["Blade Dance","Dodge and Roll","Prepared+1"],"picked":"Flying Knee","floor":18},{"not_picked":["Backflip","Quick Slash","Dagger Spray"],"picked":"Acrobatics","floor":21},{"not_picked":["Backflip","Prepared","Dodge and Roll"],"picked":"Quick Slash+1","floor":27},{"not_picked":["Blade Dance+1","Reflex","All Out Attack","Bane"],"picked":"SKIP","floor":28},{"not_picked":["Bullet Time","Phantasmal Killer","Grand Finale"],"picked":"After Image","floor":33},{"not_picked":["Escape Plan","Blade Dance","Acrobatics+1"],"picked":"Choke+1","floor":35},{"not_picked":["Discovery","Swift Strike","Madness"],"picked":"Dramatic Entrance","floor":37},{"not_picked":["Acrobatics","Backflip","Infinite Blades"],"picked":"Riddle With Holes+1","floor":38}],"player_experience":1150023,"relics_obtained":[{"floor":6,"key":"Strawberry"},{"floor":9,"key":"Paper Crane"},{"floor":14,"key":"Bronze Scales"},{"floor":26,"key":"Potion Belt"},{"floor":30,"key":"Kunai"}],"event_choices":[{"damage_healed":0,"gold_gain":0,"player_choice":"Bought 1 Potion","damage_taken":0,"max_hp_gain":0,"max_hp_loss":0,"event_name":"The Woman in Blue","floor":3,"gold_loss":0},{"damage_healed":0,"gold_gain":30,"player_choice":"Searched \u00273\u0027 times","damage_taken":0,"relics_obtained":["Question Card"],"max_hp_gain":0,"max_hp_loss":0,"event_name":"Dead Adventurer","floor":8,"gold_loss":0},{"damage_healed":0,"gold_gain":0,"player_choice":"Shed Blood","damage_taken":27,"max_hp_gain":5,"max_hp_loss":0,"event_name":"Forgotten Altar","floor":19,"gold_loss":0},{"damage_healed":0,"gold_gain":0,"cards_transformed":["Strike_G","Strike_G"],"player_choice":"Became Test Subject","damage_taken":0,"max_hp_gain":0,"max_hp_loss":0,"event_name":"Drug Dealer","floor":20,"gold_loss":0,"cards_obtained":["Bullet Time","Corpse Explosion"]},{"damage_healed":0,"gold_gain":0,"player_choice":"Became a vampire","damage_taken":0,"max_hp_gain":0,"max_hp_loss":25,"event_name":"Vampires","floor":22,"gold_loss":0,"cards_obtained":["Bite","Bite","Bite","Bite","Bite"]},{"damage_healed":0,"gold_gain":0,"player_choice":"Read","damage_taken":0,"max_hp_gain":0,"max_hp_loss":0,"event_name":"The Library","floor":24,"gold_loss":0,"cards_obtained":["Catalyst"]},{"cards_removed":["Defend_G"],"damage_healed":0,"gold_gain":0,"player_choice":"Gave Gold","damage_taken":0,"max_hp_gain":0,"max_hp_loss":0,"event_name":"Beggar","floor":31,"gold_loss":75},{"damage_healed":0,"gold_gain":0,"player_choice":"Memory 1","damage_taken":0,"max_hp_gain":0,"max_hp_loss":0,"event_name":"SensoryStone","floor":37,"gold_loss":0},{"damage_healed":0,"gold_gain":0,"cards_transformed":["Defend_G"],"player_choice":"Transformed","damage_taken":0,"max_hp_gain":0,"max_hp_loss":0,"event_name":"Transmorgrifier","floor":39,"gold_loss":0,"cards_obtained":["Distraction"]}],"is_beta":false,"boss_relics":[{"not_picked":["Fusion Hammer","Ring of the Serpent"],"picked":"Snecko Eye"},{"not_picked":["Sozu","Runic Pyramid"],"picked":"White Beast Statue"}],"items_purged_floors":[],"is_endless":false,"potions_floor_spawned":[1,5,16,27,28,33,35,38],"killed_by":"Giant Head","ascension_level":16}