{"gold_per_floor":[118,134,209,209,226,226,254,273,273,273,292,24,43,53,53,154,154,170,170,182,192,206,206,1,1,1,34,34,34,45,61,61,157,157,170,45,45,58,71,71,71],"floor_reached":41,"playtime":1685,"items_purged":["Strike_R","Strike_R+1","Strike_R+1"],"score":442,"play_id":"cdd4b061-3317-4ad4-ac03-f3d8acf8c2d5","local_time":"20190417200955","is_ascension_mode":false,"campfire_choices":[{"data":"Armaments","floor":6.0,"key":"SMITH"},{"data":"Armaments","floor":10.0,"key":"SMITH"},{"data":"Limit Break","floor":15.0,"key":"SMITH"},{"data":"Entrench","floor":23,"key":"SMITH"},{"data":"Heavy Blade","floor":25,"key":"SMITH"},{"data":"Flex","floor":29,"key":"SMITH"},{"floor":32,"key":"REST"},{"data":"Bash","floor":40,"key":"SMITH"}],"neow_cost":"TEN_PERCENT_HP_LOSS","seed_source_timestamp":0,"circlet_count":0,"master_deck":["Strike_R+1","Defend_R+1","Defend_R+1","Defend_R+1","Defend_R+1","Bash+1","Limit Break+1","Infernal Blade+1","Heavy Blade+1","Armaments+1","Pommel Strike","Armaments+1","Cleave","Rampage","Iron Wave","Flex","Berserk","Inflame+1","Entrench+1","Cleave+1","Thunderclap+1","Flex+1","Shrug It Off","Spot Weakness+1","Impervious+1","Double Tap+1","True Grit+1","Heavy Blade+1"],"special_seed":0,"relics":["Burning Blood","Meat on the Bone","Question Card","Orichalcum","Busted Crown","Toxic Egg 2","Matryoshka","Sozu"],"potions_floor_usage":[18,21,22,27,35],"damage_taken":[{"damage":0.0,"enemies":"Small Slimes","floor":1.0,"turns":4.0},{"damage":2.0,"enemies":"2 Louse","floor":2.0,"turns":2.0},{"damage":0.0,"enemies":"Cultist","floor":5.0,"turns":2.0},{"damage":23.0,"enemies":"Gremlin Nob","floor":7.0,"turns":4.0},{"damage":14.0,"enemies":"Blue Slaver","floor":8.0,"turns":4.0},{"damage":0.0,"enemies":"Looter","floor":11.0,"turns":2.0},{"damage":7.0,"enemies":"Exordium Thugs","floor":13.0,"turns":4.0},{"damage":11.0,"enemies":"Lots of Slimes","floor":14.0,"turns":3.0},{"damage":47.0,"enemies":"Hexaghost","floor":16.0,"turns":11.0},{"damage":12,"enemies":"2 Thieves","floor":18,"turns":4},{"damage":12,"enemies":"Spheric Guardian","floor":20,"turns":4},{"damage":30,"enemies":"Snake Plant","floor":21,"turns":5},{"damage":15,"enemies":"Centurion and Healer","floor":22,"turns":3},{"damage":16,"enemies":"Slavers","floor":27,"turns":3},{"damage":5,"enemies":"3 Cultists","floor":30,"turns":5},{"damage":14,"enemies":"Shelled Parasite and Fungi","floor":31,"turns":5},{"damage":26,"enemies":"Automaton","floor":33,"turns":7},{"damage":12,"enemies":"Orb Walker","floor":35,"turns":3},{"damage":4,"enemies":"3 Shapes","floor":38,"turns":2},{"damage":24,"enemies":"Sphere and 2 Shapes","floor":39,"turns":5},{"damage":56,"enemies":"Reptomancer","floor":41,"turns":5}],"seed_played":"6405474527822679368","potions_obtained":[{"floor":1.0,"key":"Explosive Potion"},{"floor":8.0,"key":"Strength Potion"},{"floor":16.0,"key":"Weak Potion"},{"floor":20,"key":"SpeedPotion"},{"floor":21,"key":"Dexterity Potion"},{"floor":22,"key":"Regen Potion"},{"floor":33,"key":"Swift Potion"}],"is_trial":false,"path_per_floor":["M","M","?","?","M","R","E","M","T","R","M","$","M","M","R","B",null,"M","?","M","M","M","R","$","R","T","E","?","R","M","M","R","B",null,"M","$","?","M","M","R","E"],"character_chosen":"IRONCLAD","items_purchased":["Rampage","Orichalcum","Flex","Shrug It Off"],"campfire_rested":1,"item_purchase_floors":[12,12,24,24],"current_hp_per_floor":[72,72,61,61,67,67,50,54,54,54,60,60,59,54,54,25,72,66,66,60,48,51,51,51,51,51,50,50,50,51,43,64,44,72,66,66,66,68,50,50,0],"gold":71,"neow_bonus":"THREE_RARE_CARDS","is_prod":false,"is_daily":false,"chose_seed":false,"campfire_upgraded":7,"win_rate":0,"timestamp":1555495795,"path_taken":["M","M","?","?","?","R","E","M","T","R","M","$","M","M","R","BOSS","M","?","M","M","M","R","$","R","T","E","?","R","M","?","R","BOSS","M","?","?","?","?","R","E"],"build_version":"2019-01-23","purchased_purges":3,"victory":false,"max_hp_per_floor":[72,72,72,72,72,72,72,72,72,72,72,72,72,72,72,72,72,72,72,72,72,72,72,72,72,72,72,72,72,72,72,72,72,72,72,72,72,72,72,72,72],"card_choices":[{"not_picked":["Berserk","Bludgeon"],"picked":"Limit Break","floor":0.0},{"not_picked":["Searing Blow","Pommel Strike"],"picked":"Infernal Blade","floor":1.0},{"not_picked":["Perfected Strike","Twin Strike"],"picked":"Heavy Blade","floor":2.0},{"not_picked":["Shrug It Off","Heavy Blade"],"picked":"Armaments","floor":5.0},{"not_picked":["Ghostly Armor","Double Tap"],"picked":"Pommel Strike","floor":7.0},{"not_picked":["Havoc","True Grit"],"picked":"Armaments","floor":8.0},{"not_picked":["Heavy Blade","Dual Wield","Flame Barrier"],"picked":"Cleave","floor":11.0},{"not_picked":["Fiend Fire","Armaments","Wild Strike"],"picked":"Iron Wave","floor":13.0},{"not_picked":["Sword Boomerang","Anger","Shockwave"],"picked":"Flex","floor":14.0},{"not_picked":["Reaper","Juggernaut","Offering"],"picked":"Berserk","floor":16.0},{"not_picked":["Reckless Charge+1"],"picked":"Inflame+1","floor":18},{"not_picked":["Heavy Blade+1"],"picked":"Entrench","floor":20},{"not_picked":["Carnage"],"picked":"Cleave+1","floor":21},{"not_picked":["Sever Soul"],"picked":"Thunderclap+1","floor":22},{"not_picked":["Clothesline"],"picked":"Spot Weakness+1","floor":27},{"not_picked":["Body Slam+1"],"picked":"Impervious+1","floor":30},{"not_picked":["Warcry+1","Twin Strike"],"picked":"SKIP","floor":31},{"not_picked":["Juggernaut"],"picked":"Double Tap+1","floor":33},{"not_picked":["Bloodletting+1"],"picked":"True Grit+1","floor":35},{"not_picked":["Thunderclap","Perfected Strike"],"picked":"SKIP","floor":38},{"not_picked":["Cleave"],"picked":"Heavy Blade+1","floor":39}],"player_experience":298496,"relics_obtained":[{"floor":7.0,"key":"Meat on the Bone"},{"floor":9.0,"key":"Question Card"},{"floor":26,"key":"Toxic Egg 2"},{"floor":27,"key":"Matryoshka"}],"event_choices":[{"damage_healed":0.0,"max_hp_gain":0.0,"max_hp_loss":0.0,"gold_gain":75.0,"event_name":"World of Goop","player_choice":"Gather Gold","floor":3.0,"gold_loss":0.0,"damage_taken":11.0},{"damage_healed":0.0,"max_hp_gain":0.0,"max_hp_loss":0.0,"gold_gain":0.0,"event_name":"Upgrade Shrine","player_choice":"Upgraded","floor":4.0,"gold_loss":0.0,"damage_taken":0.0,"cards_upgraded":["Infernal Blade"]},{"damage_healed":0,"gold_gain":0,"player_choice":"Simplicity","damage_taken":0,"max_hp_gain":0,"max_hp_loss":0,"event_name":"Back to Basics","floor":19,"gold_loss":0,"cards_upgraded":["Strike_R","Strike_R","Strike_R","Strike_R","Defend_R","Defend_R","Defend_R","Defend_R"]},{"cards_removed":["Strike_R"],"damage_healed":0,"gold_gain":0,"player_choice":"Purged","damage_taken":0,"max_hp_gain":0,"max_hp_loss":0,"event_name":"Purifier","floor":28,"gold_loss":0},{"damage_healed":0,"gold_gain":0,"player_choice":"Got Potions","damage_taken":0,"max_hp_gain":0,"max_hp_loss":0,"event_name":"Lab","floor":37,"gold_loss":0}],"is_beta":false,"boss_relics":[{"not_picked":["Ectoplasm","Snecko Eye"],"picked":"Busted Crown"},{"not_picked":["Calling Bell","Philosopher\u0027s Stone"],"picked":"Sozu"}],"items_purged_floors":[12,24,36],"is_endless":false,"potions_floor_spawned":[1,8,16,20,21,22,33,35,38],"killed_by":"Reptomancer","ascension_level":0}