{"path_per_floor":["M","M","M","M","?","?","M","E","T","M","E"],"character_chosen":"IRONCLAD","items_purchased":[],"gold_per_floor":[112,126,145,162,237,237,258,292,292,313,352,337],"floor_reached":12,"campfire_rested":0,"playtime":536,"current_hp_per_floor":[72,78,80,80,69,69,50,24,24,19,7,0],"items_purged":[],"gold":337,"score":101,"play_id":"5bbaff04-0d08-4f89-aa53-1fece61ae1d8","local_time":"20180330224621","is_prod":false,"is_daily":false,"is_ascension_mode":true,"campfire_upgraded":0,"timestamp":1522464381,"path_taken":["M","M","M","M","?","?","?","E","T","M","E","M"],"build_version":"2018-03-29v2","purchased_purges":0,"victory":false,"master_deck":["Strike_R","Strike_R","Strike_R","Strike_R","Strike_R","Defend_R","Defend_R","Defend_R","Defend_R","Bash","Thunderclap","Perfected Strike","Corruption","Rage","Reaper","Rampage","Sword Boomerang","Shrug It Off"],"max_hp_per_floor":[80,80,80,80,80,74,74,74,74,74,74,74],"relics":["Burning Blood","Pen Nib","Golden Idol","Bottled Lightning","Oddly Smooth Stone","Regal Pillow"],"card_choices":[{"not_picked":["Fire Breathing","Shockwave"],"picked":"Thunderclap","floor":1},{"not_picked":["True Grit","Rupture"],"picked":"Perfected Strike","floor":2},{"not_picked":["Entrench","Clothesline"],"picked":"Corruption","floor":3},{"not_picked":["Headbutt","Twin Strike"],"picked":"Rage","floor":4},{"not_picked":["Evolve","Havoc"],"picked":"Reaper","floor":7},{"not_picked":["Hemokinesis","Bloodletting"],"picked":"Rampage","floor":8},{"not_picked":["Twin Strike","Second Wind"],"picked":"Sword Boomerang","floor":10},{"not_picked":["Rampage","Bloodletting"],"picked":"Shrug It Off","floor":11}],"player_experience":161415,"potions_floor_usage":[4,8,11],"damage_taken":[{"damage":14,"enemies":"Jaw Worm","floor":1,"turns":5},{"damage":0,"enemies":"2 Louse","floor":2,"turns":2},{"damage":0,"enemies":"Small Slimes","floor":3,"turns":3},{"damage":6,"enemies":"2 Fungi Beasts","floor":4,"turns":4},{"damage":25,"enemies":"Lots of Slimes","floor":7,"turns":4},{"damage":34,"enemies":"Lagavulin","floor":8,"turns":6},{"damage":13,"enemies":"Blue Slaver","floor":10,"turns":4},{"damage":18,"enemies":"3 Sentries","floor":11,"turns":6},{"damage":9,"enemies":"Exordium Thugs","floor":12,"turns":1}],"event_choices":[{"event_name":"World of Goop","player_choice":"Gather Gold","floor":5,"damage_taken":0},{"event_name":"Golden Idol","player_choice":"Lose Max HP","floor":6,"damage_taken":0}],"boss_relics":[],"potions_floor_spawned":[1,7,10],"seed_played":"-3897454511141732703","killed_by":"Exordium Thugs","ascension_level":2,"is_trial":false}