{"path_per_floor":["M","M","M","?","$","E","?","R","T","M","E","?","M","M","R","B",null,"M","M","?","$","?","M","R","E","T"],"character_chosen":"THE_SILENT","items_purchased":["Backstab","Blood Vial"],"gold_per_floor":[115,134,151,151,76,110,110,110,160,180,207,207,223,243,243,348,348,359,340,255,69,69,82,82,110,110,110],"floor_reached":27,"campfire_rested":3,"playtime":1819,"current_hp_per_floor":[62,53,52,52,52,29,46,67,67,66,54,47,43,33,54,3,70,55,22,22,22,22,6,27,4,4,0],"items_purged":["Defend_G"],"gold":110,"score":267,"play_id":"716bf8fb-716b-473c-9fa3-125d3eac2764","local_time":"20180323141346","is_prod":false,"is_daily":false,"is_ascension_mode":true,"campfire_upgraded":0,"timestamp":1521828826,"path_taken":["M","M","M","?","$","E","?","R","T","?","E","?","M","M","R","BOSS","M","M","?","$","?","M","R","E","T","?"],"build_version":"2018-03-22","purchased_purges":1,"victory":false,"master_deck":["Defend_G","Defend_G","Defend_G","Strike_G","Strike_G","Strike_G","Survivor","Neutralize","Skewer","Outmaneuver","Doppelganger","PiercingWail","Masterful Stab","Prepared","Bouncing Flask","Crippling Poison","Envenom","Slice","Crippling Poison","Bane","Quick Slash","PiercingWail","Escape Plan+1","Deadly Poison","Backstab","Dagger Spray+1","Footwork"],"max_hp_per_floor":[70,70,70,70,70,70,70,70,70,70,70,70,70,70,70,70,70,70,70,70,70,70,70,70,70,70,70],"relics":["Ring of the Snake","Omamori","Bag of Marbles","Snake Skull","Orrery","Gambling Chip","Blood Vial","Lantern","Ginger"],"card_choices":[{"not_picked":["Acrobatics","Dagger Spray"],"picked":"Skewer","floor":1},{"not_picked":["Backflip","Flying Knee"],"picked":"Outmaneuver","floor":2},{"not_picked":["Catalyst","Quick Slash"],"picked":"Doppelganger","floor":3},{"not_picked":["Catalyst","Acrobatics"],"picked":"PiercingWail","floor":6},{"not_picked":["Deadly Poison","Backflip"],"picked":"Masterful Stab","floor":10},{"not_picked":["Night Terror","Cloak And Dagger"],"picked":"Prepared","floor":11},{"not_picked":["Underhanded Strike","Backflip"],"picked":"Bouncing Flask","floor":13},{"not_picked":["Dagger Spray","Blur"],"picked":"Crippling Poison","floor":14},{"not_picked":["Wraith Form","Night Terror"],"picked":"Envenom","floor":16},{"not_picked":["Backflip","Sucker Punch"],"picked":"Slice","floor":17},{"not_picked":["Dodge and Roll","Underhanded Strike"],"picked":"Crippling Poison","floor":17},{"not_picked":["Deadly Poison","Storm of Steel"],"picked":"Bane","floor":17},{"not_picked":["Underhanded Strike","Dagger Spray"],"picked":"Quick Slash","floor":17},{"not_picked":["Sucker Punch","Dagger Throw"],"picked":"PiercingWail","floor":17},{"not_picked":["Dagger Spray","Backflip"],"picked":"Escape Plan","floor":18},{"not_picked":["Dagger Throw","Dodge and Roll"],"picked":"Deadly Poison","floor":19},{"not_picked":["Flying Knee","Malaise"],"picked":"Dagger Spray","floor":23},{"not_picked":["Acrobatics","Backstab"],"picked":"Footwork","floor":25}],"player_experience":77270,"potions_floor_usage":[6,11,16,25,27],"damage_taken":[{"damage":8,"enemies":"Cultist","floor":1,"turns":6},{"damage":9,"enemies":"Small Slimes","floor":2,"turns":4},{"damage":1,"enemies":"Jaw Worm","floor":3,"turns":5},{"damage":23,"enemies":"3 Sentries","floor":6,"turns":8},{"damage":1,"enemies":"Blue Slaver","floor":10,"turns":3},{"damage":12,"enemies":"Lagavulin","floor":11,"turns":6},{"damage":4,"enemies":"3 Louse","floor":13,"turns":4},{"damage":10,"enemies":"2 Fungi Beasts","floor":14,"turns":4},{"damage":51,"enemies":"Slime Boss","floor":16,"turns":12},{"damage":15,"enemies":"Chosen","floor":18,"turns":4},{"damage":33,"enemies":"2 Thieves","floor":19,"turns":4},{"damage":18,"enemies":"3 Cultists","floor":23,"turns":5},{"damage":25,"enemies":"Slavers","floor":25,"turns":5},{"damage":8,"enemies":"Slaver and Parasite","floor":27,"turns":2}],"event_choices":[{"event_name":"Living Wall","player_choice":"Forget","floor":4,"damage_taken":0},{"event_name":"Mushrooms","player_choice":"Healed and dodged fight","floor":7,"damage_taken":0},{"event_name":"Golden Wing","player_choice":"Card Removal","floor":12,"damage_taken":0},{"event_name":"Addict","player_choice":"Obtained Relic","floor":20,"damage_taken":0},{"event_name":"Drug Dealer","player_choice":"Ignored","floor":22,"damage_taken":0}],"boss_relics":[{"not_picked":["Lizard Tail","Calling Bell"],"picked":"Orrery"}],"potions_floor_spawned":[2,10,14,18,25],"seed_played":"-760596604665546484","killed_by":"Slaver and Parasite","ascension_level":2,"is_trial":false}