{"path_per_floor":["M","?","$","?","?","R","E","R","T","M","?","R","M","M","R","B",null,"M","$","?","M","M","R","M","M","T","R"],"character_chosen":"IRONCLAD","items_purchased":[],"gold_per_floor":[109,109,34,34,34,34,60,60,60,74,74,74,89,108,108,205,205,217,117,117,128,139,139,155,169,196,196,196],"floor_reached":28,"campfire_rested":1,"playtime":2716,"current_hp_per_floor":[46,46,46,46,46,70,57,57,57,62,62,62,64,70,70,45,80,80,80,80,66,53,53,46,45,45,45,0],"items_purged":["Defend_R","Defend_R"],"gold":196,"score":240,"play_id":"a620c748-16f3-46b3-9f35-92381885c123","local_time":"20180328131358","is_prod":false,"is_daily":false,"is_ascension_mode":true,"campfire_upgraded":2,"timestamp":1522257238,"path_taken":["M","?","$","?","?","R","E","R","T","M","?","R","M","M","R","BOSS","M","$","?","M","M","R","M","?","T","R","E"],"build_version":"2018-03-22v2","purchased_purges":3,"victory":false,"master_deck":["Strike_R","Strike_R","Strike_R","Defend_R","Defend_R","Bash","Shrug It Off","Pommel Strike+1","Rampage+1","Cleave","Shrug It Off","Offering","Finesse","Battle Trance","Perfected Strike"],"max_hp_per_floor":[80,80,80,80,80,80,80,80,80,80,80,80,80,80,80,80,80,80,80,80,80,80,80,80,80,80,80,80],"relics":["Burning Blood","Sundial","Oddly Smooth Stone","Girya","Black Star","Blood Vial"],"card_choices":[{"not_picked":["Dark Embrace","Armaments"],"picked":"Shrug It Off","floor":1},{"not_picked":["Flex","Impervious"],"picked":"Pommel Strike","floor":7},{"not_picked":["Armaments","Heavy Blade"],"picked":"Rampage","floor":10},{"not_picked":["Burning Pact","Carnage"],"picked":"Shrug It Off","floor":14},{"not_picked":["Immolate","Feed"],"picked":"Offering","floor":16},{"not_picked":["Burning Pact","Bloodletting"],"picked":"Battle Trance","floor":21},{"not_picked":["Wild Strike","Iron Wave"],"picked":"Perfected Strike","floor":25}],"player_experience":148717,"potions_floor_usage":[18,24,24],"damage_taken":[{"damage":0,"enemies":"2 Louse","floor":1,"turns":3},{"damage":19,"enemies":"3 Sentries","floor":7,"turns":11},{"damage":1,"enemies":"Cultist","floor":10,"turns":4},{"damage":4,"enemies":"Small Slimes","floor":13,"turns":4},{"damage":0,"enemies":"2 Fungi Beasts","floor":14,"turns":2},{"damage":31,"enemies":"The Guardian","floor":16,"turns":11},{"damage":4,"enemies":"Chosen","floor":18,"turns":4},{"damage":20,"enemies":"Shell Parasite","floor":21,"turns":4},{"damage":19,"enemies":"Snake Plant","floor":22,"turns":4},{"damage":13,"enemies":"Slaver and Parasite","floor":24,"turns":4},{"damage":7,"enemies":"Centurion and Healer","floor":25,"turns":4},{"damage":55,"enemies":"Slavers","floor":28,"turns":3}],"event_choices":[{"event_name":"Purifier","player_choice":"One Purge","floor":2,"damage_taken":0},{"event_name":"Living Wall","player_choice":"Forget","floor":4,"damage_taken":0},{"event_name":"Liars Game","player_choice":"disagreed","floor":5,"damage_taken":0},{"event_name":"Match and Keep!","player_choice":"1 cards matched","floor":11,"damage_taken":0},{"event_name":"Match and Keep!","player_choice":"1 cards matched","floor":20,"damage_taken":0}],"boss_relics":[{"not_picked":["Orrery","White Beast Statue"],"picked":"Black Star"}],"potions_floor_spawned":[10,14,22],"seed_played":"4279710011414355908","killed_by":"Slavers","ascension_level":2,"is_trial":false}