{"path_per_floor":["M","?","M","$","?","R","E","R","T","$","M","M","M","$","R","B",null,"M","M","$","?","M","R","E","$","T","R","M"],"character_chosen":"IRONCLAD","items_purchased":["Flame Barrier"],"gold_per_floor":[114,114,127,52,52,52,88,88,114,14,27,43,64,64,64,184,184,200,219,146,71,92,92,132,7,34,34,55,55],"floor_reached":29,"campfire_rested":2,"playtime":1521,"current_hp_per_floor":[68,68,72,72,72,72,45,67,67,67,67,69,70,70,70,48,74,74,71,71,71,55,55,22,22,22,46,37,0],"items_purged":["Pain","Strike_R","Perfected Strike"],"gold":55,"score":292,"play_id":"12a85cd9-82e4-40c9-a21f-adddea198c88","local_time":"20180408214134","is_prod":false,"is_daily":false,"is_ascension_mode":true,"campfire_upgraded":3,"timestamp":1523238094,"path_taken":["M","?","?","$","?","R","E","R","T","$","M","M","M","$","R","BOSS","M","M","$","?","M","R","E","$","T","R","M","M"],"build_version":"2018-04-05v2","purchased_purges":3,"victory":false,"master_deck":["Bash","Barricade+1","Rampage+1","Ghostly Armor","Clash","Headbutt","Havoc","Thunderclap","Seeing Red+1","Cleave","Anger","Flame Barrier","Armaments","Flame Barrier","Iron Wave+1","Warcry","Burning Pact"],"max_hp_per_floor":[80,80,80,80,74,74,74,74,74,74,74,74,74,74,74,74,74,74,74,74,74,74,74,81,81,81,81,81,81],"relics":["Burning Blood","Golden Idol","Bottled Lightning","Art of War","Pandora\u0027s Box","Strawberry","Dream Catcher"],"card_choices":[{"not_picked":["Fiend Fire","Double Tap"],"picked":"Barricade","floor":0},{"not_picked":["Reckless Charge","Blood for Blood"],"picked":"Rampage","floor":1},{"not_picked":["Perfected Strike","Inflame"],"picked":"Ghostly Armor","floor":12},{"not_picked":["Intimidate","Second Wind"],"picked":"Clash","floor":13},{"not_picked":["Spot Weakness","Power Through"],"picked":"Flame Barrier","floor":18},{"not_picked":["Heavy Blade","Shockwave"],"picked":"Armaments","floor":19},{"not_picked":["Flame Barrier","Pommel Strike"],"picked":"Iron Wave","floor":22},{"not_picked":["Pommel Strike","Havoc"],"picked":"Warcry","floor":24},{"not_picked":["Combust","Perfected Strike"],"picked":"Burning Pact","floor":28}],"player_experience":197814,"potions_floor_usage":[7,7,22,22,24,24],"damage_taken":[{"damage":18,"enemies":"Jaw Worm","floor":1,"turns":4},{"damage":2,"enemies":"Small Slimes","floor":3,"turns":4},{"damage":33,"enemies":"Lagavulin","floor":7,"turns":6},{"damage":6,"enemies":"Cultist","floor":11,"turns":4},{"damage":4,"enemies":"Red Slaver","floor":12,"turns":5},{"damage":5,"enemies":"3 Louse","floor":13,"turns":7},{"damage":28,"enemies":"The Guardian","floor":16,"turns":11},{"damage":1,"enemies":"Spheric Guardian","floor":18,"turns":3},{"damage":9,"enemies":"3 Byrds","floor":19,"turns":5},{"damage":22,"enemies":"Centurion and Healer","floor":22,"turns":5},{"damage":46,"enemies":"Gremlin Leader","floor":24,"turns":10},{"damage":15,"enemies":"Snake Plant","floor":28,"turns":6},{"damage":37,"enemies":"Cultist and Chosen","floor":29,"turns":8}],"event_choices":[{"event_name":"Liars Game","player_choice":"disagreed","floor":2,"damage_taken":0},{"event_name":"Golden Idol","player_choice":"Lose Max HP","floor":5,"damage_taken":0},{"event_name":"Beggar","player_choice":"Gave Gold","floor":21,"damage_taken":0}],"boss_relics":[{"not_picked":["Runic Dome","Orrery"],"picked":"Pandora\u0027s Box"}],"potions_floor_spawned":[1,3,12,16,18,22],"seed_played":"7072117609903214125","killed_by":"Cultist and Chosen","ascension_level":4,"is_trial":false}