{"gold_per_floor":[15,25,25,42,58,58,93,93,93,111,123,48,82,82,82,159,159,176,66,78,78,96,96,96,96,96,113,113,144,156],"floor_reached":30,"playtime":1268,"items_purged":["Strike_R"],"score":494,"play_id":"596a5ce8-d591-487b-8035-92ae5267ecea","local_time":"20190530101805","is_ascension_mode":true,"campfire_choices":[{"data":"Armaments","floor":6,"key":"SMITH"},{"floor":8,"key":"REST"},{"data":"Bash","floor":15,"key":"SMITH"},{"floor":23,"key":"REST"},{"floor":25,"key":"REST"}],"neow_cost":"NO_GOLD","seed_source_timestamp":913580036222767,"circlet_count":0,"master_deck":["AscendersBane","Strike_R","Strike_R","Defend_R","Defend_R","Defend_R","Defend_R","Bash+1","Dropkick","Flex","Thunderclap","Armaments+1","Whirlwind","Feed","Twin Strike","Impervious+1","Iron Wave+1","Armaments+1"],"relics":["Burning Blood","Ice Cream","Paper Frog","Matryoshka","Shuriken","Busted Crown","Molten Egg 2","Toxic Egg 2","MawBank"],"potions_floor_usage":[13,13,22,29],"damage_taken":[{"damage":8,"enemies":"Small Slimes","floor":1,"turns":5},{"damage":1,"enemies":"Cultist","floor":2,"turns":3},{"damage":2,"enemies":"2 Louse","floor":4,"turns":3},{"damage":16,"enemies":"Blue Slaver","floor":5,"turns":3},{"damage":43,"enemies":"Gremlin Nob","floor":7,"turns":4},{"damage":27,"enemies":"Exordium Thugs","floor":10,"turns":5},{"damage":0,"enemies":"Large Slime","floor":11,"turns":3},{"damage":10,"enemies":"3 Sentries","floor":13,"turns":5},{"damage":30,"enemies":"Hexaghost","floor":16,"turns":9},{"damage":27,"enemies":"Spheric Guardian","floor":18,"turns":7},{"damage":16,"enemies":"Shell Parasite","floor":20,"turns":4},{"damage":29,"enemies":"Shelled Parasite and Fungi","floor":22,"turns":8},{"damage":18,"enemies":"Cultist and Chosen","floor":27,"turns":4},{"damage":59,"enemies":"Book of Stabbing","floor":29,"turns":6},{"damage":26,"enemies":"Sentry and Sphere","floor":30,"turns":7}],"seed_played":"6911743805866041144","potions_obtained":[{"floor":7,"key":"SpeedPotion"},{"floor":10,"key":"SteroidPotion"},{"floor":11,"key":"BloodPotion"},{"floor":20,"key":"Block Potion"},{"floor":27,"key":"Weak Potion"},{"floor":29,"key":"Poison Potion"}],"is_trial":false,"path_per_floor":["M","M","?","M","M","R","E","R","T","M","M","$","E","?","R","B",null,"M","?","M","$","M","R","?","R","T","M","?","E","M"],"character_chosen":"IRONCLAD","items_purchased":[],"campfire_rested":3,"item_purchase_floors":[],"current_hp_per_floor":[66,71,71,75,65,65,28,50,50,29,35,35,41,41,41,17,63,42,42,36,36,16,41,41,66,66,54,71,18,0],"gold":156,"neow_bonus":"ONE_RARE_RELIC","is_prod":false,"is_daily":false,"chose_seed":false,"campfire_upgraded":2,"win_rate":0,"timestamp":1559225885,"path_taken":["M","M","?","M","M","R","E","R","T","M","M","?","E","?","R","BOSS","M","?","M","?","M","R","?","R","T","M","?","E","M"],"build_version":"2019-01-23","purchased_purges":1,"victory":false,"max_hp_per_floor":[75,75,75,75,75,75,75,75,75,75,75,75,78,78,78,78,78,78,78,82,82,85,85,85,85,85,85,85,85,85],"card_choices":[{"not_picked":["Warcry","Thunderclap"],"picked":"Dropkick","floor":1},{"not_picked":["Armaments","Sword Boomerang"],"picked":"Flex","floor":2},{"not_picked":["Metallicize","Bloodletting"],"picked":"Thunderclap","floor":4},{"not_picked":["Searing Blow","Thunderclap"],"picked":"Armaments","floor":5},{"not_picked":["Carnage","Armaments","Power Through"],"picked":"SKIP","floor":7},{"not_picked":["Headbutt","Carnage"],"picked":"Whirlwind","floor":10},{"not_picked":["Searing Blow","Cleave"],"picked":"Feed","floor":11},{"not_picked":["Bludgeon","Second Wind"],"picked":"Twin Strike","floor":13},{"not_picked":["Bludgeon","Limit Break"],"picked":"Impervious","floor":16},{"not_picked":["Clothesline"],"picked":"SKIP","floor":18},{"not_picked":["Feel No Pain"],"picked":"SKIP","floor":20},{"not_picked":["Clothesline"],"picked":"SKIP","floor":22},{"not_picked":[],"picked":"Iron Wave+1","floor":27},{"not_picked":[],"picked":"Armaments+1","floor":29}],"player_experience":1582425,"relics_obtained":[{"floor":7,"key":"Paper Frog"},{"floor":9,"key":"Matryoshka"},{"floor":13,"key":"Shuriken"},{"floor":26,"key":"Molten Egg 2"},{"floor":26,"key":"Toxic Egg 2"},{"floor":29,"key":"MawBank"}],"event_choices":[{"cards_removed":["Strike_R"],"damage_healed":0,"gold_gain":0,"player_choice":"Offered Basic","damage_taken":0,"max_hp_gain":0,"max_hp_loss":0,"event_name":"Bonfire Elementals","floor":3,"gold_loss":0},{"damage_healed":0,"gold_gain":0,"player_choice":"Ignored","damage_taken":0,"max_hp_gain":0,"max_hp_loss":0,"event_name":"Shining Light","floor":14,"gold_loss":0},{"cards_removed":["Strike_R"],"damage_healed":0,"gold_gain":0,"player_choice":"Upgrade and Remove","damage_taken":0,"max_hp_gain":0,"max_hp_loss":0,"event_name":"Designer","floor":19,"gold_loss":110,"cards_upgraded":["Impervious"]},{"damage_healed":0,"gold_gain":0,"player_choice":"Ignored","damage_taken":0,"max_hp_gain":0,"max_hp_loss":0,"event_name":"The Mausoleum","floor":24,"gold_loss":0},{"damage_healed":17,"gold_gain":0,"player_choice":"Heal","damage_taken":0,"max_hp_gain":0,"max_hp_loss":0,"event_name":"The Library","floor":28,"gold_loss":0}],"is_beta":false,"boss_relics":[{"not_picked":["Lizard Tail","Astrolabe"],"picked":"Busted Crown"}],"items_purged_floors":[12],"is_endless":false,"potions_floor_spawned":[7,10,11,20,27,29],"killed_by":"Sentry and Sphere","ascension_level":18}