{"gold_per_floor":[115,126,33,7,19,53,53,70,119,119,119,138,118,135,135,236,236,252,265,72,72],"floor_reached":21,"playtime":864,"items_purged":["Defend_P"],"score":199,"play_id":"b772adc5-6587-4245-8b87-86b488aa8112","local_time":"20190911232801","is_ascension_mode":true,"campfire_choices":[{"data":"CutThroughFate","floor":7,"key":"SMITH"},{"data":"JustLucky","floor":11,"key":"SMITH"},{"data":"TalkToTheHand","floor":15,"key":"SMITH"}],"neow_cost":"NONE","seed_source_timestamp":46717735863967,"circlet_count":0,"master_deck":["Strike_P","Strike_P","Strike_P","Strike_P","Defend_P","Defend_P","Defend_P","Eruption+1","Vigilance","Sanctity","CutThroughFate+1","TalkToTheHand+1","Crescendo","FlyingSleeves+1","JustLucky+1","Collect","FearNoEvil","Protect","FlyingSleeves","Unraveling","CrushJoints+1","MentalFortress+1","Devotion"],"relics":["PureWater","Eternal Feather","Strawberry","VioletLotus"],"potions_floor_usage":[6,16,16,16,21],"damage_taken":[{"damage":0,"enemies":"Cultist","floor":1,"turns":2},{"damage":2,"enemies":"Jaw Worm","floor":2,"turns":3},{"damage":0,"enemies":"Small Slimes","floor":5,"turns":2},{"damage":19,"enemies":"3 Sentries","floor":6,"turns":9},{"damage":0,"enemies":"Exordium Thugs","floor":8,"turns":3},{"damage":2,"enemies":"Blue Slaver","floor":12,"turns":2},{"damage":0,"enemies":"Exordium Wildlife","floor":14,"turns":2},{"damage":43,"enemies":"Hexaghost","floor":16,"turns":8},{"damage":27,"enemies":"3 Byrds","floor":18,"turns":5},{"damage":22,"enemies":"2 Thieves","floor":19,"turns":4},{"damage":43,"enemies":"Cultist and Chosen","floor":21,"turns":4}],"seed_played":"4988044783492043790","potions_obtained":[{"floor":1,"key":"Swift Potion"},{"floor":5,"key":"StancePotion"},{"floor":8,"key":"PowerPotion"},{"floor":13,"key":"Block Potion"}],"is_trial":false,"path_per_floor":["M","M","$","$","M","E","R","M","T","?","R","M","?","M","R","B",null,"M","M","$","M"],"character_chosen":"WATCHER","items_purchased":["TalkToTheHand","Crescendo","FlyingSleeves","Devotion","SkillPotion"],"campfire_rested":0,"item_purchase_floors":[3,3,4,20,20],"current_hp_per_floor":[65,63,63,63,63,44,53,53,60,60,69,67,67,67,72,29,72,45,23,23,0],"gold":72,"neow_bonus":"UPGRADE_CARD","is_prod":false,"is_daily":false,"chose_seed":false,"campfire_upgraded":3,"win_rate":0,"timestamp":1568208481,"path_taken":["M","M","?","$","?","E","R","M","T","?","R","M","?","M","R","BOSS","M","M","$","M"],"build_version":"2019-09-10","purchased_purges":1,"victory":false,"max_hp_per_floor":[65,65,65,65,65,65,65,65,72,72,72,72,72,72,72,72,72,72,72,72,72],"card_choices":[{"not_picked":["Wireheading","Consecrate"],"picked":"Sanctity","floor":1},{"not_picked":["ClearTheMind","MentalFortress"],"picked":"CutThroughFate","floor":2},{"not_picked":["Blasphemy","Halt"],"picked":"JustLucky","floor":5},{"not_picked":["ClearTheMind","JustLucky"],"picked":"Collect","floor":6},{"not_picked":["Evaluate","Consecrate"],"picked":"FearNoEvil","floor":8},{"not_picked":["Sanctity","Scrawl"],"picked":"Protect","floor":12},{"not_picked":["Tantrum","JustLucky"],"picked":"FlyingSleeves","floor":14},{"not_picked":["Blasphemy","Judgement"],"picked":"Unraveling","floor":16},{"not_picked":["CutThroughFate","ThirdEye+1"],"picked":"CrushJoints+1","floor":18},{"not_picked":["TalkToTheHand","Tantrum"],"picked":"MentalFortress+1","floor":19}],"player_experience":1306787,"relics_obtained":[{"floor":6,"key":"Eternal Feather"},{"floor":9,"key":"Strawberry"}],"event_choices":[{"damage_healed":0,"gold_gain":0,"player_choice":"Grow","damage_taken":0,"max_hp_gain":0,"max_hp_loss":0,"event_name":"Living Wall","floor":10,"gold_loss":0,"cards_upgraded":["FlyingSleeves"]},{"damage_healed":0,"gold_gain":0,"player_choice":"Bought 1 Potion","damage_taken":0,"max_hp_gain":0,"max_hp_loss":0,"event_name":"The Woman in Blue","floor":13,"gold_loss":0}],"is_beta":true,"boss_relics":[{"not_picked":["SacredBark","Astrolabe"],"picked":"VioletLotus"}],"items_purged_floors":[20],"is_endless":false,"potions_floor_spawned":[1,5,8],"killed_by":"Cultist and Chosen","ascension_level":2}