{"gold_per_floor":[12,0,15,31,206,206,131,131,156,188,202,213,230,7,7,7],"floor_reached":16,"playtime":804,"items_purged":["Doubt","Strike_G"],"score":163,"play_id":"422f9036-9685-4347-aa22-10618680c240","local_time":"20181209220911","is_ascension_mode":true,"campfire_choices":[{"floor":6,"key":"RECALL"},{"data":"Leg Sweep","floor":8,"key":"SMITH"},{"floor":15,"key":"REST"}],"neow_cost":"NO_GOLD","seed_source_timestamp":506944763119669,"circlet_count":0,"master_deck":["AscendersBane","Defend_G","Defend_G","Defend_G","Defend_G","Defend_G","Strike_G","Strike_G","Strike_G","Strike_G","Survivor","Neutralize","Bullet Time","Terror","Leg Sweep+1","Predator","Bouncing Flask"],"relics":["Ring of the Snake","Bronze Scales"],"potions_floor_usage":[10,11,16],"damage_taken":[{"damage":0,"enemies":"Cultist","floor":1,"turns":5},{"damage":0,"enemies":"Small Slimes","floor":3,"turns":5},{"damage":5,"enemies":"Jaw Worm","floor":4,"turns":5},{"damage":39,"enemies":"Lagavulin","floor":10,"turns":14},{"damage":1,"enemies":"Large Slime","floor":11,"turns":9},{"damage":0,"enemies":"2 Fungi Beasts","floor":12,"turns":4},{"damage":1,"enemies":"Looter","floor":13,"turns":3},{"damage":40,"enemies":"Slime Boss","floor":16,"turns":12}],"seed_played":"-4076488936005777538","potions_obtained":[{"floor":1,"key":"Fire Potion"},{"floor":3,"key":"FearPotion"}],"is_trial":false,"path_per_floor":["M","?","M","M","?","R","$","R","T","E","M","M","M","$","R","B"],"character_chosen":"THE_SILENT","items_purchased":["Bouncing Flask","PowerPotion"],"campfire_rested":1,"item_purchase_floors":[14,14],"current_hp_per_floor":[63,63,63,58,58,58,58,58,58,19,18,18,17,17,38,0],"gold":7,"neow_bonus":"THREE_RARE_CARDS","is_prod":false,"is_daily":false,"chose_seed":false,"campfire_upgraded":1,"win_rate":0,"timestamp":1544411351,"path_taken":["M","?","M","M","?","R","$","R","T","E","M","M","M","?","R","BOSS"],"build_version":"2018-12-06","purchased_purges":2,"victory":false,"max_hp_per_floor":[70,70,70,70,70,70,70,70,70,70,70,70,70,70,70,70],"card_choices":[{"not_picked":["Tools of the Trade","Envenom"],"picked":"Bullet Time","floor":0},{"not_picked":["Skewer","Bane"],"picked":"Terror","floor":1},{"not_picked":["Backflip","Masterful Stab"],"picked":"Leg Sweep","floor":3},{"not_picked":["Cloak And Dagger","Caltrops","Slice"],"picked":"SKIP","floor":4},{"not_picked":["All Out Attack","Distraction","Flying Knee"],"picked":"SKIP","floor":10},{"not_picked":["Well Laid Plans","Eviscerate","Infinite Blades"],"picked":"SKIP","floor":11},{"not_picked":["Underhanded Strike","Wraith Form v2"],"picked":"Predator","floor":12},{"not_picked":["Slice","Dagger Throw","Deflect"],"picked":"SKIP","floor":13}],"player_experience":847518,"relics_obtained":[{"floor":10,"key":"Bronze Scales"}],"event_choices":[{"damage_healed":0,"gold_gain":0,"player_choice":"Left Gold","damage_taken":0,"max_hp_gain":0,"max_hp_loss":0,"event_name":"World of Goop","floor":2,"gold_loss":12},{"damage_healed":0,"gold_gain":175,"player_choice":"AGREE","damage_taken":0,"max_hp_gain":0,"max_hp_loss":0,"event_name":"Liars Game","floor":5,"gold_loss":0,"cards_obtained":["Doubt"]}],"is_beta":false,"boss_relics":[],"items_purged_floors":[7,14],"is_endless":false,"potions_floor_spawned":[1,3],"killed_by":"Slime Boss","ascension_level":12}