{"gold_per_floor":[115,132,132,97,116,116,116,116,139,168,168,193,213,6,6,101,101,115,165,90,103,124,124,39,77,77,112,125,125,125,25,25,25],"floor_reached":33,"playtime":1855,"items_purged":["Injury","Strike_G"],"score":522,"play_id":"c95de332-8737-449c-991a-fe7c33984983","local_time":"20190429141258","is_ascension_mode":true,"campfire_choices":[{"data":"Underhanded Strike","floor":6.0,"key":"SMITH"},{"data":"Neutralize","floor":8.0,"key":"SMITH"},{"floor":15,"key":"REST"},{"floor":23,"key":"REST"},{"data":"Noxious Fumes","floor":29,"key":"SMITH"},{"floor":32,"key":"REST"}],"neow_cost":"NONE","seed_source_timestamp":444728191822503,"circlet_count":0,"master_deck":["AscendersBane","Defend_G+1","Defend_G","Defend_G","Defend_G","Defend_G","Strike_G+1","Strike_G","Survivor","Neutralize+1","Underhanded Strike+1","Reflex","Well Laid Plans","Poisoned Stab","Dash","Noxious Fumes+1","Jack Of All Trades","Adrenaline","Crippling Poison+1","PiercingWail","Backflip","Deflect+1","Adrenaline"],"special_seed":0,"relics":["Ring of the Snake","Juzu Bracelet","Oddly Smooth Stone","Golden Idol","Snake Skull","White Beast Statue","Pen Nib","Red Mask","Paper Crane","Happy Flower"],"potions_floor_usage":[16,18,25,27,28,33,33],"damage_taken":[{"damage":0.0,"enemies":"2 Louse","floor":1.0,"turns":3.0},{"damage":13.0,"enemies":"Small Slimes","floor":2.0,"turns":7.0},{"damage":0.0,"enemies":"Cultist","floor":5.0,"turns":4.0},{"damage":30.0,"enemies":"Lagavulin","floor":10.0,"turns":9.0},{"damage":3.0,"enemies":"Exordium Thugs","floor":13.0,"turns":5.0},{"damage":5,"enemies":"The Guardian","floor":16,"turns":11},{"damage":27,"enemies":"3 Byrds","floor":18,"turns":6},{"damage":13,"enemies":"Shell Parasite","floor":21,"turns":6},{"damage":0,"enemies":"Snecko","floor":22,"turns":5},{"damage":8,"enemies":"Masked Bandits","floor":25,"turns":3},{"damage":7,"enemies":"Slavers","floor":27,"turns":6},{"damage":0,"enemies":"Snake Plant","floor":28,"turns":4},{"damage":54,"enemies":"Champ","floor":33,"turns":14}],"seed_played":"4603914339052315048","potions_obtained":[{"floor":5.0,"key":"Explosive Potion"},{"floor":10.0,"key":"SpeedPotion"},{"floor":18,"key":"Ancient Potion"},{"floor":21,"key":"SmokeBomb"},{"floor":22,"key":"FearPotion"},{"floor":25,"key":"GamblersBrew"},{"floor":27,"key":"LiquidBronze"},{"floor":28,"key":"Poison Potion"}],"is_trial":false,"path_per_floor":["M","M","?","?","M","R","?","R","T","E","?","T","M","$","R","B",null,"M","?","?","M","M","R","?","?","T","E","M","R","T","$","R","B"],"character_chosen":"THE_SILENT","items_purchased":["Noxious Fumes","Jack Of All Trades"],"campfire_rested":3,"item_purchase_floors":[14,14],"current_hp_per_floor":[59,46,26,42,42,42,42,42,42,12,12,12,9,9,28,23,55,28,28,28,15,15,34,34,26,26,19,19,19,19,19,38,0],"gold":25,"neow_bonus":"TRANSFORM_CARD","is_prod":false,"is_daily":false,"chose_seed":false,"campfire_upgraded":3,"win_rate":0,"timestamp":1556561578,"path_taken":["M","M","?","?","M","R","?","R","T","E","?","?","M","$","R","BOSS","M","?","?","M","M","R","?","?","T","E","M","R","?","$","R","BOSS"],"build_version":"2019-01-23","purchased_purges":2,"victory":false,"max_hp_per_floor":[66,66,66,66,66,66,66,66,66,66,66,66,66,66,66,66,66,66,66,66,66,66,66,66,66,66,66,66,66,66,66,66,66],"card_choices":[{"not_picked":["Bane","Tactician"],"picked":"Reflex","floor":1.0},{"not_picked":["Deflect","Outmaneuver"],"picked":"Well Laid Plans","floor":2.0},{"not_picked":["Distraction","Deadly Poison"],"picked":"Poisoned Stab","floor":5.0},{"not_picked":["Doppelganger","Calculated Gamble"],"picked":"Dash","floor":10.0},{"not_picked":["Riddle With Holes","Blade Dance","Masterful Stab"],"picked":"SKIP","floor":13.0},{"not_picked":["Doppelganger","Night Terror"],"picked":"Adrenaline","floor":16},{"not_picked":["Bane","Dagger Spray"],"picked":"Crippling Poison+1","floor":18},{"not_picked":["Acrobatics","Calculated Gamble+1"],"picked":"PiercingWail","floor":21},{"not_picked":["Bane","Masterful Stab"],"picked":"Backflip","floor":22},{"not_picked":["Dagger Throw","Terror"],"picked":"Deflect+1","floor":27},{"not_picked":["Outmaneuver","PiercingWail"],"picked":"Adrenaline","floor":28}],"player_experience":1320602,"relics_obtained":[{"floor":9.0,"key":"Juzu Bracelet"},{"floor":10.0,"key":"Oddly Smooth Stone"},{"floor":12.0,"key":"Snake Skull"},{"floor":25,"key":"Red Mask"},{"floor":26,"key":"Paper Crane"},{"floor":27,"key":"Happy Flower"}],"event_choices":[{"damage_healed":0.0,"max_hp_gain":0.0,"max_hp_loss":0.0,"gold_gain":0.0,"event_name":"Shining Light","player_choice":"Entered Light","floor":3.0,"gold_loss":0.0,"damage_taken":20.0,"cards_upgraded":["Strike_G","Defend_G"]},{"damage_healed":16.0,"max_hp_gain":0.0,"max_hp_loss":0.0,"gold_gain":0.0,"event_name":"The Cleric","player_choice":"Healed","floor":4.0,"gold_loss":35.0,"damage_taken":0.0},{"damage_healed":0.0,"max_hp_gain":0.0,"max_hp_loss":0.0,"gold_gain":0.0,"event_name":"Liars Game","player_choice":"Ignored","floor":7.0,"gold_loss":0.0,"damage_taken":0.0},{"damage_healed":0.0,"max_hp_gain":0.0,"max_hp_loss":0.0,"gold_gain":0.0,"event_name":"Golden Idol","player_choice":"Take Wound","floor":11.0,"gold_loss":0.0,"damage_taken":0.0,"relics_obtained":["Golden Idol"],"cards_obtained":["Injury"]},{"damage_healed":0,"gold_gain":50,"player_choice":"Pray","damage_taken":0,"max_hp_gain":0,"max_hp_loss":0,"event_name":"Golden Shrine","floor":19,"gold_loss":0},{"cards_removed":["Strike_G"],"damage_healed":0,"gold_gain":0,"player_choice":"Gave Gold","damage_taken":0,"max_hp_gain":0,"max_hp_loss":0,"event_name":"Beggar","floor":20,"gold_loss":75},{"damage_healed":0,"gold_gain":0,"player_choice":"Obtained Relic","damage_taken":0,"relics_obtained":["Pen Nib"],"max_hp_gain":0,"max_hp_loss":0,"event_name":"Addict","floor":24,"gold_loss":85},{"damage_healed":0,"gold_gain":0,"player_choice":"Fought Bandits","damage_taken":0,"max_hp_gain":0,"max_hp_loss":0,"event_name":"Masked Bandits","floor":25,"gold_loss":0}],"is_beta":false,"boss_relics":[{"not_picked":["Ectoplasm","Runic Dome"],"picked":"White Beast Statue"}],"items_purged_floors":[14,31],"is_endless":false,"potions_floor_spawned":[5,10,18,21,22,25,27,28],"killed_by":"Champ","ascension_level":20}