{"gold_per_floor":[109,126,138,157,172,172,186,186,186,198,198,198,198,231,231,329,329,353,8,8,8,8,8],"floor_reached":23,"playtime":3746,"items_purged":["Strike_B"],"score":382,"play_id":"80d920da-6291-47fa-ada5-114bd47efd8a","local_time":"20190803174711","is_ascension_mode":true,"campfire_choices":[{"floor":6.0,"key":"REST"},{"data":"White Noise","floor":8.0,"key":"SMITH"},{"floor":12.0,"key":"REST"},{"floor":15.0,"key":"REST"}],"neow_cost":"NONE","seed_source_timestamp":610035434129119,"circlet_count":0,"master_deck":["AscendersBane","Strike_B","Strike_B","Defend_B","Defend_B","Defend_B","Defend_B","Zap","Dualcast","Redo","White Noise+1","Go for the Eyes","Rebound","Barrage","FTL","Glacier","Lockon","Genetic Algorithm","All For One","Beam Cell","Shame"],"special_seed":0,"relics":["FrozenCore","The Courier","Oddly Smooth Stone","Bloody Idol","Ancient Tea Set","Membership Card","FossilizedHelix","Shuriken"],"potions_floor_usage":[],"damage_taken":[{"damage":1.0,"enemies":"Cultist","floor":1.0,"turns":3.0},{"damage":7.0,"enemies":"Small Slimes","floor":2.0,"turns":3.0},{"damage":0.0,"enemies":"2 Louse","floor":3.0,"turns":2.0},{"damage":7.0,"enemies":"Large Slime","floor":4.0,"turns":5.0},{"damage":42.0,"enemies":"Exordium Thugs","floor":5.0,"turns":6.0},{"damage":16.0,"enemies":"Blue Slaver","floor":7.0,"turns":3.0},{"damage":6.0,"enemies":"Exordium Wildlife","floor":10.0,"turns":7.0},{"damage":17.0,"enemies":"Lagavulin","floor":14.0,"turns":6.0},{"damage":10.0,"enemies":"Slime Boss","floor":16.0,"turns":6.0},{"damage":21,"enemies":"Shell Parasite","floor":18,"turns":10},{"damage":43,"enemies":"Slavers","floor":23,"turns":3}],"seed_played":"-5172212905378099437","potions_obtained":[{"floor":1.0,"key":"LiquidBronze"},{"floor":10.0,"key":"Explosive Potion"}],"is_trial":false,"path_per_floor":["M","M","M","M","M","R","M","R","T","M","?","R","?","E","R","B",null,"M","$","?","$","?","E"],"character_chosen":"DEFECT","items_purchased":["Membership Card","FossilizedHelix","Beam Cell"],"campfire_rested":3,"item_purchase_floors":[19,19,19],"current_hp_per_floor":[63,56,56,49,7,28,12,12,12,6,1,22,22,5,24,14,52,31,31,31,31,31,0],"gold":8,"neow_bonus":"TRANSFORM_CARD","is_prod":false,"is_daily":false,"chose_seed":false,"campfire_upgraded":1,"win_rate":0,"timestamp":1564868831,"path_taken":["M","M","M","?","M","R","M","R","T","M","?","R","?","E","R","BOSS","M","$","?","?","?","E"],"build_version":"2019-07-17","purchased_purges":1,"victory":false,"max_hp_per_floor":[71,71,71,71,71,71,71,71,71,71,71,71,64,64,64,64,64,64,64,64,64,64,64],"card_choices":[{"not_picked":["Steam","Turbo"],"picked":"White Noise","floor":1.0},{"not_picked":["Storm","Coolheaded"],"picked":"Go for the Eyes","floor":2.0},{"not_picked":["Leap","Beam Cell"],"picked":"Rebound","floor":3.0},{"not_picked":["Coolheaded","Steam"],"picked":"Barrage","floor":4.0},{"not_picked":["Meteor Strike","Conserve Battery"],"picked":"FTL","floor":5.0},{"not_picked":["Gash","Reinforced Body"],"picked":"Glacier","floor":7.0},{"not_picked":["Go for the Eyes","Hologram"],"picked":"Lockon","floor":10.0},{"not_picked":["Heatsinks","Storm"],"picked":"Genetic Algorithm","floor":14.0},{"not_picked":["Multi-Cast","Amplify"],"picked":"All For One","floor":16.0},{"not_picked":["Redo","Cold Snap+1","Sweeping Beam"],"picked":"SKIP","floor":18}],"player_experience":1690765,"relics_obtained":[{"floor":9.0,"key":"The Courier"},{"floor":14.0,"key":"Ancient Tea Set"}],"event_choices":[{"damage_healed":0.0,"max_hp_gain":0.0,"max_hp_loss":0.0,"gold_gain":0.0,"event_name":"Scrap Ooze","player_choice":"Success","floor":11.0,"gold_loss":0.0,"damage_taken":5.0,"relics_obtained":["Oddly Smooth Stone"]},{"damage_healed":0.0,"max_hp_gain":0.0,"max_hp_loss":7.0,"gold_gain":0.0,"event_name":"Golden Idol","player_choice":"Lose Max HP","floor":13.0,"gold_loss":0.0,"damage_taken":0.0,"relics_obtained":["Golden Idol"]},{"damage_healed":0,"gold_gain":0,"player_choice":"Gave Idol","damage_taken":0,"relics_obtained":["Bloody Idol"],"max_hp_gain":0,"max_hp_loss":0,"event_name":"Forgotten Altar","floor":20,"relics_lost":["Golden Idol"],"gold_loss":0},{"damage_healed":0,"gold_gain":0,"player_choice":"Stole Relic","damage_taken":0,"relics_obtained":["Shuriken"],"max_hp_gain":0,"max_hp_loss":0,"event_name":"Addict","floor":22,"gold_loss":0,"cards_obtained":["Shame"]}],"is_beta":false,"boss_relics":[{"not_picked":["Coffee Dripper","White Beast Statue"],"picked":"FrozenCore"}],"items_purged_floors":[19],"is_endless":false,"potions_floor_spawned":[1,10],"killed_by":"Slavers","ascension_level":20}