{"gold_per_floor":[110,123,17,31,106,106,140,140,214,224,224,189,219,237,237,335,335,354,354,364,374,385,385,397,397,397,397,413,423,338,366,378,390],"floor_reached":33,"playtime":1077,"items_purged":[],"score":405,"play_id":"ba98b30b-787d-429e-a879-41a24b723409","local_time":"20190618033219","is_ascension_mode":true,"campfire_choices":[{"data":"Streamline","floor":6,"key":"SMITH"},{"floor":8,"key":"REST"},{"floor":11,"key":"REST"},{"data":"Genetic Algorithm","floor":15,"key":"SMITH"},{"floor":23,"key":"REST"},{"floor":27,"key":"REST"},{"floor":32,"key":"REST"}],"neow_cost":"NONE","seed_source_timestamp":67094494339003,"circlet_count":0,"master_deck":["AscendersBane","Strike_B","Strike_B","Strike_B","Strike_B","Defend_B","Defend_B","Defend_B","Defend_B","Zap","Dualcast","Streamline+1","Cold Snap","Conserve Battery","Go for the Eyes","FTL","Hologram","Genetic Algorithm+1","Sunder","Sweeping Beam","Core Surge","Doom and Gloom","Stack+1","Turbo","Coolheaded","White Noise","Force Field","Compile Driver","Recycle+1"],"relics":["Cracked Core","NeowsBlessing","Centennial Puzzle","Dodecahedron","Strawberry","Nuclear Battery","Darkstone Periapt","MawBank"],"potions_floor_usage":[29,33],"damage_taken":[{"damage":0,"enemies":"Cultist","floor":1,"turns":1},{"damage":0,"enemies":"Small Slimes","floor":2,"turns":1},{"damage":0,"enemies":"Jaw Worm","floor":4,"turns":1},{"damage":28,"enemies":"3 Sentries","floor":7,"turns":7},{"damage":4,"enemies":"Looter","floor":10,"turns":2},{"damage":10,"enemies":"Lagavulin","floor":13,"turns":5},{"damage":1,"enemies":"Large Slime","floor":14,"turns":4},{"damage":46,"enemies":"The Guardian","floor":16,"turns":12},{"damage":22,"enemies":"2 Thieves","floor":18,"turns":3},{"damage":8,"enemies":"3 Byrds","floor":20,"turns":4},{"damage":26,"enemies":"Snake Plant","floor":21,"turns":4},{"damage":3,"enemies":"3 Cultists","floor":22,"turns":5},{"damage":17,"enemies":"Chosen and Byrds","floor":24,"turns":5},{"damage":15,"enemies":"Cultist and Chosen","floor":28,"turns":5},{"damage":0,"enemies":"Snake Plant","floor":29,"turns":4},{"damage":7,"enemies":"Centurion and Healer","floor":31,"turns":7},{"damage":76,"enemies":"Champ","floor":33,"turns":8}],"seed_played":"2828879563129125715","potions_obtained":[{"floor":4,"key":"Weak Potion"},{"floor":10,"key":"Swift Potion"},{"floor":24,"key":"PowerPotion"}],"is_trial":false,"path_per_floor":["M","M","$","M","?","R","E","R","T","M","R","?","E","M","R","B",null,"M","?","M","M","M","R","M","?","T","R","M","M","?","M","R","B"],"character_chosen":"DEFECT","items_purchased":["Conserve Battery","Go for the Eyes"],"campfire_rested":5,"item_purchase_floors":[3,3],"current_hp_per_floor":[68,68,68,68,57,57,29,51,51,47,69,75,72,71,71,25,68,46,73,65,39,36,60,43,27,27,53,38,38,38,31,57,0],"gold":390,"neow_bonus":"THREE_ENEMY_KILL","is_prod":false,"is_daily":false,"chose_seed":false,"campfire_upgraded":2,"win_rate":0,"timestamp":1560792739,"path_taken":["M","M","?","M","?","R","E","R","T","M","R","?","E","M","R","BOSS","M","?","M","M","M","R","M","?","T","R","M","M","?","M","R","BOSS"],"build_version":"2019-01-23","purchased_purges":0,"victory":false,"max_hp_per_floor":[75,75,75,75,75,75,75,75,75,75,75,75,82,82,82,82,82,82,82,82,82,82,82,82,87,87,87,87,87,87,87,87,87],"card_choices":[{"not_picked":["Hologram","Compile Driver"],"picked":"Streamline","floor":1},{"not_picked":["Double Energy","Redo"],"picked":"Cold Snap","floor":2},{"not_picked":["Sweeping Beam","Leap"],"picked":"FTL","floor":4},{"not_picked":["Compile Driver","Rip and Tear"],"picked":"Hologram","floor":7},{"not_picked":["Sweeping Beam","Barrage"],"picked":"Genetic Algorithm","floor":10},{"not_picked":["All For One","Beam Cell"],"picked":"Sunder","floor":13},{"not_picked":["Streamline","Go for the Eyes"],"picked":"Sweeping Beam","floor":14},{"not_picked":["Machine Learning","Buffer"],"picked":"Core Surge","floor":16},{"not_picked":["Streamline","Skim"],"picked":"Doom and Gloom","floor":18},{"not_picked":["Leap","Hello World"],"picked":"Stack+1","floor":20},{"not_picked":["Sweeping Beam+1","Beam Cell+1"],"picked":"Turbo","floor":21},{"not_picked":["Barrage","Conserve Battery"],"picked":"Coolheaded","floor":22},{"not_picked":["Skim","Beam Cell"],"picked":"White Noise","floor":24},{"not_picked":["FTL+1","Rebound"],"picked":"Force Field","floor":28},{"not_picked":["Chaos","Doom and Gloom"],"picked":"Compile Driver","floor":29},{"not_picked":["Blizzard","Barrage+1"],"picked":"Recycle+1","floor":31}],"player_experience":866198,"relics_obtained":[{"floor":7,"key":"Centennial Puzzle"},{"floor":9,"key":"Dodecahedron"},{"floor":13,"key":"Strawberry"},{"floor":26,"key":"Darkstone Periapt"}],"event_choices":[{"damage_healed":0,"gold_gain":75,"player_choice":"Gather Gold","damage_taken":11,"max_hp_gain":0,"max_hp_loss":0,"event_name":"World of Goop","floor":5,"gold_loss":0},{"damage_healed":18,"gold_gain":0,"player_choice":"Healed","damage_taken":0,"max_hp_gain":0,"max_hp_loss":0,"event_name":"The Cleric","floor":12,"gold_loss":35},{"damage_healed":27,"gold_gain":0,"player_choice":"Heal","damage_taken":0,"max_hp_gain":0,"max_hp_loss":0,"event_name":"The Library","floor":19,"gold_loss":0},{"damage_healed":0,"gold_gain":0,"player_choice":"Shed Blood","damage_taken":21,"max_hp_gain":5,"max_hp_loss":0,"event_name":"Forgotten Altar","floor":25,"gold_loss":0},{"damage_healed":0,"gold_gain":0,"player_choice":"Obtained Relic","damage_taken":0,"relics_obtained":["MawBank"],"max_hp_gain":0,"max_hp_loss":0,"event_name":"Addict","floor":30,"gold_loss":85}],"is_beta":false,"boss_relics":[{"not_picked":["Snecko Eye","Tiny House"],"picked":"Nuclear Battery"}],"items_purged_floors":[],"is_endless":false,"potions_floor_spawned":[4,10,14,21,22,24,28],"killed_by":"Champ","ascension_level":11}