{"gold_per_floor":[409,423,439,454,110,110,128,128,152,165,165,195,212,241,241,312,312,331,246,346,364,378,378,412,447,447,467,467,500,515,530,530,530],"floor_reached":33,"playtime":2486,"items_purged":["Defend_R"],"score":809,"play_id":"1fb09448-0ec1-4dd0-b039-fd53a0eaf42a","local_time":"20190613093914","is_ascension_mode":true,"campfire_choices":[{"data":"True Grit","floor":6.0,"key":"SMITH"},{"data":"Whirlwind","floor":15.0,"key":"SMITH"},{"data":"Intimidate","floor":23.0,"key":"SMITH"},{"floor":28.0,"key":"REST"},{"data":"Impervious","floor":32,"key":"SMITH"}],"neow_cost":"TEN_PERCENT_HP_LOSS","seed_source_timestamp":918437223950898,"circlet_count":0,"master_deck":["AscendersBane","Strike_R","Strike_R","Strike_R","Defend_R+1","Bash","Intimidate+1","Clash","Clash","Whirlwind+1","True Grit+1","Seeing Red","Impervious+1","Clash","Armaments+1","Double Tap","True Grit+1","Sentinel+1","Perfected Strike+1","Clothesline","Pommel Strike","Rage","Thunderclap","Warcry","Shrug It Off"],"special_seed":0,"relics":["Burning Blood","Old Coin","Sling","Pen Nib","Boot","War Paint","Astrolabe","Matryoshka","Magic Flower","Sundial","Bottled Lightning","Red Mask","Frozen Egg 2","Anchor","Thread and Needle"],"potions_floor_usage":[33],"damage_taken":[{"damage":4.0,"enemies":"Jaw Worm","floor":1.0,"turns":4.0},{"damage":3.0,"enemies":"2 Louse","floor":2.0,"turns":4.0},{"damage":1.0,"enemies":"Cultist","floor":3.0,"turns":3.0},{"damage":1.0,"enemies":"Exordium Wildlife","floor":4.0,"turns":4.0},{"damage":13.0,"enemies":"Blue Slaver","floor":7.0,"turns":3.0},{"damage":8.0,"enemies":"3 Louse","floor":10.0,"turns":3.0},{"damage":0.0,"enemies":"Gremlin Nob","floor":12.0,"turns":2.0},{"damage":2.0,"enemies":"Looter","floor":13.0,"turns":3.0},{"damage":0.0,"enemies":"Lagavulin","floor":14.0,"turns":4.0},{"damage":0.0,"enemies":"Slime Boss","floor":16.0,"turns":6.0},{"damage":11.0,"enemies":"Shell Parasite","floor":18.0,"turns":5.0},{"damage":5.0,"enemies":"Colosseum Slavers","floor":20.0,"turns":2.0},{"damage":23.0,"enemies":"Colosseum Nobs","floor":20.0,"turns":4.0},{"damage":0.0,"enemies":"3 Byrds","floor":21.0,"turns":3.0},{"damage":24.0,"enemies":"Centurion and Healer","floor":22.0,"turns":8.0},{"damage":24.0,"enemies":"Gremlin Leader","floor":24.0,"turns":5.0},{"damage":35.0,"enemies":"Masked Bandits","floor":25.0,"turns":5.0},{"damage":2.0,"enemies":"3 Cultists","floor":27.0,"turns":4.0},{"damage":0.0,"enemies":"Slavers","floor":29.0,"turns":2.0},{"damage":0.0,"enemies":"Snecko","floor":30.0,"turns":7.0},{"damage":0,"enemies":"Centurion and Healer","floor":31,"turns":7},{"damage":68,"enemies":"Collector","floor":33,"turns":9}],"seed_played":"-5233573763903610368","potions_obtained":[{"floor":2.0,"key":"SpeedPotion"},{"floor":3.0,"key":"SteroidPotion"},{"floor":10.0,"key":"Fire Potion"},{"floor":13.0,"key":"FearPotion"},{"floor":14.0,"key":"Block Potion"},{"floor":18.0,"key":"PowerPotion"},{"floor":21.0,"key":"LiquidBronze"},{"floor":22.0,"key":"Regen Potion"},{"floor":25.0,"key":"Strength Potion"},{"floor":27.0,"key":"AttackPotion"}],"is_trial":false,"path_per_floor":["M","M","M","M","$","R","M","?","T","M","?","E","M","E","R","B",null,"M","?","?","M","M","R","E","?","T","M","R","E","M","M","R","B"],"character_chosen":"IRONCLAD","items_purchased":["Sling","True Grit"],"campfire_rested":1,"item_purchase_floors":[5,5],"current_hp_per_floor":[68,68,68,68,68,68,61,61,61,59,59,65,68,68,68,68,68,63,63,47,56,41,41,45,19,19,26,46,55,64,68,68,0],"gold":530,"neow_bonus":"ONE_RARE_RELIC","is_prod":false,"is_daily":false,"chose_seed":false,"campfire_upgraded":4,"win_rate":0,"timestamp":1560433154,"path_taken":["M","M","M","M","$","R","M","?","T","M","?","E","?","E","R","BOSS","M","?","?","M","M","R","E","?","T","M","R","E","M","M","R","BOSS"],"build_version":"2019-01-23","purchased_purges":1,"victory":false,"max_hp_per_floor":[68,68,68,68,68,68,68,68,68,68,68,68,68,68,68,68,68,68,68,68,68,68,68,68,68,68,68,68,68,68,68,68,68],"card_choices":[{"not_picked":["Iron Wave","Blood for Blood"],"picked":"Intimidate","floor":1.0},{"not_picked":["Disarm","Dual Wield"],"picked":"Clash","floor":2.0},{"not_picked":["Perfected Strike","Iron Wave"],"picked":"Clash","floor":3.0},{"not_picked":["Hemokinesis","Thunderclap"],"picked":"Whirlwind","floor":4.0},{"not_picked":["Infernal Blade","Wild Strike"],"picked":"Seeing Red","floor":7.0},{"not_picked":["Dropkick","True Grit"],"picked":"Impervious","floor":10.0},{"not_picked":["Headbutt","Entrench"],"picked":"Clash","floor":12.0},{"not_picked":["Body Slam","Perfected Strike"],"picked":"Armaments","floor":13.0},{"not_picked":["Evolve","Armaments","Barricade"],"picked":"SKIP","floor":14.0},{"not_picked":["Juggernaut","Dark Embrace"],"picked":"Double Tap","floor":16.0},{"not_picked":["Shrug It Off","Rupture"],"picked":"Clothesline","floor":18.0},{"not_picked":["Whirlwind","Carnage"],"picked":"Pommel Strike","floor":20.0},{"not_picked":["Perfected Strike","Warcry"],"picked":"Rage","floor":21.0},{"not_picked":["Shockwave","Sentinel","Armaments"],"picked":"SKIP","floor":22.0},{"not_picked":["Sentinel","Juggernaut"],"picked":"Thunderclap","floor":24.0},{"not_picked":["Combust","Headbutt"],"picked":"Warcry","floor":25.0},{"not_picked":["Reckless Charge","Clash","Intimidate+1"],"picked":"SKIP","floor":27.0},{"not_picked":["Warcry","Pummel"],"picked":"Shrug It Off","floor":29.0},{"not_picked":["Double Tap","True Grit","Evolve+1"],"picked":"SKIP","floor":30.0},{"not_picked":["Iron Wave","Corruption+1","Warcry"],"picked":"SKIP","floor":31}],"player_experience":1594357,"relics_obtained":[{"floor":9.0,"key":"Pen Nib"},{"floor":12.0,"key":"Boot"},{"floor":14.0,"key":"War Paint"},{"floor":20.0,"key":"Magic Flower"},{"floor":20.0,"key":"Sundial"},{"floor":24.0,"key":"Bottled Lightning"},{"floor":25.0,"key":"Red Mask"},{"floor":26.0,"key":"Frozen Egg 2"},{"floor":26.0,"key":"Anchor"},{"floor":29.0,"key":"Thread and Needle"}],"event_choices":[{"damage_healed":0.0,"max_hp_gain":0.0,"max_hp_loss":0.0,"gold_gain":0.0,"event_name":"Liars Game","player_choice":"Ignored","floor":8.0,"gold_loss":0.0,"damage_taken":0.0},{"cards_removed":["Defend_R"],"damage_healed":0.0,"max_hp_gain":0.0,"max_hp_loss":0.0,"gold_gain":0.0,"event_name":"Bonfire Elementals","player_choice":"Offered Basic","floor":11.0,"gold_loss":0.0,"damage_taken":0.0},{"damage_healed":0.0,"max_hp_gain":0.0,"max_hp_loss":0.0,"gold_gain":0.0,"event_name":"Addict","player_choice":"Obtained Relic","floor":19.0,"gold_loss":85.0,"damage_taken":0.0,"relics_obtained":["Matryoshka"]},{"damage_healed":0.0,"max_hp_gain":0.0,"max_hp_loss":0.0,"gold_gain":0.0,"event_name":"Colosseum","player_choice":"Fight","floor":20.0,"gold_loss":0.0,"damage_taken":0.0},{"damage_healed":0.0,"max_hp_gain":0.0,"max_hp_loss":0.0,"gold_gain":0.0,"event_name":"Colosseum","player_choice":"Fought Nobs","floor":20.0,"gold_loss":0.0,"damage_taken":0.0},{"damage_healed":0.0,"max_hp_gain":0.0,"max_hp_loss":0.0,"gold_gain":0.0,"event_name":"Masked Bandits","player_choice":"Fought Bandits","floor":25.0,"gold_loss":0.0,"damage_taken":0.0}],"is_beta":false,"boss_relics":[{"not_picked":["Mark of Pain","Cursed Key"],"picked":"Astrolabe"}],"items_purged_floors":[5],"is_endless":false,"potions_floor_spawned":[2,3,10,13,14,18,21,22,25,27],"killed_by":"Collector","ascension_level":18}