{"gold_per_floor":[112,132,147,147,163,163,128,154,154,25,60,60,72,98,98,98],"floor_reached":16,"playtime":698,"items_purged":["Strike_B"],"score":290,"play_id":"c4a639d2-a820-4081-8117-25028bbfef3b","local_time":"20190822100819","is_ascension_mode":true,"campfire_choices":[{"data":"Lockon","floor":6.0,"key":"SMITH"},{"data":"Beam Cell","floor":12.0,"key":"SMITH"},{"data":"Fission","floor":15,"key":"SMITH"}],"neow_cost":"NONE","seed_source_timestamp":2227098414868391,"circlet_count":0,"master_deck":["AscendersBane","Strike_B","Strike_B","Strike_B","Defend_B+1","Defend_B","Defend_B","Defend_B","Zap+1","Dualcast+1","Rip and Tear","Beam Cell+1","Glacier","Lockon+1","Ball Lightning","Glacier","Fission+1"],"special_seed":0,"relics":["Cracked Core","NlothsMask","War Paint","Cables","Bag of Preparation"],"potions_floor_usage":[14,14],"damage_taken":[{"damage":7.0,"enemies":"Jaw Worm","floor":1.0,"turns":3.0},{"damage":0.0,"enemies":"Cultist","floor":2.0,"turns":3.0},{"damage":5.0,"enemies":"2 Louse","floor":3.0,"turns":2.0},{"damage":17.0,"enemies":"Exordium Thugs","floor":5.0,"turns":4.0},{"damage":27.0,"enemies":"3 Sentries","floor":8.0,"turns":8.0},{"damage":6.0,"enemies":"Gremlin Nob","floor":11.0,"turns":3.0},{"damage":6.0,"enemies":"Looter","floor":13.0,"turns":2.0},{"damage":0,"enemies":"Lagavulin","floor":14,"turns":4},{"damage":15,"enemies":"Slime Boss","floor":16,"turns":4}],"seed_played":"-3178067806063583555","potions_obtained":[{"floor":2.0,"key":"Dexterity Potion"},{"floor":13.0,"key":"AttackPotion"},{"floor":14,"key":"Energy Potion"}],"is_trial":false,"path_per_floor":["M","M","M","?","M","R","?","E","T","$","E","R","M","E","R","B"],"character_chosen":"DEFECT","items_purchased":["PowerPotion"],"campfire_rested":0,"item_purchase_floors":[10],"current_hp_per_floor":[57,57,52,52,35,35,52,25,25,25,19,19,13,13,13,0],"gold":98,"neow_bonus":"UPGRADE_CARD","is_prod":false,"is_daily":false,"chose_seed":false,"campfire_upgraded":3,"win_rate":0,"timestamp":1566482899,"path_taken":["M","M","M","?","?","R","?","E","T","?","E","R","M","E","R","BOSS"],"build_version":"2019-07-17","purchased_purges":1,"victory":false,"max_hp_per_floor":[71,71,71,71,71,71,71,71,71,71,71,71,71,71,71,71],"card_choices":[{"not_picked":["Hologram","Go for the Eyes"],"picked":"Rip and Tear","floor":1.0},{"not_picked":["Hyperbeam","Chaos"],"picked":"Beam Cell","floor":2.0},{"not_picked":["Cold Snap","Sweeping Beam"],"picked":"Glacier","floor":3.0},{"not_picked":["Leap","Hello World"],"picked":"Lockon","floor":5.0},{"not_picked":["Beam Cell","Turbo"],"picked":"Ball Lightning","floor":8.0},{"not_picked":["Gash","Tempest"],"picked":"Glacier","floor":11.0},{"not_picked":["Doom and Gloom","Leap"],"picked":"Fission","floor":13.0},{"not_picked":["Hello World","White Noise","Darkness"],"picked":"SKIP","floor":14}],"player_experience":1832130,"relics_obtained":[{"floor":8.0,"key":"War Paint"},{"floor":11.0,"key":"Cables"},{"floor":14,"key":"Bag of Preparation"}],"event_choices":[{"damage_healed":0.0,"max_hp_gain":0.0,"max_hp_loss":0.0,"gold_gain":0.0,"event_name":"FaceTrader","player_choice":"Trade","floor":4.0,"gold_loss":0.0,"damage_taken":0.0,"relics_obtained":["NlothsMask"]},{"damage_healed":17.0,"max_hp_gain":0.0,"max_hp_loss":0.0,"gold_gain":0.0,"event_name":"The Cleric","player_choice":"Healed","floor":7.0,"gold_loss":35.0,"damage_taken":0.0}],"is_beta":false,"boss_relics":[],"items_purged_floors":[10],"is_endless":false,"potions_floor_spawned":[2,13,14],"killed_by":"Slime Boss","ascension_level":20}