{"path_per_floor":["M","?","$","M","M","R","E","R","T","E","?","?","M","M","R","B",null,"M","M","M","M","M","R","E","?","T","R","M","$","R","?","R","B",null,"M","M","M","?","M","M","R","M","T","M","?","M"],"character_chosen":"IRONCLAD","items_purchased":["Warcry","True Grit","Thinking Ahead","Infernal Blade"],"gold_per_floor":[113,113,8,22,37,37,63,63,142,177,206,206,224,234,234,333,333,333,333,333,333,333,333,333,333,333,333,333,51,51,51,51,51,51,51,51,51,51,51,51,51,51,51,51,51,51,51],"floor_reached":47,"campfire_rested":2,"playtime":10150,"current_hp_per_floor":[80,64,64,61,62,62,32,56,56,54,47,47,53,59,80,80,80,77,80,56,62,68,68,52,52,52,52,40,40,40,40,40,48,56,42,46,36,50,54,41,41,52,52,43,43,40,0],"items_purged":[],"gold":51,"score":666,"play_id":"90306e5e-c4fc-49db-9d98-ec319b167df5","local_time":"20180417162439","is_prod":false,"is_daily":false,"chose_seed":false,"is_ascension_mode":true,"campfire_upgraded":6,"timestamp":1523996679,"path_taken":["M","?","$","M","M","R","E","R","T","E","?","?","M","?","R","BOSS","M","M","M","M","M","R","E","?","T","R","M","$","R","?","R","BOSS","M","M","M","?","M","M","R","M","T","M","?","M","E"],"build_version":"2018-04-12","seed_source_timestamp":461982945371470,"purchased_purges":0,"victory":false,"master_deck":["Defend_R+1","Defend_R+1","Defend_R","Bash","Dark Embrace+1","Reckless Charge","Warcry","True Grit","Intimidate","Infernal Blade+1","Dropkick","Feel No Pain+1","Reckless Charge","Cleave","Uppercut+1","Juggernaut+1","Disarm","Thunderclap+1","Flame Barrier+1","Dropkick+1","Havoc+1","Bite","Bite","Bite","Bite","Bite","Sever Soul","Thinking Ahead","Infernal Blade+1","Exhume","Clash+1","Flame Barrier","Cleave+1","Warcry+1","Shockwave","Iron Wave+1","Headbutt+1","Carnage+1"],"max_hp_per_floor":[80,80,80,80,80,80,80,80,80,80,80,80,80,80,80,80,80,80,80,80,80,80,80,80,56,56,56,56,56,56,56,56,56,56,56,56,56,56,56,56,56,56,56,56,56,56,56],"relics":["Burning Blood","Bag of Preparation","Frozen Egg 2","Omamori","Odd Mushroom","Pen Nib","Ectoplasm","Bronze Scales","Regal Pillow","Mark of Pain","Blood Vial"],"card_choices":[{"not_picked":["Havoc","Infernal Blade"],"picked":"Reckless Charge","floor":1},{"not_picked":["Spot Weakness","Dual Wield"],"picked":"Intimidate","floor":4},{"not_picked":["Seeing Red","Clash"],"picked":"Infernal Blade","floor":5},{"not_picked":["Clothesline","Evolve"],"picked":"Dropkick","floor":7},{"not_picked":["Shrug It Off","Thunderclap"],"picked":"Feel No Pain","floor":10},{"not_picked":["Armaments","Warcry"],"picked":"Reckless Charge","floor":11},{"not_picked":["Seeing Red","Dark Embrace"],"picked":"Cleave","floor":13},{"not_picked":["Thunderclap","Cleave"],"picked":"Uppercut","floor":14},{"not_picked":["Reaper","Berserk"],"picked":"Juggernaut","floor":16},{"not_picked":["Heavy Blade","Headbutt"],"picked":"Disarm","floor":18},{"not_picked":["Twin Strike","Heavy Blade"],"picked":"Thunderclap","floor":19},{"not_picked":["Shrug It Off","Pommel Strike"],"picked":"Flame Barrier","floor":20},{"not_picked":["Rage","Warcry"],"picked":"Dropkick","floor":22},{"not_picked":["Cleave","Thunderclap"],"picked":"Havoc","floor":24},{"not_picked":["Exhume","Havoc"],"picked":"Sever Soul","floor":28},{"not_picked":["Immolate","Juggernaut"],"picked":"Exhume","floor":33},{"not_picked":["Cleave","Thunderclap"],"picked":"Clash","floor":35},{"not_picked":["Twin Strike","Second Wind"],"picked":"Flame Barrier","floor":36},{"not_picked":["Twin Strike","Iron Wave"],"picked":"Cleave","floor":37},{"not_picked":["Blood for Blood","Body Slam"],"picked":"Warcry","floor":39},{"not_picked":["Double Tap","Second Wind"],"picked":"Shockwave","floor":40},{"not_picked":["Thunderclap","Twin Strike"],"picked":"Iron Wave","floor":42},{"not_picked":["Heavy Blade","Clothesline"],"picked":"Headbutt","floor":44},{"not_picked":["Flex","Clothesline"],"picked":"Carnage","floor":46}],"player_experience":217696,"potions_floor_usage":[10,16,24,28,33,36,37],"damage_taken":[{"damage":3,"enemies":"2 Louse","floor":1,"turns":4},{"damage":9,"enemies":"Small Slimes","floor":4,"turns":5},{"damage":5,"enemies":"Jaw Worm","floor":5,"turns":5},{"damage":36,"enemies":"Gremlin Nob","floor":7,"turns":4},{"damage":8,"enemies":"Lagavulin","floor":10,"turns":7},{"damage":13,"enemies":"The Mushroom Lair","floor":11,"turns":3},{"damage":0,"enemies":"2 Fungi Beasts","floor":13,"turns":3},{"damage":0,"enemies":"Lots of Slimes","floor":14,"turns":3},{"damage":0,"enemies":"Slime Boss","floor":16,"turns":10},{"damage":9,"enemies":"Shell Parasite","floor":18,"turns":5},{"damage":3,"enemies":"3 Byrds","floor":19,"turns":5},{"damage":30,"enemies":"Snake Plant","floor":20,"turns":4},{"damage":0,"enemies":"Cultist and Chosen","floor":21,"turns":5},{"damage":0,"enemies":"Chosen and Byrds","floor":22,"turns":4},{"damage":22,"enemies":"Slavers","floor":24,"turns":4},{"damage":22,"enemies":"Snake Plant","floor":28,"turns":4},{"damage":4,"enemies":"Automaton","floor":33,"turns":7},{"damage":30,"enemies":"3 Darklings","floor":35,"turns":5},{"damage":8,"enemies":"3 Shapes","floor":36,"turns":2},{"damage":24,"enemies":"3 Darklings","floor":37,"turns":5},{"damage":17,"enemies":"Maw","floor":39,"turns":7},{"damage":23,"enemies":"Sphere and 2 Shapes","floor":40,"turns":4},{"damage":11,"enemies":"4 Shapes","floor":42,"turns":4},{"damage":21,"enemies":"3 Darklings","floor":44,"turns":4},{"damage":15,"enemies":"Sphere and 2 Shapes","floor":46,"turns":6},{"damage":45,"enemies":"2 Orb Walkers","floor":47,"turns":3}],"event_choices":[{"event_name":"Shining Light","player_choice":"Entered Light","floor":2,"damage_taken":0},{"event_name":"Mushrooms","player_choice":"Fought Mushrooms","floor":11,"damage_taken":0},{"event_name":"Wheel of Change","player_choice":"Relic","floor":12,"damage_taken":0},{"event_name":"Vampires","player_choice":"Became a vampire","floor":25,"damage_taken":0},{"event_name":"Purifier","player_choice":"Skipped","floor":31,"damage_taken":0},{"event_name":"Winding Halls","player_choice":"Writhe","floor":38,"damage_taken":0},{"event_name":"Purifier","player_choice":"One Purge","floor":45,"damage_taken":0}],"boss_relics":[{"not_picked":["Black Star","Runic Dome"],"picked":"Ectoplasm"},{"not_picked":["Philosopher\u0027s Stone","Runic Cube"],"picked":"Mark of Pain"}],"potions_floor_spawned":[5,7,11,13,14,18,21,22,24,35,40,44],"seed_played":"3761340386816764075","killed_by":"2 Orb Walkers","ascension_level":4,"is_trial":false}