{"gold_per_floor":[219,219,239,254,264,264,275,275,299,18,18,37,70,94,106,190,202,232,261,273,301,329,341,373,385],"floor_reached":25,"playtime":1589,"items_purged":[],"score":397,"play_id":"66edeff8-bffc-4854-b78f-011c532a61e9","local_time":"20190726201313","is_ascension_mode":true,"campfire_choices":[{"data":"Fission","floor":6,"key":"SMITH"},{"data":"Loop","floor":8,"key":"SMITH"},{"data":"Go for the Eyes","floor":11,"key":"SMITH"},{"data":"Zap","floor":15,"key":"SMITH"},{"floor":23,"key":"REST"}],"neow_cost":"NONE","seed_source_timestamp":148049652847456,"circlet_count":0,"master_deck":["AscendersBane","Strike_B","Strike_B","Strike_B","Defend_B","Defend_B","Zap+1","Dualcast","Coolheaded","Tempest","Loop+1","Go for the Eyes+1","Fission+1","Leap","Cold Snap","Cold Snap","Ball Lightning","Machine Learning","Chill","Necronomicurse","Chaos","Heatsinks+1"],"relics":["Cracked Core","Lantern","Meat on the Bone","MawBank","Empty Cage","Necronomicon"],"potions_floor_usage":[5,13,16,16,21,24],"damage_taken":[{"damage":0,"enemies":"2 Louse","floor":1,"turns":2},{"damage":1,"enemies":"Cultist","floor":3,"turns":3},{"damage":5,"enemies":"Jaw Worm","floor":4,"turns":4},{"damage":29,"enemies":"Large Slime","floor":5,"turns":6},{"damage":9,"enemies":"Looter","floor":7,"turns":3},{"damage":8,"enemies":"3 Louse","floor":12,"turns":2},{"damage":14,"enemies":"Lagavulin","floor":13,"turns":8},{"damage":0,"enemies":"Exordium Wildlife","floor":14,"turns":4},{"damage":10,"enemies":"Hexaghost","floor":16,"turns":8},{"damage":1,"enemies":"3 Byrds","floor":18,"turns":4},{"damage":8,"enemies":"Spheric Guardian","floor":19,"turns":4},{"damage":34,"enemies":"Shelled Parasite and Fungi","floor":21,"turns":4},{"damage":21,"enemies":"Snake Plant","floor":22,"turns":6},{"damage":27,"enemies":"Centurion and Healer","floor":24,"turns":11},{"damage":28,"enemies":"Book of Stabbing","floor":25,"turns":3}],"seed_played":"3940823151933160776","potions_obtained":[{"floor":4,"key":"GamblersBrew"},{"floor":5,"key":"Weak Potion"},{"floor":13,"key":"FearPotion"},{"floor":14,"key":"LiquidBronze"},{"floor":16,"key":"Regen Potion"},{"floor":18,"key":"SteroidPotion"},{"floor":22,"key":"EssenceOfSteel"}],"is_trial":false,"path_per_floor":["M","?","M","M","M","R","M","R","T","$","R","M","E","M","R","B",null,"M","M","?","M","M","R","M","E"],"character_chosen":"DEFECT","items_purchased":["Meat on the Bone"],"campfire_rested":1,"item_purchase_floors":[10],"current_hp_per_floor":[64,64,63,58,29,29,20,20,20,20,20,24,22,34,34,36,62,61,53,32,22,13,34,19,0],"gold":385,"neow_bonus":"HUNDRED_GOLD","is_prod":false,"is_daily":false,"chose_seed":false,"campfire_upgraded":4,"win_rate":0,"timestamp":1564186393,"path_taken":["M","?","M","M","M","R","M","R","T","?","R","?","E","M","R","BOSS","M","M","?","M","M","R","M","E"],"build_version":"2019-07-17","purchased_purges":0,"victory":false,"max_hp_per_floor":[71,71,71,71,71,71,71,71,71,71,71,71,71,71,71,71,71,71,71,71,71,71,71,71,71],"card_choices":[{"not_picked":["Turbo","Leap"],"picked":"Coolheaded","floor":1},{"not_picked":["Conserve Battery","Hologram"],"picked":"Loop","floor":3},{"not_picked":["Coolheaded","Redo"],"picked":"Go for the Eyes","floor":4},{"not_picked":["Force Field","Rebound"],"picked":"Fission","floor":5},{"not_picked":["Recycle","Self Repair"],"picked":"Leap","floor":7},{"not_picked":["Steam","Gash"],"picked":"Cold Snap","floor":12},{"not_picked":["Streamline","Storm"],"picked":"Cold Snap","floor":13},{"not_picked":["Multi-Cast","Cold Snap"],"picked":"Ball Lightning","floor":14},{"not_picked":["Thunder Strike","Multi-Cast"],"picked":"Machine Learning","floor":16},{"not_picked":["Reprogram","Rebound","White Noise"],"picked":"SKIP","floor":18},{"not_picked":["Loop","Leap"],"picked":"Chill","floor":19},{"not_picked":["Go for the Eyes+1","Scrape","Redo"],"picked":"SKIP","floor":21},{"not_picked":["Barrage","Rip and Tear"],"picked":"Chaos","floor":22},{"not_picked":["Go for the Eyes","Barrage"],"picked":"Heatsinks+1","floor":24}],"player_experience":1630658,"relics_obtained":[{"floor":9,"key":"Lantern"},{"floor":13,"key":"MawBank"},{"floor":20,"key":"Necronomicon"}],"event_choices":[{"damage_healed":0,"gold_gain":0,"cards_transformed":["Defend_B"],"player_choice":"Transformed","damage_taken":0,"max_hp_gain":0,"max_hp_loss":0,"event_name":"Transmorgrifier","floor":2,"gold_loss":0,"cards_obtained":["Tempest"]},{"damage_healed":0,"gold_gain":0,"player_choice":"Obtained Book","damage_taken":21,"max_hp_gain":0,"max_hp_loss":0,"event_name":"Cursed Tome","floor":20,"gold_loss":0}],"is_beta":false,"boss_relics":[{"not_picked":["Velvet Choker","Runic Dome"],"picked":"Empty Cage"}],"items_purged_floors":[],"is_endless":false,"potions_floor_spawned":[4,5,13,14,16,18,22],"killed_by":"Book of Stabbing","ascension_level":18}