{"gold_per_floor":[110,121,137,151,151,151,177,142,142,159,159,172,188,213,213,292,292,308,308,326,30,50,50,76,76,122,122,151,171,186,186,186,258,258,275,575,591,605,623,623],"floor_reached":40,"playtime":3836,"items_purged":["Strike_B"],"score":984,"play_id":"579c4dae-ce12-480a-ab47-ebbb372e5b75","local_time":"20190804140154","is_ascension_mode":true,"campfire_choices":[{"data":"Zap","floor":6.0,"key":"SMITH"},{"floor":11.0,"key":"REST"},{"data":"Thunder Strike","floor":15.0,"key":"SMITH"},{"data":"Genetic Algorithm","floor":23,"key":"SMITH"},{"data":"Reinforced Body","floor":25,"key":"SMITH"},{"data":"Aggregate","floor":27,"key":"SMITH"},{"floor":32,"key":"REST"}],"neow_cost":"NONE","seed_source_timestamp":682864398103658,"circlet_count":0,"master_deck":["AscendersBane","Defend_B","Defend_B","Zap+1","Dualcast","Ball Lightning","Tempest+1","Rebound","Cold Snap","Genetic Algorithm+1","Reinforced Body+1","Cold Snap","Thunder Strike+1","Beam Cell","Electrodynamics","Steam+1","Static Discharge+1","Aggregate+1","Lockon","Stack+1","Echo Form","Static Discharge+1","Tempest+1","Scrape+1","Turbo+1","BootSequence"],"special_seed":0,"relics":["Cracked Core","Thread and Needle","Prayer Wheel","Pear","Runic Pyramid","OrangePellets","Bottled Flame","Art of War","Mercury Hourglass","Astrolabe"],"potions_floor_usage":[24,28,28,39],"damage_taken":[{"damage":1.0,"enemies":"Cultist","floor":1.0,"turns":3.0},{"damage":2.0,"enemies":"2 Louse","floor":2.0,"turns":2.0},{"damage":9.0,"enemies":"Small Slimes","floor":3.0,"turns":3.0},{"damage":11.0,"enemies":"Looter","floor":4.0,"turns":3.0},{"damage":25.0,"enemies":"Lagavulin","floor":7.0,"turns":6.0},{"damage":16.0,"enemies":"Gremlin Gang","floor":10.0,"turns":4.0},{"damage":0.0,"enemies":"Exordium Wildlife","floor":12.0,"turns":3.0},{"damage":0.0,"enemies":"Exordium Thugs","floor":13.0,"turns":3.0},{"damage":9.0,"enemies":"3 Sentries","floor":14.0,"turns":7.0},{"damage":0.0,"enemies":"Slime Boss","floor":16.0,"turns":4.0},{"damage":0.0,"enemies":"3 Byrds","floor":18.0,"turns":4.0},{"damage":15,"enemies":"2 Thieves","floor":20,"turns":4},{"damage":3,"enemies":"Sentry and Sphere","floor":22,"turns":4},{"damage":5,"enemies":"Gremlin Leader","floor":24,"turns":4},{"damage":3,"enemies":"Slavers","floor":28,"turns":4},{"damage":25,"enemies":"Shelled Parasite and Fungi","floor":29,"turns":5},{"damage":0,"enemies":"Chosen and Byrds","floor":30,"turns":5},{"damage":23,"enemies":"Automaton","floor":33,"turns":9},{"damage":0,"enemies":"Orb Walker","floor":35,"turns":3},{"damage":17,"enemies":"3 Shapes","floor":37,"turns":3},{"damage":0,"enemies":"Maw","floor":38,"turns":6},{"damage":22,"enemies":"Transient","floor":39,"turns":6},{"damage":50,"enemies":"Giant Head","floor":40,"turns":6}],"seed_played":"-2199696570501746321","potions_obtained":[{"floor":2.0,"key":"Weak Potion"},{"floor":10.0,"key":"FocusPotion"},{"floor":12.0,"key":"Explosive Potion"},{"floor":14.0,"key":"Strength Potion"},{"floor":18.0,"key":"Poison Potion"},{"floor":24,"key":"Energy Potion"},{"floor":33,"key":"LiquidBronze"},{"floor":35,"key":"SteroidPotion"}],"is_trial":false,"path_per_floor":["M","M","M","M","?","R","E","?","T","M","R","M","M","E","R","B",null,"M","?","M","$","M","R","E","R","T","R","E","M","M","?","R","B",null,"M","?","M","M","M","E"],"character_chosen":"DEFECT","items_purchased":["OrangePellets"],"campfire_rested":2,"item_purchase_floors":[21],"current_hp_per_floor":[63,61,52,41,41,41,16,33,33,17,38,38,38,39,39,39,71,71,71,56,56,53,53,48,48,48,48,45,20,20,20,44,21,66,66,66,49,49,27,0],"gold":623,"neow_bonus":"REMOVE_CARD","is_prod":false,"is_daily":false,"chose_seed":false,"campfire_upgraded":5,"win_rate":0,"timestamp":1564941714,"path_taken":["M","M","M","M","?","R","E","?","T","M","R","M","M","E","R","BOSS","M","?","M","$","M","R","E","R","T","R","E","M","?","?","R","BOSS","M","?","M","?","M","E"],"build_version":"2019-07-17","purchased_purges":1,"victory":false,"max_hp_per_floor":[71,71,71,71,71,71,71,71,71,71,71,71,71,81,81,81,81,81,81,81,81,81,81,81,81,81,81,81,81,81,81,81,81,81,81,81,81,81,81,81],"card_choices":[{"not_picked":["Barrage","Beam Cell"],"picked":"Ball Lightning","floor":1.0},{"not_picked":["FTL","Capacitor"],"picked":"Tempest","floor":2.0},{"not_picked":["Gash","Self Repair"],"picked":"Rebound","floor":3.0},{"not_picked":["Stack","Conserve Battery"],"picked":"Cold Snap","floor":4.0},{"not_picked":["Conserve Battery","Hello World"],"picked":"Genetic Algorithm","floor":7.0},{"not_picked":["Streamline","Ball Lightning"],"picked":"Reinforced Body","floor":10.0},{"not_picked":["Rebound","Ball Lightning"],"picked":"Cold Snap","floor":10.0},{"not_picked":["Turbo","Compile Driver"],"picked":"Thunder Strike","floor":12.0},{"not_picked":["Scrape","Hologram","Conserve Battery"],"picked":"SKIP","floor":12.0},{"not_picked":["Self Repair","Fusion","Hello World"],"picked":"SKIP","floor":13.0},{"not_picked":["Gash","Redo","Conserve Battery"],"picked":"SKIP","floor":13.0},{"not_picked":["Gash","Go for the Eyes"],"picked":"Beam Cell","floor":14.0},{"not_picked":["Multi-Cast","Core Surge"],"picked":"Electrodynamics","floor":16.0},{"not_picked":["Turbo","Conserve Battery"],"picked":"Steam+1","floor":18.0},{"not_picked":["Aggregate","Streamline","Coolheaded"],"picked":"SKIP","floor":18.0},{"not_picked":["Streamline","Chill"],"picked":"Static Discharge+1","floor":20},{"not_picked":["Self Repair+1","Turbo","Darkness"],"picked":"SKIP","floor":20},{"not_picked":["Self Repair+1","Turbo","Darkness"],"picked":"SKIP","floor":20},{"not_picked":["Defragment+1","Leap","Meteor Strike"],"picked":"SKIP","floor":22},{"not_picked":["Compile Driver","Sweeping Beam","Scrape"],"picked":"SKIP","floor":22},{"not_picked":["Sweeping Beam","Thunder Strike"],"picked":"Aggregate","floor":24},{"not_picked":["Rip and Tear","Coolheaded"],"picked":"Lockon","floor":28},{"not_picked":["Streamline+1","Hologram"],"picked":"Stack+1","floor":29},{"not_picked":["Melter","Hologram","Rebound"],"picked":"SKIP","floor":29},{"not_picked":["Go for the Eyes","Gash","Beam Cell"],"picked":"SKIP","floor":30},{"not_picked":["Gash","Hello World","Blizzard"],"picked":"SKIP","floor":30},{"not_picked":["Thunder Strike","Meteor Strike"],"picked":"Echo Form","floor":33},{"not_picked":["Sweeping Beam","Ball Lightning+1"],"picked":"Turbo+1","floor":35},{"not_picked":["Beam Cell","Compile Driver+1","Streamline"],"picked":"SKIP","floor":35},{"not_picked":["Gash","Defragment"],"picked":"BootSequence","floor":37},{"not_picked":["Compile Driver+1","Reinforced Body","Gash+1"],"picked":"SKIP","floor":37},{"not_picked":["Compile Driver+1","Reinforced Body","Gash+1"],"picked":"SKIP","floor":37},{"not_picked":["Reinforced Body+1","Leap+1","Multi-Cast"],"picked":"SKIP","floor":38},{"not_picked":["Force Field","Scrape","Leap+1"],"picked":"SKIP","floor":38},{"not_picked":["Rebound","Sweeping Beam+1","Stack"],"picked":"SKIP","floor":39},{"not_picked":["Undo","Genetic Algorithm+1","Rebound"],"picked":"SKIP","floor":39}],"player_experience":1703947,"relics_obtained":[{"floor":7.0,"key":"Thread and Needle"},{"floor":9.0,"key":"Prayer Wheel"},{"floor":14.0,"key":"Pear"},{"floor":24,"key":"Bottled Flame"},{"floor":26,"key":"Art of War"},{"floor":28,"key":"Mercury Hourglass"}],"event_choices":[{"damage_healed":0.0,"max_hp_gain":0.0,"max_hp_loss":0.0,"gold_gain":0.0,"event_name":"Living Wall","player_choice":"Grow","floor":5.0,"gold_loss":0.0,"damage_taken":0.0,"cards_upgraded":["Tempest"]},{"damage_healed":17.0,"max_hp_gain":0.0,"max_hp_loss":0.0,"gold_gain":0.0,"event_name":"The Cleric","player_choice":"Healed","floor":8.0,"gold_loss":35.0,"damage_taken":0.0},{"cards_removed":["Strike_B"],"damage_healed":0.0,"max_hp_gain":0.0,"max_hp_loss":0.0,"gold_gain":0.0,"event_name":"Bonfire Elementals","player_choice":"Offered Basic","floor":19.0,"gold_loss":0.0,"damage_taken":0.0},{"damage_healed":0,"gold_gain":0,"player_choice":"Ignored","damage_taken":0,"max_hp_gain":0,"max_hp_loss":0,"event_name":"The Mausoleum","floor":31,"gold_loss":0},{"damage_healed":0,"gold_gain":300,"player_choice":"Gold","damage_taken":0,"max_hp_gain":0,"max_hp_loss":0,"event_name":"Wheel of Change","floor":36,"gold_loss":0}],"is_beta":false,"boss_relics":[{"not_picked":["FrozenCore","White Beast Statue"],"picked":"Runic Pyramid"},{"not_picked":["Calling Bell","Empty Cage"],"picked":"Astrolabe"}],"items_purged_floors":[21],"is_endless":false,"potions_floor_spawned":[2,10,12,14,18,20,24,33,35],"killed_by":"Giant Head","ascension_level":20}