{"gold_per_floor":[117,136,155,175,192,192,205,230,254,274,285,285,319,332,332,428,428,438,38,58,78,92,92,124,124,206,206,218,253,10,10],"floor_reached":31,"playtime":9391,"items_purged":[],"score":293,"play_id":"8cdc4662-b598-4422-86d4-06bb4d23ba17","local_time":"20190725194613","is_ascension_mode":false,"campfire_choices":[{"floor":6,"key":"REST"},{"floor":12,"key":"REST"},{"data":"Redo","floor":15,"key":"SMITH"},{"floor":23,"key":"REST"},{"floor":25,"key":"REST"}],"neow_cost":"NONE","seed_source_timestamp":1288568573847135,"circlet_count":0,"master_deck":["Strike_B","Strike_B","Strike_B","Strike_B","Defend_B","Defend_B","Defend_B","Defend_B","Zap","Dualcast","Madness","Conserve Battery","Compile Driver","Gash","Doom and Gloom","Gash","Stack","Sweeping Beam","Leap","Auto Shields","Ball Lightning","Redo+1","Machine Learning","Conserve Battery","Redo","Auto Shields","FTL","Rebound","Stack+1","Doom and Gloom+1","Defragment","Conserve Battery","Streamline"],"relics":["Cracked Core","Shovel","Centennial Puzzle","Boot","Nuclear Battery","Happy Flower","Pen Nib","Bottled Flame","Bag of Preparation","Membership Card"],"potions_floor_usage":[8,8,13,13,21,22,24,31],"damage_taken":[{"damage":2,"enemies":"2 Louse","floor":1,"turns":3},{"damage":1,"enemies":"Jaw Worm","floor":2,"turns":3},{"damage":3,"enemies":"Small Slimes","floor":3,"turns":3},{"damage":2,"enemies":"2 Fungi Beasts","floor":4,"turns":3},{"damage":3,"enemies":"Red Slaver","floor":5,"turns":4},{"damage":12,"enemies":"Exordium Wildlife","floor":7,"turns":4},{"damage":8,"enemies":"3 Sentries","floor":8,"turns":5},{"damage":11,"enemies":"3 Louse","floor":10,"turns":3},{"damage":0,"enemies":"Large Slime","floor":11,"turns":5},{"damage":3,"enemies":"Lagavulin","floor":13,"turns":5},{"damage":1,"enemies":"Exordium Wildlife","floor":14,"turns":3},{"damage":43,"enemies":"Slime Boss","floor":16,"turns":8},{"damage":1,"enemies":"Shell Parasite","floor":18,"turns":5},{"damage":4,"enemies":"3 Byrds","floor":20,"turns":3},{"damage":25,"enemies":"Snake Plant","floor":21,"turns":4},{"damage":18,"enemies":"Shelled Parasite and Fungi","floor":22,"turns":5},{"damage":45,"enemies":"Gremlin Leader","floor":24,"turns":6},{"damage":0,"enemies":"Cultist and Chosen","floor":28,"turns":4},{"damage":31,"enemies":"Book of Stabbing","floor":29,"turns":6},{"damage":6,"enemies":"Centurion and Healer","floor":31,"turns":3}],"seed_played":"-8696836720323939634","potions_obtained":[{"floor":2,"key":"Weak Potion"},{"floor":4,"key":"AttackPotion"},{"floor":7,"key":"Regen Potion"},{"floor":11,"key":"Dexterity Potion"},{"floor":16,"key":"FearPotion"},{"floor":18,"key":"FocusPotion"},{"floor":20,"key":"SkillPotion"},{"floor":21,"key":"Fruit Juice"}],"is_trial":false,"path_per_floor":["M","M","M","M","M","R","M","E","T","M","M","R","E","M","R","B",null,"M","$","M","M","M","R","E","R","T","?","M","E","$","M"],"character_chosen":"DEFECT","items_purchased":["Happy Flower","Redo","Auto Shields","FTL","Rebound","Block Potion","Membership Card"],"campfire_rested":4,"item_purchase_floors":[19,19,19,19,19,30,30],"current_hp_per_floor":[73,72,69,67,64,75,63,67,67,56,56,75,72,71,71,28,75,74,74,70,45,32,56,11,35,35,35,35,4,4,0],"gold":10,"neow_bonus":"RANDOM_COLORLESS","is_prod":false,"is_daily":false,"chose_seed":false,"campfire_upgraded":1,"win_rate":0.0,"timestamp":1564080373,"path_taken":["M","M","M","M","M","R","M","E","T","M","M","R","E","M","R","BOSS","M","$","M","M","M","R","E","R","T","?","M","E","?","M"],"build_version":"2019-07-17","purchased_purges":0,"victory":false,"max_hp_per_floor":[75,75,75,75,75,75,75,75,75,75,75,75,75,75,75,75,75,75,75,75,75,80,80,80,80,80,80,80,80,80,80],"card_choices":[{"not_picked":["Redo","Scrape"],"picked":"Conserve Battery","floor":1},{"not_picked":["Steam","Aggregate"],"picked":"Compile Driver","floor":2},{"not_picked":["Force Field","Turbo"],"picked":"Gash","floor":3},{"not_picked":["Force Field","Genetic Algorithm"],"picked":"Doom and Gloom","floor":4},{"not_picked":["Hologram","Leap"],"picked":"Gash","floor":5},{"not_picked":["Hologram","Barrage"],"picked":"Stack","floor":7},{"not_picked":["Coolheaded","Multi-Cast"],"picked":"Sweeping Beam","floor":8},{"not_picked":["Tempest","Skim"],"picked":"Leap","floor":10},{"not_picked":["Gash","Turbo"],"picked":"Auto Shields","floor":11},{"not_picked":["Reprogram","Aggregate"],"picked":"Ball Lightning","floor":13},{"not_picked":["Storm","Thunder Strike"],"picked":"Redo","floor":14},{"not_picked":["Seek","Rainbow"],"picked":"Machine Learning","floor":16},{"not_picked":["Coolheaded+1","Static Discharge"],"picked":"Conserve Battery","floor":18},{"not_picked":["BootSequence","Coolheaded+1"],"picked":"Stack+1","floor":20},{"not_picked":["Biased Cognition","Heatsinks+1"],"picked":"Doom and Gloom+1","floor":21},{"not_picked":["Genetic Algorithm","Tempest","Stack"],"picked":"SKIP","floor":22},{"not_picked":["Chaos","Redo+1"],"picked":"Defragment","floor":24},{"not_picked":["Cold Snap","Turbo"],"picked":"Conserve Battery","floor":28},{"not_picked":["Undo+1","Turbo"],"picked":"Streamline","floor":29}],"player_experience":65288,"relics_obtained":[{"floor":8,"key":"Shovel"},{"floor":9,"key":"Centennial Puzzle"},{"floor":13,"key":"Boot"},{"floor":24,"key":"Pen Nib"},{"floor":26,"key":"Bottled Flame"},{"floor":29,"key":"Bag of Preparation"}],"event_choices":[{"damage_healed":0,"gold_gain":0,"player_choice":"Ignored","damage_taken":0,"max_hp_gain":0,"max_hp_loss":0,"event_name":"The Mausoleum","floor":27,"gold_loss":0}],"is_beta":false,"boss_relics":[{"not_picked":["Busted Crown","Snecko Eye"],"picked":"Nuclear Battery"}],"items_purged_floors":[],"is_endless":false,"potions_floor_spawned":[2,4,7,11,16,18,20,21],"killed_by":"Centurion and Healer","ascension_level":0}