{"gold_per_floor":[113,188,42,59,77,77,90,100,172,185,185,199,225,64,64,163,163,183,195,206,206,216,216,231,231],"floor_reached":25,"playtime":1372,"items_purged":["Strike_R","Strike_R"],"score":289,"play_id":"0b6cfb51-752a-4c33-b788-49cc8a672484","local_time":"20180924195133","is_ascension_mode":true,"campfire_choices":[{"data":"Armaments","floor":6.0,"key":"SMITH"},{"data":"Carnage","floor":11.0,"key":"SMITH"},{"data":"Rage","floor":15.0,"key":"SMITH"},{"data":"Flame Barrier","floor":23,"key":"SMITH"}],"neow_cost":"","seed_source_timestamp":997978753017792,"circlet_count":0,"master_deck":["Strike_R","Strike_R","Strike_R","Defend_R","Defend_R","Defend_R","Defend_R","Bash","Armaments+1","Carnage+1","Thunderclap","Headbutt","Flex","Flame Barrier+1","Clash","Pommel Strike","Rage+1","Clash","Spot Weakness+1","Warcry+1"],"special_seed":0,"relics":["Black Blood","Singing Bowl","MawBank"],"potions_floor_usage":[20,22],"damage_taken":[{"damage":0.0,"enemies":"Small Slimes","floor":1.0,"turns":3.0},{"damage":7.0,"enemies":"Jaw Worm","floor":4.0,"turns":3.0},{"damage":0.0,"enemies":"2 Louse","floor":5.0,"turns":2.0},{"damage":30.0,"enemies":"Gremlin Gang","floor":7.0,"turns":4.0},{"damage":0.0,"enemies":"Exordium Wildlife","floor":8.0,"turns":2.0},{"damage":1.0,"enemies":"Exordium Thugs","floor":10.0,"turns":3.0},{"damage":12.0,"enemies":"Lots of Slimes","floor":12.0,"turns":4.0},{"damage":28.0,"enemies":"Hexaghost","floor":16.0,"turns":10.0},{"damage":13,"enemies":"2 Thieves","floor":18,"turns":4},{"damage":8,"enemies":"Shell Parasite","floor":19,"turns":6},{"damage":7,"enemies":"Snecko","floor":20,"turns":4},{"damage":26,"enemies":"Chosen and Byrds","floor":22,"turns":8},{"damage":27,"enemies":"Sentry and Sphere","floor":24,"turns":4},{"damage":48,"enemies":"Book of Stabbing","floor":25,"turns":4}],"seed_played":"-2736135200336183203","potions_obtained":[{"floor":1.0,"key":"PowerPotion"},{"floor":7.0,"key":"EssenceOfSteel"},{"floor":12.0,"key":"SpeedPotion"},{"floor":16,"key":"Weak Potion"},{"floor":18,"key":"EssenceOfSteel"},{"floor":22,"key":"SpeedPotion"},{"floor":24,"key":"Strength Potion"}],"is_trial":false,"path_per_floor":["M","?","$","M","M","R","M","M","T","M","R","M","T","$","R","B",null,"M","M","M","?","M","R","M"],"character_chosen":"IRONCLAD","items_purchased":["Carnage","Rage"],"campfire_rested":0,"item_purchase_floors":[3,14],"current_hp_per_floor":[78,67,67,66,72,72,48,54,54,59,59,53,53,53,53,33,70,69,73,78,78,62,62,45,0],"gold":231,"neow_bonus":"","is_prod":false,"is_daily":false,"chose_seed":false,"campfire_upgraded":4,"win_rate":0,"timestamp":1537833093,"path_taken":["M","?","$","?","M","R","M","M","T","M","R","M","?","?","R","BOSS","BOSS","M","M","M","?","M","R","?","E"],"build_version":"2018-09-20","purchased_purges":2,"victory":false,"max_hp_per_floor":[80,80,80,80,80,80,80,80,80,80,80,80,80,80,80,82,82,84,86,88,88,88,88,88,88],"card_choices":[{"not_picked":["Headbutt","Hemokinesis"],"picked":"Armaments","floor":1.0},{"not_picked":["Clothesline","Armaments"],"picked":"Thunderclap","floor":4.0},{"not_picked":["Thunderclap","Cleave"],"picked":"Headbutt","floor":5.0},{"not_picked":["Perfected Strike","Clothesline"],"picked":"Flex","floor":7.0},{"not_picked":["Flex","Immolate"],"picked":"Flame Barrier","floor":8.0},{"not_picked":["Perfected Strike","Armaments"],"picked":"Clash","floor":10.0},{"not_picked":["Entrench","Twin Strike"],"picked":"Pommel Strike","floor":12.0},{"not_picked":["Dark Embrace","Barricade","Double Tap"],"picked":"Singing Bowl","floor":16},{"not_picked":["Thunderclap+1","Searing Blow","Reckless Charge+1"],"picked":"Singing Bowl","floor":18},{"not_picked":["Uppercut","Headbutt+1","Thunderclap"],"picked":"Singing Bowl","floor":19},{"not_picked":["Armaments","Feel No Pain","Uppercut"],"picked":"Singing Bowl","floor":20},{"not_picked":["Body Slam","Evolve"],"picked":"Spot Weakness+1","floor":22},{"not_picked":["Infernal Blade","Anger"],"picked":"Warcry+1","floor":24}],"player_experience":543207,"relics_obtained":[{"floor":9.0,"key":"Singing Bowl"},{"floor":13.0,"key":"MawBank"}],"event_choices":[{"event_name":"World of Goop","player_choice":"Gather Gold","floor":2.0,"damage_taken":0.0},{"event_name":"The Library","player_choice":"Read","floor":21,"damage_taken":0}],"is_beta":false,"boss_relics":[{"not_picked":["Runic Pyramid","Cursed Key"],"picked":"Black Blood"}],"items_purged_floors":[3,14],"is_endless":false,"potions_floor_spawned":[1,7,12,16,18,22,24],"killed_by":"Book of Stabbing","ascension_level":9}