{"gold_per_floor":[119,139,64,80,92,92,108,134,134,59,78,109,109,188,188,259,259,278,289,289,342,352,352,382,382,382,382,382,408,420,439,439,513,513,532,579,579,594,694,728,728,755,779,807,807,837,440,450,450,450,450,450,450,51,79,79],"floor_reached":56,"playtime":5043,"items_purged":["Strike_R","Regret","Regret"],"score":2076,"play_id":"d8c11e5d-f504-47bc-a02e-9a6aee984262","local_time":"20190831191955","is_ascension_mode":true,"campfire_choices":[{"data":"Whirlwind","floor":6.0,"key":"SMITH"},{"data":"True Grit","floor":13.0,"key":"SMITH"},{"data":"Carnage","floor":15.0,"key":"SMITH"},{"data":"Feed","floor":23.0,"key":"SMITH"},{"data":"Disarm","floor":25.0,"key":"SMITH"},{"data":"Shockwave","floor":28.0,"key":"SMITH"},{"data":"Limit Break","floor":32.0,"key":"SMITH"},{"data":"J.A.X.","floor":41.0,"key":"SMITH"},{"floor":49.0,"key":"RECALL"},{"data":"Sword Boomerang","floor":53,"key":"SMITH"}],"neow_cost":"NONE","seed_source_timestamp":178854261207763,"circlet_count":0,"master_deck":["AscendersBane","Strike_R","Strike_R+1","Strike_R","Defend_R","Defend_R","Defend_R","Defend_R","Bash","Whirlwind+1","Clothesline","True Grit+1","Carnage+1","Disarm+1","Feed+1","Ghostly Armor+1","Shockwave+1","Injury","J.A.X.+1","Limit Break+1","Sword Boomerang+1","Immolate+1","True Grit+1","Headbutt+1","Purity","Rupture","Whirlwind+1","Writhe","Burning Pact+1","Reaper","Sword Boomerang"],"special_seed":0,"relics":["Snecko Eye","Oddly Smooth Stone","Bottled Flame","Bag of Marbles","Cursed Key","Blood Vial","Gambling Chip","Meat on the Bone","Mercury Hourglass","Velvet Choker","Ice Cream","Turnip","Art of War","Incense Burner","Frozen Egg 2","Paper Frog","Self Forming Clay","Vajra","Whetstone"],"potions_floor_usage":[51,51,55,55],"damage_taken":[{"damage":0.0,"enemies":"2 Louse","floor":1.0,"turns":3.0},{"damage":4.0,"enemies":"Jaw Worm","floor":2.0,"turns":4.0},{"damage":0.0,"enemies":"Cultist","floor":4.0,"turns":2.0},{"damage":1.0,"enemies":"Blue Slaver","floor":5.0,"turns":3.0},{"damage":1.0,"enemies":"Looter","floor":7.0,"turns":2.0},{"damage":6.0,"enemies":"Gremlin Nob","floor":8.0,"turns":3.0},{"damage":3.0,"enemies":"2 Fungi Beasts","floor":11.0,"turns":3.0},{"damage":1.0,"enemies":"Lagavulin","floor":12.0,"turns":6.0},{"damage":11.0,"enemies":"The Guardian","floor":16.0,"turns":11.0},{"damage":2.0,"enemies":"Spheric Guardian","floor":18.0,"turns":3.0},{"damage":0.0,"enemies":"3 Byrds","floor":19.0,"turns":3.0},{"damage":16.0,"enemies":"Snecko","floor":22.0,"turns":9.0},{"damage":14.0,"enemies":"Slavers","floor":24.0,"turns":4.0},{"damage":30.0,"enemies":"Gremlin Leader","floor":29.0,"turns":6.0},{"damage":5.0,"enemies":"Centurion and Healer","floor":30.0,"turns":4.0},{"damage":12.0,"enemies":"Snake Plant","floor":31.0,"turns":3.0},{"damage":33.0,"enemies":"Champ","floor":33.0,"turns":8.0},{"damage":7.0,"enemies":"3 Shapes","floor":35.0,"turns":5.0},{"damage":0.0,"enemies":"2 Orb Walkers","floor":36.0,"turns":3.0},{"damage":0.0,"enemies":"3 Darklings","floor":38.0,"turns":2.0},{"damage":3.0,"enemies":"Mind Bloom Boss Battle","floor":39.0,"turns":5.0},{"damage":58.0,"enemies":"Nemesis","floor":40.0,"turns":7.0},{"damage":3.0,"enemies":"Reptomancer","floor":42.0,"turns":3.0},{"damage":33.0,"enemies":"Giant Head","floor":44.0,"turns":7.0},{"damage":28.0,"enemies":"Nemesis","floor":46.0,"turns":7.0},{"damage":3.0,"enemies":"Transient","floor":48.0,"turns":6.0},{"damage":42.0,"enemies":"Time Eater","floor":50.0,"turns":7.0},{"damage":69,"enemies":"Awakened One","floor":51,"turns":9},{"damage":78,"enemies":"Shield and Spear","floor":55,"turns":5},{"damage":77,"enemies":"The Heart","floor":56,"turns":8}],"seed_played":"6216521123343388870","potions_obtained":[{"floor":4.0,"key":"FearPotion"},{"floor":5.0,"key":"GamblersBrew"},{"floor":18.0,"key":"Block Potion"},{"floor":19.0,"key":"Swift Potion"},{"floor":24.0,"key":"Regen Potion"},{"floor":33.0,"key":"GamblersBrew"},{"floor":36.0,"key":"Regen Potion"},{"floor":40.0,"key":"AttackPotion"},{"floor":44.0,"key":"Energy Potion"}],"is_trial":false,"path_per_floor":["M","M","?","M","M","R","M","E","T","$","M","E","R","?","R","B",null,"M","M","?","T","M","R","E","R","T","?","R","E","M","M","R","B",null,"M","?","?","M","?","E","R","E","T","E","T","E","$","M","R","B","B",null,"R","$","E","B"],"character_chosen":"IRONCLAD","items_purchased":["Reaper","SteroidPotion","Ancient Potion","Vajra","Explosive Potion","Fire Potion"],"campfire_rested":0,"item_purchase_floors":[47,47,47,54,54,54],"current_hp_per_floor":[68,64,64,64,63,63,62,56,56,56,53,52,52,52,52,41,67,68,71,71,71,60,60,52,52,52,52,52,40,53,59,59,59,93,92,94,89,95,98,58,58,73,73,73,73,59,59,70,70,72,66,116,116,116,73,0],"gold":79,"neow_bonus":"BOSS_RELIC","is_prod":false,"is_daily":false,"chose_seed":false,"campfire_upgraded":9,"win_rate":0,"timestamp":1567293595,"path_taken":["M","M","?","M","M","R","M","E","T","$","M","E","R","?","R","BOSS","M","M","?","?","M","R","E","R","T","?","R","E","M","M","R","BOSS","M","?","?","M","?","E","R","E","T","E","?","E","$","M","R","BOSS","BOSS","R","$","E","BOSS"],"build_version":"2019-07-17","purchased_purges":3,"victory":false,"max_hp_per_floor":[75,75,75,75,75,75,75,75,75,75,75,75,75,75,75,75,75,78,81,81,81,84,84,88,88,88,88,88,92,96,100,100,104,104,108,108,108,112,116,120,120,124,124,128,128,128,128,128,128,128,132,132,132,132,132,132],"card_choices":[{"not_picked":["Pommel Strike","Intimidate"],"picked":"Whirlwind","floor":1.0},{"not_picked":["Thunderclap","Hemokinesis"],"picked":"Clothesline","floor":2.0},{"not_picked":["Cleave","Intimidate"],"picked":"True Grit","floor":4.0},{"not_picked":["Evolve","True Grit","Sword Boomerang"],"picked":"SKIP","floor":5.0},{"not_picked":["Havoc","Warcry","Hemokinesis"],"picked":"SKIP","floor":7.0},{"not_picked":["Second Wind","Power Through"],"picked":"Carnage","floor":8.0},{"not_picked":["Intimidate","Bloodletting"],"picked":"Disarm","floor":11.0},{"not_picked":["Fire Breathing","Pommel Strike","Sever Soul"],"picked":"SKIP","floor":12.0},{"not_picked":["Limit Break","Double Tap"],"picked":"Feed","floor":16.0},{"not_picked":["Sword Boomerang","Headbutt"],"picked":"Ghostly Armor+1","floor":18.0},{"not_picked":["Perfected Strike","Armaments"],"picked":"Shockwave","floor":19.0},{"not_picked":["Clash","Pummel","Thunderclap"],"picked":"SKIP","floor":22.0},{"not_picked":["Perfected Strike","Intimidate+1","Rupture+1"],"picked":"SKIP","floor":24.0},{"not_picked":["Spot Weakness","Heavy Blade"],"picked":"Limit Break","floor":29.0},{"not_picked":["Whirlwind","Fire Breathing","Warcry"],"picked":"SKIP","floor":30.0},{"not_picked":["Flex","Ghostly Armor"],"picked":"Sword Boomerang","floor":31.0},{"not_picked":["Double Tap","Berserk"],"picked":"Immolate","floor":33.0},{"not_picked":["Anger+1","Flex"],"picked":"True Grit+1","floor":35.0},{"not_picked":["Clash","Thunderclap"],"picked":"Headbutt+1","floor":36.0},{"not_picked":["Sadistic Nature","Impatience"],"picked":"Purity","floor":37.0},{"not_picked":["Twin Strike","Intimidate","Havoc"],"picked":"SKIP","floor":38.0},{"not_picked":["Cleave+1","Wild Strike"],"picked":"Rupture","floor":40.0},{"not_picked":["Iron Wave","Perfected Strike+1"],"picked":"Whirlwind+1","floor":42.0},{"not_picked":["Shrug It Off+1","Fire Breathing"],"picked":"Burning Pact+1","floor":44.0},{"not_picked":["Bloodletting+1","Twin Strike","Rage"],"picked":"SKIP","floor":46.0},{"not_picked":["Iron Wave","Armaments","Warcry+1"],"picked":"SKIP","floor":48.0},{"not_picked":["Burning Pact+1","Cleave+1"],"picked":"Sword Boomerang","floor":55}],"player_experience":1922010,"relics_obtained":[{"floor":8.0,"key":"Oddly Smooth Stone"},{"floor":9.0,"key":"Bottled Flame"},{"floor":12.0,"key":"Bag of Marbles"},{"floor":21.0,"key":"Blood Vial"},{"floor":24.0,"key":"Gambling Chip"},{"floor":26.0,"key":"Meat on the Bone"},{"floor":29.0,"key":"Mercury Hourglass"},{"floor":36.0,"key":"Ice Cream"},{"floor":39.0,"key":"Turnip"},{"floor":40.0,"key":"Art of War"},{"floor":42.0,"key":"Incense Burner"},{"floor":44.0,"key":"Frozen Egg 2"},{"floor":45.0,"key":"Paper Frog"},{"floor":46.0,"key":"Self Forming Clay"},{"floor":55,"key":"Whetstone"}],"event_choices":[{"cards_removed":["Strike_R"],"damage_healed":0.0,"max_hp_gain":0.0,"max_hp_loss":0.0,"gold_gain":0.0,"event_name":"The Cleric","player_choice":"Card Removal","floor":3.0,"gold_loss":75.0,"damage_taken":0.0},{"damage_healed":0.0,"max_hp_gain":0.0,"max_hp_loss":0.0,"gold_gain":79.0,"event_name":"Golden Wing","player_choice":"Gained Gold","floor":14.0,"gold_loss":0.0,"damage_taken":0.0},{"damage_healed":0.0,"max_hp_gain":0.0,"max_hp_loss":0.0,"gold_gain":0.0,"event_name":"Ghosts","player_choice":"Ignored","floor":20.0,"gold_loss":0.0,"damage_taken":0.0},{"damage_healed":0.0,"max_hp_gain":0.0,"max_hp_loss":0.0,"gold_gain":0.0,"event_name":"Drug Dealer","player_choice":"Obtain J.A.X.","floor":27.0,"gold_loss":0.0,"damage_taken":0.0,"cards_obtained":["J.A.X."]},{"damage_healed":0.0,"max_hp_gain":0.0,"max_hp_loss":0.0,"gold_gain":0.0,"event_name":"Mysterious Sphere","player_choice":"Fight","floor":36.0,"gold_loss":0.0,"damage_taken":0.0},{"damage_healed":0.0,"max_hp_gain":0.0,"max_hp_loss":0.0,"gold_gain":0.0,"event_name":"SensoryStone","player_choice":"Memory 2","floor":37.0,"gold_loss":0.0,"damage_taken":5.0},{"damage_healed":0.0,"max_hp_gain":0.0,"max_hp_loss":0.0,"gold_gain":0.0,"event_name":"MindBloom","player_choice":"Fight","floor":39.0,"gold_loss":0.0,"damage_taken":0.0}],"is_beta":false,"boss_relics":[{"not_picked":["White Beast Statue","Lizard Tail"],"picked":"Cursed Key"},{"not_picked":["Sozu","Runic Cube"],"picked":"Velvet Choker"}],"items_purged_floors":[10,47,54],"is_endless":false,"potions_floor_spawned":[4,5,18,19,24,33,36,40,44],"killed_by":"The Heart","ascension_level":20}