{"path_per_floor":["M","M","$","?","M","E","?","R","T","?","M","M","R","M","R"],"character_chosen":"THE_SILENT","items_purchased":[],"gold_per_floor":[119,135,60,135,154,179,179,179,179,237,252,267,267,282,282,282],"floor_reached":16,"campfire_rested":3,"playtime":729,"current_hp_per_floor":[66,61,61,50,50,34,27,48,48,17,11,6,27,24,45,0],"items_purged":["Defend_G"],"gold":282,"score":117,"play_id":"41317eff-a378-4a43-b7dc-343df88ffe2e","local_time":"20180406030303","is_prod":false,"is_daily":false,"is_ascension_mode":true,"campfire_upgraded":0,"timestamp":1522998183,"path_taken":["M","M","$","?","?","E","?","R","T","?","M","M","R","M","R","BOSS"],"build_version":"2018-04-05v2","purchased_purges":1,"victory":false,"master_deck":["Defend_G","Defend_G","Defend_G","Defend_G","Strike_G","Strike_G","Strike_G","Strike_G","Survivor","Neutralize","Infinite Blades","Cloak And Dagger","Terror","Setup","Calculated Gamble","All Out Attack","Infinite Blades","PiercingWail"],"max_hp_per_floor":[70,70,70,70,70,70,70,70,70,70,70,70,70,70,70,70],"relics":["Ring of the Snake","Ancient Tea Set","Art of War","Bag of Preparation"],"card_choices":[{"not_picked":["Deadly Poison","Outmaneuver"],"picked":"Infinite Blades","floor":1},{"not_picked":["Concentrate","Choke"],"picked":"Cloak And Dagger","floor":2},{"not_picked":["Caltrops","Underhanded Strike"],"picked":"Terror","floor":5},{"not_picked":["Well Laid Plans","Bane"],"picked":"Setup","floor":6},{"not_picked":["Dagger Spray","Backflip"],"picked":"Calculated Gamble","floor":10},{"not_picked":["Outmaneuver","Deadly Poison"],"picked":"All Out Attack","floor":11},{"not_picked":["Sucker Punch","Eviscerate"],"picked":"Infinite Blades","floor":12},{"not_picked":["Bane","Tools of the Trade"],"picked":"PiercingWail","floor":14}],"player_experience":176868,"potions_floor_usage":[6,16,16],"damage_taken":[{"damage":4,"enemies":"Jaw Worm","floor":1,"turns":5},{"damage":5,"enemies":"Small Slimes","floor":2,"turns":5},{"damage":0,"enemies":"Cultist","floor":5,"turns":3},{"damage":16,"enemies":"Gremlin Nob","floor":6,"turns":3},{"damage":31,"enemies":"Gremlin Nob","floor":10,"turns":5},{"damage":6,"enemies":"2 Fungi Beasts","floor":11,"turns":4},{"damage":5,"enemies":"Looter","floor":12,"turns":3},{"damage":3,"enemies":"Exordium Thugs","floor":14,"turns":3},{"damage":45,"enemies":"Slime Boss","floor":16,"turns":9}],"event_choices":[{"event_name":"World of Goop","player_choice":"Gather Gold","floor":4,"damage_taken":0},{"event_name":"Golden Wing","player_choice":"Card Removal","floor":7,"damage_taken":0},{"event_name":"Dead Adventurer","player_choice":"Searched \u00273\u0027 times","floor":10,"damage_taken":0}],"boss_relics":[],"potions_floor_spawned":[1,5,11,12,14],"seed_played":"5844349382562190834","killed_by":"Slime Boss","ascension_level":3,"is_trial":false}