{"gold_per_floor":[111,111,42,56,56,56,85,85,85,104,133,133,133,148,148,243,243,255,273,273,45,64,64,76,105,105,105,140,65,65,90,90,186,186,205,215,226,71,71,104,104,119,119,145,165,165,165,195,195,195],"floor_reached":51,"playtime":3530,"items_purged":["Strike_R"],"score":1114,"play_id":"f8dc33d2-741c-4468-b05b-50ce2a066457","local_time":"20181024005317","is_ascension_mode":true,"campfire_choices":[{"data":"Havoc","floor":6,"key":"SMITH"},{"floor":8,"key":"REST"},{"data":"Corruption","floor":13,"key":"SMITH"},{"floor":15,"key":"REST"},{"data":"Blood for Blood","floor":23,"key":"SMITH"},{"data":"Flame Barrier","floor":27,"key":"SMITH"},{"floor":32,"key":"REST"},{"floor":41,"key":"REST"},{"floor":46,"key":"DIG"},{"floor":49,"key":"REST"}],"neow_cost":"NONE","seed_source_timestamp":878456975275793,"circlet_count":0,"master_deck":["Strike_R","Strike_R","Defend_R","Defend_R","Defend_R","Defend_R","Bash","Havoc+1","Sentinel","Blood for Blood+1","Corruption+1","Pummel","Double Tap+1","Thunderclap","Exhume","Shrug It Off","Sword Boomerang+1","Shockwave","Carnage","Flame Barrier+1","Feel No Pain+1","Feed","Juggernaut","Shockwave+1","Flash of Steel","Warcry","Iron Wave+1"],"relics":["Bag of Marbles","Letter Opener","Champion Belt","Eternal Feather","Nloth\u0027s Gift","Omamori","Bird Faced Urn","Bronze Scales","Bottled Tornado","Mummified Hand","Busted Crown","Strawberry","Shovel","Molten Egg 2","Ice Cream","Dodecahedron","Anchor"],"potions_floor_usage":[7,16,25,25,28,28,33,44,45,50,50],"damage_taken":[{"damage":9,"enemies":"Small Slimes","floor":1,"turns":6},{"damage":18,"enemies":"Cultist","floor":4,"turns":6},{"damage":26,"enemies":"Gremlin Nob","floor":7,"turns":4},{"damage":0,"enemies":"Jaw Worm","floor":10,"turns":1},{"damage":20,"enemies":"Lagavulin","floor":11,"turns":5},{"damage":10,"enemies":"Red Slaver","floor":14,"turns":3},{"damage":58,"enemies":"The Guardian","floor":16,"turns":8},{"damage":4,"enemies":"2 Thieves","floor":18,"turns":4},{"damage":7,"enemies":"Spheric Guardian","floor":19,"turns":4},{"damage":6,"enemies":"Chosen and Byrds","floor":22,"turns":5},{"damage":2,"enemies":"Centurion and Healer","floor":24,"turns":5},{"damage":15,"enemies":"Book of Stabbing","floor":25,"turns":4},{"damage":19,"enemies":"Slavers","floor":28,"turns":5},{"damage":23,"enemies":"Gremlin Leader","floor":31,"turns":6},{"damage":57,"enemies":"Automaton","floor":33,"turns":9},{"damage":8,"enemies":"Orb Walker","floor":35,"turns":2},{"damage":27,"enemies":"3 Shapes","floor":36,"turns":5},{"damage":18,"enemies":"3 Darklings","floor":37,"turns":3},{"damage":38,"enemies":"Nemesis","floor":40,"turns":7},{"damage":2,"enemies":"Sphere and 2 Shapes","floor":42,"turns":4},{"damage":2,"enemies":"Reptomancer","floor":44,"turns":5},{"damage":8,"enemies":"Jaw Worm Horde","floor":45,"turns":3},{"damage":35,"enemies":"Nemesis","floor":48,"turns":7},{"damage":47,"enemies":"Donu and Deca","floor":50,"turns":10}],"seed_played":"-3049466818146177070","potions_obtained":[{"floor":1,"key":"SpeedPotion"},{"floor":14,"key":"SkillPotion"},{"floor":18,"key":"Strength Potion"},{"floor":19,"key":"Energy Potion"},{"floor":24,"key":"GamblersBrew"},{"floor":25,"key":"Explosive Potion"},{"floor":31,"key":"SkillPotion"},{"floor":37,"key":"Explosive Potion"},{"floor":40,"key":"BloodPotion"},{"floor":44,"key":"Swift Potion"},{"floor":45,"key":"Dexterity Potion"}],"is_trial":false,"path_per_floor":["M","?","$","M","$","R","E","R","T","M","E","?","R","M","R","B",null,"M","M","?","$","M","R","M","E","T","R","E","$","?","E","R","B",null,"M","M","M","$","?","E","R","M","T","E","M","R","?","E","R","B"],"character_chosen":"IRONCLAD","items_purchased":["Sentinel","Shockwave","Omamori","Strawberry"],"campfire_rested":5,"item_purchase_floors":[3,21,21,38],"current_hp_per_floor":[69,69,69,57,57,57,37,61,61,67,53,53,53,49,73,21,65,67,66,66,66,60,69,67,52,52,64,47,47,47,28,64,11,63,59,41,27,34,34,2,44,47,47,51,49,64,87,58,93,57],"gold":195,"neow_bonus":"REMOVE_CARD","is_prod":false,"is_daily":false,"chose_seed":false,"campfire_upgraded":4,"win_rate":0,"timestamp":1540356797,"path_taken":["M","?","$","?","?","R","E","R","T","M","E","?","R","M","R","BOSS","M","M","?","$","M","R","?","E","T","R","E","?","?","E","R","BOSS","M","?","M","$","?","E","R","M","T","E","M","R","?","E","R","BOSS"],"build_version":"2018-10-18","purchased_purges":1,"victory":true,"max_hp_per_floor":[80,80,80,80,80,80,80,80,80,80,80,80,80,80,80,80,80,80,80,80,80,80,80,80,80,80,80,80,80,80,80,80,80,80,80,83,83,90,90,90,90,93,93,93,93,93,93,93,93,93],"card_choices":[{"not_picked":["Battle Trance","Wild Strike"],"picked":"Havoc","floor":1},{"not_picked":["Sentinel","Body Slam"],"picked":"Blood for Blood","floor":4},{"not_picked":["Heavy Blade","Flex"],"picked":"Corruption","floor":7},{"not_picked":["True Grit","Bloodletting"],"picked":"Pummel","floor":10},{"not_picked":["Havoc","Shrug It Off"],"picked":"Double Tap","floor":11},{"not_picked":["Clothesline","Blood for Blood"],"picked":"Thunderclap","floor":14},{"not_picked":["Feed","Offering"],"picked":"Exhume","floor":16},{"not_picked":["Anger","True Grit"],"picked":"Shrug It Off","floor":18},{"not_picked":["Warcry","Dual Wield"],"picked":"Sword Boomerang+1","floor":19},{"not_picked":["Rampage","Wild Strike+1","Thunderclap"],"picked":"SKIP","floor":22},{"not_picked":["Anger","Wild Strike"],"picked":"Carnage","floor":24},{"not_picked":["Heavy Blade","Wild Strike"],"picked":"Flame Barrier","floor":25},{"not_picked":["Thunderclap","Havoc"],"picked":"Feel No Pain+1","floor":28},{"not_picked":["Fiend Fire","Flex"],"picked":"Feed","floor":31},{"not_picked":["Reaper","Limit Break"],"picked":"Juggernaut","floor":33},{"not_picked":["Anger+1"],"picked":"SKIP","floor":35},{"not_picked":[],"picked":"Shockwave+1","floor":36},{"not_picked":["Clothesline"],"picked":"SKIP","floor":37},{"not_picked":[],"picked":"Flash of Steel","floor":39},{"not_picked":["Wild Strike"],"picked":"SKIP","floor":40},{"not_picked":[],"picked":"Warcry","floor":42},{"not_picked":["Heavy Blade+1"],"picked":"SKIP","floor":44},{"not_picked":[],"picked":"Iron Wave+1","floor":45},{"not_picked":["Heavy Blade+1"],"picked":"SKIP","floor":48}],"player_experience":545486,"relics_obtained":[{"floor":7,"key":"Bag of Marbles"},{"floor":9,"key":"Letter Opener"},{"floor":11,"key":"Champion Belt"},{"floor":25,"key":"Bird Faced Urn"},{"floor":26,"key":"Bronze Scales"},{"floor":28,"key":"Bottled Tornado"},{"floor":31,"key":"Mummified Hand"},{"floor":40,"key":"Shovel"},{"floor":43,"key":"Molten Egg 2"},{"floor":44,"key":"Ice Cream"},{"floor":46,"key":"Dodecahedron"},{"floor":48,"key":"Anchor"}],"event_choices":[{"damage_healed":0,"gold_gain":0,"player_choice":"Ignored","damage_taken":0,"max_hp_gain":0,"max_hp_loss":0,"event_name":"Shining Light","floor":2,"gold_loss":0},{"cards_removed":["Strike_R"],"damage_healed":0,"gold_gain":0,"player_choice":"Purged","damage_taken":0,"max_hp_gain":0,"max_hp_loss":0,"event_name":"Purifier","floor":12,"gold_loss":0},{"damage_healed":0,"gold_gain":0,"player_choice":"Traded Relic","damage_taken":0,"relics_obtained":["Nloth\u0027s Gift"],"max_hp_gain":0,"max_hp_loss":0,"event_name":"N\u0027loth","floor":20,"relics_lost":["Burning Blood"],"gold_loss":0},{"damage_healed":0,"gold_gain":0,"player_choice":"Upgraded","damage_taken":0,"max_hp_gain":0,"max_hp_loss":0,"event_name":"Upgrade Shrine","floor":30,"gold_loss":0,"cards_upgraded":["Double Tap"]},{"damage_healed":0,"gold_gain":0,"player_choice":"Memory 1","damage_taken":0,"max_hp_gain":0,"max_hp_loss":0,"event_name":"SensoryStone","floor":39,"gold_loss":0},{"damage_healed":23,"gold_gain":0,"player_choice":"Writhe","damage_taken":0,"max_hp_gain":0,"max_hp_loss":0,"event_name":"Winding Halls","floor":47,"gold_loss":0,"cards_obtained":["Writhe"]}],"is_beta":false,"boss_relics":[{"not_picked":["Lizard Tail","Black Blood"],"picked":"Eternal Feather"},{"not_picked":["Runic Cube","Calling Bell"],"picked":"Busted Crown"}],"items_purged_floors":[29],"is_endless":false,"potions_floor_spawned":[1,14,18,19,24,25,31,37,40,44,45],"ascension_level":9}