{"gold_per_floor":[112,112,130,84,84,84,99,132,132,142,159,7,36,56,56,154,154,174,194,27,45,61,61,91,91,91,91,31,56,73,85,85,188,188,208,208,208,257,17,17,27,27,27,60,5,105,118,136,136,136],"floor_reached":51,"playtime":3064,"items_purged":["Strike_B"],"score":1138,"play_id":"6ce23590-f49b-4f6f-af57-a1ceeeef1903","local_time":"20190702013301","is_ascension_mode":true,"campfire_choices":[{"data":"Sunder","floor":6,"key":"SMITH"},{"floor":15,"key":"REST"},{"data":"Rainbow","floor":23,"key":"SMITH"},{"floor":27,"key":"REST"},{"floor":32,"key":"REST"},{"floor":40,"key":"REST"},{"floor":42,"key":"REST"},{"floor":49,"key":"REST"}],"neow_cost":"NONE","seed_source_timestamp":44948401747538,"circlet_count":0,"master_deck":["AscendersBane","Strike_B+1","Strike_B","Defend_B","Defend_B","Defend_B","Defend_B","Zap","Dualcast","Sunder+1","Compile Driver+1","Ball Lightning","Leap","Streamline","Stack","Rainbow","Rainbow+1","Conserve Battery","Thunder Strike","Hologram+1","Defragment","Sweeping Beam","Tempest","Defragment","Consume","Coolheaded","Coolheaded+1","Electrodynamics","Redo+1","Writhe","Cold Snap+1","All For One+1","White Noise","Cold Snap+1","Static Discharge+1"],"relics":["Snecko Eye","Mercury Hourglass","PreservedInsect","Blood Vial","Whetstone","Sozu","Emotion Chip","The Courier","Du-Vu Doll","Nuclear Battery","StoneCalendar","Vajra","Pen Nib","Question Card","Molten Egg 2","Shovel"],"potions_floor_usage":[13,29,31],"damage_taken":[{"damage":18,"enemies":"Jaw Worm","floor":1,"turns":4},{"damage":0,"enemies":"Cultist","floor":3,"turns":3},{"damage":0,"enemies":"Small Slimes","floor":7,"turns":2},{"damage":15,"enemies":"3 Sentries","floor":8,"turns":5},{"damage":0,"enemies":"Red Slaver","floor":10,"turns":2},{"damage":0,"enemies":"Exordium Thugs","floor":11,"turns":3},{"damage":0,"enemies":"Gremlin Nob","floor":13,"turns":2},{"damage":11,"enemies":"Large Slime","floor":14,"turns":2},{"damage":33,"enemies":"Hexaghost","floor":16,"turns":9},{"damage":0,"enemies":"Spheric Guardian","floor":18,"turns":2},{"damage":5,"enemies":"3 Byrds","floor":19,"turns":3},{"damage":3,"enemies":"Cultist and Chosen","floor":21,"turns":4},{"damage":14,"enemies":"Snake Plant","floor":22,"turns":3},{"damage":9,"enemies":"Slavers","floor":24,"turns":3},{"damage":15,"enemies":"Book of Stabbing","floor":29,"turns":4},{"damage":8,"enemies":"Shelled Parasite and Fungi","floor":30,"turns":3},{"damage":9,"enemies":"Centurion and Healer","floor":31,"turns":2},{"damage":36,"enemies":"Collector","floor":33,"turns":6},{"damage":0,"enemies":"3 Darklings","floor":35,"turns":2},{"damage":60,"enemies":"2 Orb Walkers","floor":38,"turns":6},{"damage":0,"enemies":"Orb Walker","floor":41,"turns":2},{"damage":27,"enemies":"Giant Head","floor":44,"turns":6},{"damage":2,"enemies":"Mind Bloom Boss Battle","floor":46,"turns":3},{"damage":0,"enemies":"3 Darklings","floor":47,"turns":2},{"damage":0,"enemies":"Spire Growth","floor":48,"turns":3},{"damage":23,"enemies":"Donu and Deca","floor":50,"turns":7}],"seed_played":"-4201376567992919342","potions_obtained":[{"floor":3,"key":"Poison Potion"},{"floor":11,"key":"Explosive Potion"},{"floor":13,"key":"Strength Potion"}],"is_trial":false,"path_per_floor":["M","?","M","$","?","R","M","E","T","M","M","$","E","M","R","B",null,"M","M","$","M","M","R","E","?","T","R","$","E","M","M","R","B",null,"M","?","?","?","$","R","M","R","T","E","$","?","M","M","R","B",null],"character_chosen":"DEFECT","items_purchased":["Leap","Blood Vial","Defragment","Sweeping Beam","Consume","Vajra","Pen Nib","White Noise"],"campfire_rested":6,"item_purchase_floors":[4,12,20,20,28,39,39,45],"current_hp_per_floor":[50,50,50,50,50,50,50,35,35,35,35,35,37,28,50,19,61,63,60,60,59,47,47,40,40,40,62,62,49,43,36,58,24,62,64,75,75,15,15,37,39,61,61,36,36,36,38,40,62,41],"gold":136,"neow_bonus":"BOSS_RELIC","is_prod":false,"is_daily":false,"chose_seed":false,"campfire_upgraded":2,"win_rate":0,"timestamp":1561995181,"path_taken":["M","?","M","?","?","R","M","E","T","M","M","$","E","M","R","BOSS","M","M","$","M","M","R","E","?","T","R","?","E","M","M","R","BOSS","M","?","?","?","$","R","M","R","T","E","$","?","M","M","R","BOSS"],"build_version":"2019-01-23","purchased_purges":1,"victory":true,"max_hp_per_floor":[75,75,75,75,75,75,75,75,75,75,75,75,75,75,75,75,75,75,75,75,75,75,75,75,75,75,75,75,75,75,75,75,75,75,75,75,75,75,75,75,75,75,75,75,75,75,75,75,75,75],"card_choices":[{"not_picked":["Steam","Tempest"],"picked":"Sunder","floor":1},{"not_picked":["Steam Power","Scrape"],"picked":"Ball Lightning","floor":3},{"not_picked":["Go for the Eyes","Turbo"],"picked":"Streamline","floor":7},{"not_picked":["Leap","Chill"],"picked":"Stack","floor":8},{"not_picked":["Barrage","Turbo","Hello World"],"picked":"SKIP","floor":10},{"not_picked":["Hologram","Scrape"],"picked":"Rainbow","floor":11},{"not_picked":["Go for the Eyes","Leap"],"picked":"Rainbow","floor":13},{"not_picked":["Stack","Gash"],"picked":"Conserve Battery","floor":14},{"not_picked":["Fission","All For One"],"picked":"Thunder Strike","floor":16},{"not_picked":["Chaos","Conserve Battery+1"],"picked":"Hologram+1","floor":18},{"not_picked":["Go for the Eyes","Hologram+1"],"picked":"Sunder","floor":19},{"not_picked":["Compile Driver+1","Darkness","Go for the Eyes+1"],"picked":"SKIP","floor":21},{"not_picked":["Leap","Turbo","Conserve Battery"],"picked":"SKIP","floor":22},{"not_picked":["Stack+1","Gash"],"picked":"Tempest","floor":24},{"not_picked":["Scrape+1","Sweeping Beam+1"],"picked":"Coolheaded","floor":29},{"not_picked":["Compile Driver+1","Blizzard+1"],"picked":"Coolheaded+1","floor":30},{"not_picked":["Barrage","Tempest","Steam+1"],"picked":"SKIP","floor":31},{"not_picked":["Machine Learning","Core Surge"],"picked":"Electrodynamics","floor":33},{"not_picked":["Barrage","Beam Cell"],"picked":"Redo+1","floor":35},{"not_picked":["Gash+1","Leap"],"picked":"Cold Snap+1","floor":41},{"not_picked":["Gash+1","Electrodynamics","Stack+1"],"picked":"All For One","floor":44},{"not_picked":["Streamline+1","Steam+1","Sweeping Beam+1"],"picked":"Cold Snap+1","floor":46},{"not_picked":["Hologram","Beam Cell+1","Redo","Steam+1"],"picked":"SKIP","floor":47},{"not_picked":["Darkness+1","Electrodynamics","Cold Snap+1"],"picked":"Static Discharge+1","floor":48}],"player_experience":879022,"relics_obtained":[{"floor":8,"key":"Mercury Hourglass"},{"floor":9,"key":"PreservedInsect"},{"floor":13,"key":"Whetstone"},{"floor":24,"key":"Emotion Chip"},{"floor":26,"key":"The Courier"},{"floor":29,"key":"Du-Vu Doll"},{"floor":38,"key":"StoneCalendar"},{"floor":43,"key":"Question Card"},{"floor":44,"key":"Molten Egg 2"},{"floor":46,"key":"Shovel"}],"event_choices":[{"damage_healed":0,"gold_gain":0,"player_choice":"1 cards matched","damage_taken":0,"max_hp_gain":0,"max_hp_loss":0,"event_name":"Match and Keep!","floor":2,"gold_loss":0,"cards_obtained":["Compile Driver"]},{"cards_removed":["Strike_B"],"damage_healed":0,"gold_gain":0,"player_choice":"Offered Basic","damage_taken":0,"max_hp_gain":0,"max_hp_loss":0,"event_name":"Bonfire Elementals","floor":5,"gold_loss":0},{"damage_healed":0,"gold_gain":0,"player_choice":"Copied","damage_taken":0,"max_hp_gain":0,"max_hp_loss":0,"event_name":"Duplicator","floor":25,"gold_loss":0,"cards_obtained":["Defragment"]},{"damage_healed":19,"gold_gain":0,"player_choice":"Writhe","damage_taken":0,"max_hp_gain":0,"max_hp_loss":0,"event_name":"Winding Halls","floor":36,"gold_loss":0,"cards_obtained":["Writhe"]},{"cards_removed":["Sunder"],"damage_healed":0,"gold_gain":0,"player_choice":"Removed Attack","damage_taken":0,"max_hp_gain":0,"max_hp_loss":0,"event_name":"Falling","floor":37,"gold_loss":0},{"damage_healed":0,"gold_gain":0,"player_choice":"Fight","damage_taken":0,"max_hp_gain":0,"max_hp_loss":0,"event_name":"Mysterious Sphere","floor":38,"gold_loss":0},{"damage_healed":0,"gold_gain":0,"player_choice":"Fight","damage_taken":0,"max_hp_gain":0,"max_hp_loss":0,"event_name":"MindBloom","floor":46,"gold_loss":0}],"is_beta":false,"boss_relics":[{"not_picked":["Fusion Hammer","Runic Dome"],"picked":"Sozu"},{"not_picked":["Philosopher\u0027s Stone","Orrery"],"picked":"Nuclear Battery"}],"items_purged_floors":[20],"is_endless":false,"potions_floor_spawned":[3,11,13,18,22,30,31,35,38,41],"ascension_level":11}