{"gold_per_floor":[110,125,137,154,229,229,241,241,266,301,301,266,285,349,349,349],"floor_reached":16,"playtime":736,"items_purged":[],"score":224,"play_id":"118cfb29-09f8-4807-b518-9a0a2faef6de","local_time":"20190821144002","is_ascension_mode":true,"campfire_choices":[{"data":"Beam Cell","floor":6,"key":"SMITH"},{"data":"Barrage","floor":8,"key":"SMITH"},{"floor":11,"key":"REST"},{"data":"Go for the Eyes","floor":15,"key":"SMITH"}],"neow_cost":"NONE","seed_source_timestamp":2157112543169820,"circlet_count":0,"master_deck":["AscendersBane","Strike_B","Strike_B","Strike_B","Strike_B","Defend_B","Defend_B","Defend_B","Defend_B","Zap","Dualcast","Machine Learning","Ball Lightning","Rebound","Barrage+1","Beam Cell+1","Auto Shields","Chill","Go for the Eyes+1","Reprogram"],"relics":["Cracked Core","Pen Nib","Tiny Chest"],"potions_floor_usage":[4,14,16],"damage_taken":[{"damage":7,"enemies":"Jaw Worm","floor":1,"turns":3},{"damage":5,"enemies":"Small Slimes","floor":2,"turns":3},{"damage":1,"enemies":"2 Louse","floor":3,"turns":2},{"damage":2,"enemies":"Looter","floor":4,"turns":3},{"damage":6,"enemies":"Exordium Wildlife","floor":7,"turns":3},{"damage":24,"enemies":"Lagavulin","floor":10,"turns":5},{"damage":0,"enemies":"Red Slaver","floor":13,"turns":3},{"damage":16,"enemies":"3 Sentries","floor":14,"turns":7},{"damage":31,"enemies":"Hexaghost","floor":16,"turns":9}],"seed_played":"7316070823328425411","potions_obtained":[{"floor":1,"key":"Explosive Potion"},{"floor":4,"key":"Dexterity Potion"},{"floor":10,"key":"Dexterity Potion"}],"is_trial":false,"path_per_floor":["M","M","M","M","?","R","M","R","T","E","R","?","M","E","R","B"],"character_chosen":"DEFECT","items_purchased":[],"campfire_rested":1,"item_purchase_floors":[],"current_hp_per_floor":[57,52,51,49,38,38,32,32,32,8,29,46,46,30,30,0],"gold":349,"neow_bonus":"ONE_RANDOM_RARE_CARD","is_prod":false,"is_daily":false,"chose_seed":false,"campfire_upgraded":3,"win_rate":0,"timestamp":1566412802,"path_taken":["M","M","M","M","?","R","M","R","T","E","R","?","M","E","R","BOSS"],"build_version":"2019-07-17","purchased_purges":0,"victory":false,"max_hp_per_floor":[71,71,71,71,71,71,71,71,71,71,71,71,71,71,71,71],"card_choices":[{"not_picked":["Fusion","BootSequence"],"picked":"Ball Lightning","floor":1},{"not_picked":["Barrage","Storm"],"picked":"Rebound","floor":2},{"not_picked":["Leap","Machine Learning"],"picked":"Barrage","floor":3},{"not_picked":["Steam","Turbo"],"picked":"Beam Cell","floor":4},{"not_picked":["Skim","Coolheaded"],"picked":"Auto Shields","floor":7},{"not_picked":["Fusion","Hologram"],"picked":"Chill","floor":10},{"not_picked":["Barrage","Turbo"],"picked":"Go for the Eyes","floor":13},{"not_picked":["Chill","Turbo"],"picked":"Reprogram","floor":14}],"player_experience":1821931,"relics_obtained":[{"floor":10,"key":"Pen Nib"},{"floor":14,"key":"Tiny Chest"}],"event_choices":[{"damage_healed":0,"gold_gain":75,"player_choice":"Gather Gold","damage_taken":11,"max_hp_gain":0,"max_hp_loss":0,"event_name":"World of Goop","floor":5,"gold_loss":0},{"damage_healed":17,"gold_gain":0,"player_choice":"Healed","damage_taken":0,"max_hp_gain":0,"max_hp_loss":0,"event_name":"The Cleric","floor":12,"gold_loss":35}],"is_beta":false,"boss_relics":[],"items_purged_floors":[],"is_endless":false,"potions_floor_spawned":[1,4,10],"killed_by":"Hexaghost","ascension_level":20}