{"gold_per_floor":[110,110,5,5,5,29,72,96,396,420,420,453,24,48,48,48],"floor_reached":16,"playtime":416,"items_purged":[],"score":226,"play_id":"0a50497a-42c4-4adb-8106-ff369799b7d1","local_time":"20190709145901","is_ascension_mode":true,"campfire_choices":[{"data":"Corruption","floor":11,"key":"SMITH"},{"data":"True Grit","floor":15,"key":"SMITH"}],"neow_cost":"NONE","seed_source_timestamp":50105854407458,"circlet_count":0,"master_deck":["AscendersBane","Strike_R+1","Strike_R+1","Strike_R","Strike_R","Strike_R","Defend_R","Defend_R","Defend_R","Defend_R","Bash","Shrug It Off","Injury","Clothesline","True Grit+1","Corruption+1","Pommel Strike+1","Feed+1","Battle Trance","Wild Strike+1","Power Through"],"relics":["Burning Blood","NeowsBlessing","Golden Idol","Molten Egg 2","Anchor","Old Coin","The Courier","Lee\u0027s Waffle","Paper Frog"],"potions_floor_usage":[12,12,16],"damage_taken":[{"damage":0,"enemies":"Small Slimes","floor":1,"turns":1},{"damage":0,"enemies":"Jaw Worm","floor":6,"turns":1},{"damage":0,"enemies":"3 Sentries","floor":7,"turns":2},{"damage":7,"enemies":"2 Louse","floor":10,"turns":5},{"damage":51,"enemies":"Lagavulin","floor":12,"turns":6},{"damage":2,"enemies":"2 Fungi Beasts","floor":14,"turns":3},{"damage":83,"enemies":"Hexaghost","floor":16,"turns":13}],"seed_played":"5546078890405719028","potions_obtained":[{"floor":1,"key":"Swift Potion"},{"floor":12,"key":"Explosive Potion"}],"is_trial":false,"path_per_floor":["M","?","$","?","$","M","E","T","T","M","R","E","$","M","R","B"],"character_chosen":"IRONCLAD","items_purchased":["Clothesline","SteroidPotion","Lee\u0027s Waffle","Paper Frog","Battle Trance","Wild Strike+1"],"campfire_rested":0,"item_purchase_floors":[3,3,13,13,13,13],"current_hp_per_floor":[74,74,74,59,59,65,71,71,71,70,70,25,82,82,82,0],"gold":48,"neow_bonus":"THREE_ENEMY_KILL","is_prod":false,"is_daily":false,"chose_seed":false,"campfire_upgraded":2,"win_rate":0,"timestamp":1562648341,"path_taken":["M","?","$","?","$","M","E","?","T","M","R","E","?","M","R","BOSS"],"build_version":"2019-07-05","purchased_purges":0,"victory":false,"max_hp_per_floor":[75,75,75,75,75,75,75,75,75,75,75,75,82,82,82,82],"card_choices":[{"not_picked":["Blood for Blood","Reckless Charge"],"picked":"Shrug It Off","floor":1},{"not_picked":["Iron Wave","Rupture"],"picked":"True Grit","floor":6},{"not_picked":["Searing Blow","Clothesline"],"picked":"Corruption","floor":7},{"not_picked":["Reckless Charge+1","Iron Wave+1"],"picked":"Pommel Strike+1","floor":10},{"not_picked":["Pommel Strike+1","Cleave+1"],"picked":"Feed+1","floor":12},{"not_picked":["Seeing Red","Sword Boomerang+1"],"picked":"Power Through","floor":14}],"player_experience":962486,"relics_obtained":[{"floor":7,"key":"Molten Egg 2"},{"floor":8,"key":"Anchor"},{"floor":9,"key":"Old Coin"},{"floor":12,"key":"The Courier"}],"event_choices":[{"damage_healed":0,"gold_gain":0,"player_choice":"Take Wound","damage_taken":0,"relics_obtained":["Golden Idol"],"max_hp_gain":0,"max_hp_loss":0,"event_name":"Golden Idol","floor":2,"gold_loss":0,"cards_obtained":["Injury"]},{"damage_healed":0,"gold_gain":0,"player_choice":"Entered Light","damage_taken":15,"max_hp_gain":0,"max_hp_loss":0,"event_name":"Shining Light","floor":4,"gold_loss":0,"cards_upgraded":["Strike_R","Strike_R"]}],"is_beta":false,"boss_relics":[],"items_purged_floors":[],"is_endless":false,"potions_floor_spawned":[1,7,12],"killed_by":"Hexaghost","ascension_level":14}