{"path_per_floor":["M","M","M","?","M","R","$","R","T","R","?","M","M","M","R","B",null,"M","?","M","?","M","R","M","R","T","$","M","$","R","?","R","B",null,"M","$","M","$","T","R","E","$","T","M","?","T","E"],"character_chosen":"IRONCLAD","items_purchased":["Tiny Chest","Dropkick","Magnetism","Dropkick","Warcry"],"gold_per_floor":[119,129,147,97,114,114,39,39,85,85,85,98,117,131,131,231,231,251,251,268,268,283,283,297,297,367,176,191,3,3,102,102,203,203,220,120,131,90,90,90,118,73,73,86,140,163,190,190],"floor_reached":48,"campfire_rested":1,"playtime":3381,"item_purchase_floors":[27,27,29,38,42],"current_hp_per_floor":[78,73,79,79,80,80,80,80,80,80,80,69,70,76,76,45,80,66,51,46,42,27,39,39,39,39,39,42,42,42,42,42,41,42,42,42,42,42,42,42,34,34,34,38,30,30,9,0],"items_purged":["Defend_R","Rupture"],"gold":190,"score":626,"play_id":"608d2687-019e-497d-bc27-a144b79409cf","local_time":"20180622001012","is_prod":false,"is_daily":false,"chose_seed":false,"is_ascension_mode":true,"campfire_upgraded":8,"win_rate":0,"timestamp":1529640612,"campfire_choices":[{"data":"Anger","floor":6,"key":"SMITH"},{"data":"Clothesline","floor":8,"key":"SMITH"},{"data":"Bash","floor":10,"key":"SMITH"},{"data":"Anger","floor":15,"key":"SMITH"},{"floor":23,"key":"REST"},{"data":"Infernal Blade","floor":25,"key":"SMITH"},{"data":"Anger","floor":30,"key":"SMITH"},{"data":"Ghostly","floor":32,"key":"SMITH"},{"data":"Ghostly","floor":40,"key":"SMITH"}],"path_taken":["M","M","M","?","M","R","$","R","T","R","?","?","M","M","R","BOSS","M","?","M","?","M","R","M","R","T","$","M","$","R","?","R","BOSS","M","$","M","$","?","R","E","?","T","M","?","?","E","M"],"build_version":"2018-06-21","seed_source_timestamp":126910398131633,"purchased_purges":2,"circlet_count":0,"victory":false,"master_deck":["Bash+1","Anger+1","Shrug It Off","Clothesline+1","Clothesline","Clash","Anger+1","Anger+1","Immolate","Clothesline","Shrug It Off","Sever Soul","Headbutt","Blood for Blood","True Grit","Rage","Ghostly+1","Ghostly","Ghostly","Ghostly+1","Ghostly","Shockwave+1","Infernal Blade+1","Dropkick","Havoc+1","Magnetism","Bludgeon","Clash+1","Dropkick","Writhe","Warcry","Writhe","True Grit+1","Parasite","Clash"],"max_hp_per_floor":[80,80,80,80,80,80,80,80,80,80,80,80,80,80,80,80,80,80,85,85,42,42,42,42,42,42,42,42,42,42,42,42,42,42,42,42,42,42,42,42,42,42,42,42,42,42,42,42],"relics":["Burning Blood","Bronze Scales","Pandora\u0027s Box","Letter Opener","Tiny Chest","Cursed Key","Gambling Chip","Ancient Tea Set","Gremlin Horn","Red Skull","Vajra","Champion Belt"],"card_choices":[{"not_picked":["Heavy Blade","Sword Boomerang"],"picked":"Anger","floor":1},{"not_picked":["Body Slam","Evolve"],"picked":"Shrug It Off","floor":2},{"not_picked":["Flex","Juggernaut"],"picked":"Clothesline","floor":3},{"not_picked":["Fire Breathing","Wild Strike"],"picked":"Clothesline","floor":5},{"not_picked":["Flex","Feel No Pain","Sentinel"],"picked":"SKIP","floor":12},{"not_picked":["Heavy Blade","Perfected Strike"],"picked":"Anger","floor":13},{"not_picked":["Twin Strike","Power Through"],"picked":"Anger","floor":14},{"not_picked":["Dark Embrace","Barricade"],"picked":"Immolate","floor":16},{"not_picked":["Headbutt","Warcry"],"picked":"True Grit","floor":18},{"not_picked":["Wild Strike","Havoc+1"],"picked":"Rage","floor":20},{"not_picked":["Sentinel","Corruption"],"picked":"Shockwave+1","floor":22},{"not_picked":["Clothesline","Armaments"],"picked":"Infernal Blade","floor":24},{"not_picked":["Sever Soul","Hemokinesis"],"picked":"Havoc+1","floor":28},{"not_picked":["Barricade","Juggernaut"],"picked":"Bludgeon","floor":33},{"not_picked":["Clothesline+1","True Grit"],"picked":"Clash+1","floor":35},{"not_picked":["Rupture+1","Pommel Strike+1","Disarm"],"picked":"SKIP","floor":37},{"not_picked":["Wild Strike","Heavy Blade+1","Flex"],"picked":"SKIP","floor":41},{"not_picked":["Flame Barrier","Sword Boomerang+1"],"picked":"True Grit+1","floor":44},{"not_picked":["Searing Blow+1","Metallicize"],"picked":"Clash","floor":47}],"player_experience":254383,"potions_floor_usage":[16,16,16,20,33,35],"damage_taken":[{"damage":8,"enemies":"2 Louse","floor":1,"turns":3},{"damage":11,"enemies":"Small Slimes","floor":2,"turns":4},{"damage":0,"enemies":"Cultist","floor":3,"turns":2},{"damage":0,"enemies":"Large Slime","floor":5,"turns":5},{"damage":17,"enemies":"Gremlin Gang","floor":12,"turns":3},{"damage":5,"enemies":"Red Slaver","floor":13,"turns":3},{"damage":0,"enemies":"Large Slime","floor":14,"turns":3},{"damage":37,"enemies":"The Guardian","floor":16,"turns":8},{"damage":20,"enemies":"Shell Parasite","floor":18,"turns":4},{"damage":11,"enemies":"2 Thieves","floor":20,"turns":2},{"damage":21,"enemies":"Snecko","floor":22,"turns":6},{"damage":6,"enemies":"Slaver and Parasite","floor":24,"turns":4},{"damage":2,"enemies":"Cultist and Chosen","floor":28,"turns":7},{"damage":7,"enemies":"Champ","floor":33,"turns":10},{"damage":6,"enemies":"Orb Walker","floor":35,"turns":2},{"damage":2,"enemies":"3 Shapes","floor":37,"turns":3},{"damage":14,"enemies":"Nemesis","floor":41,"turns":8},{"damage":2,"enemies":"3 Darklings","floor":44,"turns":3},{"damage":14,"floor":45,"turns":5},{"damage":27,"enemies":"Giant Head","floor":47,"turns":7},{"damage":15,"enemies":"Maw","floor":48,"turns":7}],"relics_obtained":[{"floor":9,"key":"Bronze Scales"},{"floor":26,"key":"Letter Opener"},{"floor":39,"key":"Gambling Chip"},{"floor":41,"key":"Ancient Tea Set"},{"floor":43,"key":"Gremlin Horn"},{"floor":45,"key":"Red Skull"},{"floor":46,"key":"Vajra"},{"floor":47,"key":"Champion Belt"}],"event_choices":[{"event_name":"The Cleric","player_choice":"Card Removal","floor":4,"damage_taken":0},{"event_name":"Match and Keep!","player_choice":"1 cards matched","floor":11,"damage_taken":0},{"event_name":"Forgotten Altar","player_choice":"Shed Blood","floor":19,"damage_taken":0},{"event_name":"Ghosts","player_choice":"Became a Ghost","floor":21,"damage_taken":0},{"event_name":"Nest","player_choice":"Stole From Cult","floor":31,"damage_taken":0},{"event_name":"Mysterious Sphere","player_choice":"Fight","floor":45,"damage_taken":0}],"boss_relics":[{"not_picked":["Empty Cage","Lizard Tail"],"picked":"Pandora\u0027s Box"},{"not_picked":["Fusion Hammer","Coffee Dripper"],"picked":"Cursed Key"}],"items_purged_floors":[7,36],"is_endless":false,"potions_floor_spawned":[2,3,13,16,18,22,24,33,35],"seed_played":"208653319415879787","killed_by":"Maw","ascension_level":4,"potions_obtained":[{"floor":2,"key":"Poison Potion"},{"floor":3,"key":"LiquidBronze"},{"floor":13,"key":"Ancient Potion"},{"floor":16,"key":"FearPotion"},{"floor":18,"key":"Strength Potion"},{"floor":22,"key":"AttackPotion"},{"floor":24,"key":"SpeedPotion"},{"floor":33,"key":"AttackPotion"},{"floor":35,"key":"SpeedPotion"}],"is_trial":false}