{"gold_per_floor":[116,131,149,164,174,174,201,230,254,138,138,37,37,37,37,108,108,127,142,154,172,0,0,0],"floor_reached":24,"playtime":1710,"items_purged":["Strike_G"],"score":396,"play_id":"e4c9e3f3-3bcc-482d-ade7-60a4610ba912","local_time":"20190220184341","is_ascension_mode":true,"campfire_choices":[{"data":"Neutralize","floor":6.0,"key":"SMITH"},{"floor":11,"key":"REST"},{"data":"Noxious Fumes","floor":13,"key":"SMITH"},{"data":"Deflect","floor":15,"key":"SMITH"},{"data":"Skewer","floor":23,"key":"SMITH"}],"neow_cost":"NONE","seed_source_timestamp":0,"circlet_count":0,"master_deck":["AscendersBane","Defend_G","Defend_G+1","Defend_G","Defend_G","Defend_G","Strike_G","Strike_G","Survivor","Neutralize+1","Dodge and Roll+1","Dagger Throw","PiercingWail","Skewer+1","Poisoned Stab","Slice","Cloak And Dagger","Noxious Fumes+1","Footwork","Infinite Blades","Deflect+1","Malaise","PiercingWail","Dagger Spray","Prepared"],"special_seed":0,"relics":["Ring of the Snake","Odd Mushroom","Bird Faced Urn","War Paint","Eternal Feather","Ancient Tea Set"],"potions_floor_usage":[7,8,19,20],"damage_taken":[{"damage":4.0,"enemies":"2 Louse","floor":1.0,"turns":5.0},{"damage":3.0,"enemies":"Jaw Worm","floor":2.0,"turns":6.0},{"damage":0.0,"enemies":"Cultist","floor":3.0,"turns":3.0},{"damage":0.0,"enemies":"Red Slaver","floor":4.0,"turns":6.0},{"damage":6.0,"enemies":"Looter","floor":5.0,"turns":3.0},{"damage":9,"enemies":"The Mushroom Lair","floor":7,"turns":5},{"damage":25,"enemies":"3 Sentries","floor":8,"turns":8},{"damage":16,"enemies":"Hexaghost","floor":16,"turns":11},{"damage":11,"enemies":"Chosen","floor":18,"turns":9},{"damage":16,"enemies":"Shell Parasite","floor":19,"turns":6},{"damage":12,"enemies":"Centurion and Healer","floor":20,"turns":8},{"damage":9,"enemies":"Snecko","floor":21,"turns":7},{"damage":46,"enemies":"Slavers","floor":24,"turns":4}],"seed_played":"-7487972198774635923","potions_obtained":[{"floor":1.0,"key":"Strength Potion"},{"floor":2.0,"key":"Fire Potion"},{"floor":4.0,"key":"SkillPotion"},{"floor":16,"key":"SkillPotion"},{"floor":19,"key":"Poison Potion"},{"floor":20,"key":"SteroidPotion"}],"is_trial":false,"path_per_floor":["M","M","M","M","M","R","?","E","T","$","R","$","R","?","R","B",null,"M","M","M","M","$","R","E"],"character_chosen":"THE_SILENT","items_purchased":["Footwork","Infinite Blades","Deflect","Ancient Tea Set"],"campfire_rested":1,"item_purchase_floors":[10,12,12,22],"current_hp_per_floor":[55,52,52,52,46,46,37,12,12,12,31,31,31,31,31,21,55,48,38,32,29,29,44,0],"gold":0,"neow_bonus":"TRANSFORM_CARD","is_prod":false,"is_daily":false,"chose_seed":false,"campfire_upgraded":4,"win_rate":0,"timestamp":1550706221,"path_taken":["M","M","M","M","M","R","?","E","T","$","R","$","R","?","R","BOSS","M","?","M","M","?","R","E"],"build_version":"2019-01-23","purchased_purges":1,"victory":false,"max_hp_per_floor":[66,66,66,66,66,66,66,66,66,66,66,66,66,66,66,66,66,66,66,66,66,66,66,66],"card_choices":[{"not_picked":["Masterful Stab","Outmaneuver"],"picked":"Dagger Throw","floor":1.0},{"not_picked":["Bane","Backflip"],"picked":"PiercingWail","floor":2.0},{"not_picked":["Flying Knee","Night Terror"],"picked":"Skewer","floor":3.0},{"not_picked":["Outmaneuver","Dodge and Roll"],"picked":"Poisoned Stab","floor":4.0},{"not_picked":["Outmaneuver","Riddle With Holes"],"picked":"Slice","floor":5.0},{"not_picked":["PiercingWail","Blur"],"picked":"Cloak And Dagger","floor":7},{"not_picked":["PiercingWail","Acrobatics"],"picked":"Noxious Fumes","floor":8},{"not_picked":["Grand Finale","After Image"],"picked":"Malaise","floor":16},{"not_picked":["Backflip","Sucker Punch"],"picked":"PiercingWail","floor":18},{"not_picked":["Cloak And Dagger","Dagger Throw"],"picked":"Dagger Spray","floor":19},{"not_picked":["Dagger Throw","Concentrate"],"picked":"Prepared","floor":20},{"not_picked":["Underhanded Strike","Endless Agony","Flechettes"],"picked":"SKIP","floor":21}],"player_experience":1184816,"relics_obtained":[{"floor":7,"key":"Odd Mushroom"},{"floor":8,"key":"Bird Faced Urn"},{"floor":9,"key":"War Paint"}],"event_choices":[{"damage_healed":0,"gold_gain":0,"player_choice":"Fought Mushrooms","damage_taken":0,"max_hp_gain":0,"max_hp_loss":0,"event_name":"Mushrooms","floor":7,"gold_loss":0},{"cards_removed":["Strike_G"],"damage_healed":0,"gold_gain":0,"player_choice":"Card Removal","damage_taken":0,"max_hp_gain":0,"max_hp_loss":0,"event_name":"Wheel of Change","floor":14,"gold_loss":0}],"is_beta":false,"boss_relics":[{"not_picked":["Busted Crown","Black Star"],"picked":"Eternal Feather"}],"items_purged_floors":[10],"is_endless":false,"potions_floor_spawned":[1,2,4,16,19,20],"killed_by":"Slavers","ascension_level":20}