{"gold_per_floor":[114,114,129,129,129,167,167,167,167,190,190,213,234,234,234,358,358,382,382,86,0,21,21,21],"floor_reached":24,"playtime":1385,"items_purged":[],"score":255,"play_id":"6932d96d-a0f3-4a8a-9545-480c161ee8fc","local_time":"20190830200428","is_ascension_mode":true,"campfire_choices":[{"floor":7,"key":"RECALL"},{"data":"Catalyst","floor":11,"key":"SMITH"},{"floor":15,"key":"REST"},{"data":"Backflip","floor":23,"key":"SMITH"}],"neow_cost":"NONE","seed_source_timestamp":54438521728500,"circlet_count":0,"master_deck":["Defend_G","Defend_G","Defend_G","Defend_G","Survivor","Neutralize","Backflip","Catalyst+1","Burst","Predator","Infinite Blades","Bouncing Flask","Dodge and Roll","Calculated Gamble","Bouncing Flask","Choke","Corpse Explosion","Backflip+1","Flying Knee","Bite","Bite","Bite","Bite","Bite","Flechettes+1","Skewer"],"relics":["Ring of the Snake","NeowsBlessing","Golden Idol","Prayer Wheel","Coffee Dripper","Calipers"],"potions_floor_usage":[16,16,16],"damage_taken":[{"damage":0,"enemies":"Cultist","floor":1,"turns":1},{"damage":0,"enemies":"Small Slimes","floor":3,"turns":1},{"damage":0,"enemies":"Lagavulin","floor":6,"turns":1},{"damage":1,"enemies":"Jaw Worm","floor":10,"turns":5},{"damage":14,"enemies":"Exordium Wildlife","floor":12,"turns":6},{"damage":0,"enemies":"Looter","floor":13,"turns":4},{"damage":55,"enemies":"Slime Boss","floor":16,"turns":13},{"damage":0,"enemies":"Spheric Guardian","floor":18,"turns":2},{"damage":19,"enemies":"Shell Parasite","floor":22,"turns":4},{"damage":49,"enemies":"Book of Stabbing","floor":24,"turns":5}],"seed_played":"-3670282125907538","potions_obtained":[{"floor":6,"key":"EntropicBrew"},{"floor":13,"key":"Regen Potion"},{"floor":16,"key":"Ancient Potion"}],"is_trial":false,"path_per_floor":["M","$","M","?","?","E","R","?","T","M","R","M","M","$","R","B",null,"M","?","$","?","M","R","E"],"character_chosen":"THE_SILENT","items_purchased":["Calipers"],"campfire_rested":1,"item_purchase_floors":[20],"current_hp_per_floor":[70,70,70,75,57,57,57,57,57,56,56,42,42,42,64,24,75,75,52,52,52,33,33,0],"gold":21,"neow_bonus":"THREE_ENEMY_KILL","is_prod":false,"is_daily":false,"chose_seed":false,"campfire_upgraded":2,"win_rate":0,"timestamp":1567213468,"path_taken":["M","$","M","?","?","E","R","?","T","M","R","?","M","$","R","BOSS","M","?","$","?","M","R","E"],"build_version":"2019-07-17","purchased_purges":0,"victory":false,"max_hp_per_floor":[70,70,70,75,75,75,75,75,75,75,75,75,75,75,75,75,75,75,52,52,52,52,52,52],"card_choices":[{"not_picked":["Underhanded Strike","Outmaneuver"],"picked":"Backflip","floor":1},{"not_picked":["Deflect","Dodge and Roll"],"picked":"Catalyst","floor":3},{"not_picked":["Storm of Steel","Quick Slash"],"picked":"Burst","floor":6},{"not_picked":["Flying Knee","Terror"],"picked":"Infinite Blades","floor":10},{"not_picked":["Underhanded Strike","Cloak And Dagger"],"picked":"Bouncing Flask","floor":10},{"not_picked":["Heel Hook","Riddle With Holes"],"picked":"Dodge and Roll","floor":12},{"not_picked":["Dodge and Roll","Poisoned Stab"],"picked":"Calculated Gamble","floor":12},{"not_picked":["Tactician","Concentrate"],"picked":"Bouncing Flask","floor":13},{"not_picked":["Riddle With Holes","Dagger Spray"],"picked":"Choke","floor":13},{"not_picked":["Tools of the Trade","Storm of Steel"],"picked":"Corpse Explosion","floor":16},{"not_picked":["Cloak And Dagger","Eviscerate"],"picked":"Backflip","floor":18},{"not_picked":["All Out Attack","Prepared"],"picked":"Flying Knee","floor":18},{"not_picked":["Predator","Poisoned Stab"],"picked":"Flechettes+1","floor":22},{"not_picked":["Setup+1","Choke"],"picked":"Skewer","floor":22}],"player_experience":239989,"relics_obtained":[{"floor":6,"key":"Prayer Wheel"}],"event_choices":[{"damage_healed":0,"gold_gain":0,"player_choice":"Donut","damage_taken":0,"max_hp_gain":5,"max_hp_loss":0,"event_name":"Big Fish","floor":4,"gold_loss":0},{"damage_healed":0,"gold_gain":0,"player_choice":"Take Damage","damage_taken":18,"relics_obtained":["Golden Idol"],"max_hp_gain":0,"max_hp_loss":0,"event_name":"Golden Idol","floor":5,"gold_loss":0},{"damage_healed":0,"gold_gain":0,"cards_transformed":["Defend_G"],"player_choice":"Transformed","damage_taken":0,"max_hp_gain":0,"max_hp_loss":0,"event_name":"Transmorgrifier","floor":8,"gold_loss":0,"cards_obtained":["Predator"]},{"damage_healed":0,"gold_gain":0,"player_choice":"Became a vampire","damage_taken":0,"max_hp_gain":0,"max_hp_loss":23,"event_name":"Vampires","floor":19,"gold_loss":0,"cards_obtained":["Bite","Bite","Bite","Bite","Bite"]},{"damage_healed":0,"gold_gain":0,"player_choice":"Paid Fearfully","damage_taken":0,"max_hp_gain":0,"max_hp_loss":0,"event_name":"Masked Bandits","floor":21,"gold_loss":86}],"is_beta":false,"boss_relics":[{"not_picked":["Cursed Key","HoveringKite"],"picked":"Coffee Dripper"}],"items_purged_floors":[],"is_endless":false,"potions_floor_spawned":[6,13,16,18],"killed_by":"Book of Stabbing","ascension_level":1}