{"gold_per_floor":[11,11,11,31,45,80,80,96,148,174,13,13,13,27,27,126,126,142,57,57],"floor_reached":20,"playtime":496,"items_purged":[],"score":337,"play_id":"4df3abdc-7e8b-4d97-832f-39f8cc3ea823","local_time":"20190809195812","is_ascension_mode":true,"campfire_choices":[{"floor":7,"key":"REST"},{"floor":15,"key":"REST"}],"neow_cost":"NO_GOLD","seed_source_timestamp":94084117538425,"circlet_count":0,"master_deck":["AscendersBane","Strike_R","Strike_R","Strike_R","Strike_R","Defend_R","Defend_R","Defend_R","Defend_R","Bash","Anger","Offering","Pommel Strike","Clothesline","Spot Weakness","Pommel Strike","Injury","Seeing Red","Feed","Demon Form","Dropkick+1"],"relics":["Burning Blood","Peace Pipe","Matryoshka","Dream Catcher","Potion Belt","Singing Bowl","Pen Nib","Golden Idol","Mark of Pain","Happy Flower"],"potions_floor_usage":[6,14,18,20,20],"damage_taken":[{"damage":14,"enemies":"Jaw Worm","floor":1,"turns":4},{"damage":8,"enemies":"Small Slimes","floor":4,"turns":3},{"damage":6,"enemies":"2 Louse","floor":5,"turns":2},{"damage":36,"enemies":"3 Sentries","floor":6,"turns":7},{"damage":16,"enemies":"Exordium Thugs","floor":8,"turns":3},{"damage":18,"enemies":"Gremlin Nob","floor":10,"turns":3},{"damage":12,"enemies":"Looter","floor":14,"turns":2},{"damage":30,"enemies":"Hexaghost","floor":16,"turns":7},{"damage":33,"enemies":"Shell Parasite","floor":18,"turns":5},{"damage":49,"enemies":"Chosen","floor":20,"turns":4}],"seed_played":"5454486523840510155","potions_obtained":[{"floor":4,"key":"EntropicBrew"},{"floor":5,"key":"EssenceOfSteel"},{"floor":8,"key":"SkillPotion"},{"floor":16,"key":"SkillPotion"},{"floor":18,"key":"GamblersBrew"}],"is_trial":false,"path_per_floor":["M","?","?","M","M","E","R","M","T","E","$","?","?","M","R","B",null,"M","?","M"],"character_chosen":"IRONCLAD","items_purchased":["Pen Nib"],"campfire_rested":2,"item_purchase_floors":[11],"current_hp_per_floor":[60,60,65,63,63,33,57,47,47,37,37,37,37,31,55,31,69,42,42,0],"gold":57,"neow_bonus":"ONE_RARE_RELIC","is_prod":false,"is_daily":false,"chose_seed":false,"campfire_upgraded":0,"win_rate":0,"timestamp":1565344692,"path_taken":["M","?","?","M","M","E","R","M","T","E","$","?","?","M","R","BOSS","M","?","M"],"build_version":"2019-07-17","purchased_purges":0,"victory":false,"max_hp_per_floor":[75,75,80,80,80,80,80,80,80,82,82,82,82,82,82,82,82,82,82,82],"card_choices":[{"not_picked":["Body Slam","Sentinel"],"picked":"Anger","floor":1},{"not_picked":["Flex","Disarm"],"picked":"Pommel Strike","floor":4},{"not_picked":["Havoc","Body Slam"],"picked":"Clothesline","floor":5},{"not_picked":["Headbutt","Combust"],"picked":"Spot Weakness","floor":6},{"not_picked":["Armaments","Twin Strike"],"picked":"Pommel Strike","floor":8},{"not_picked":["Anger","Havoc","Blood for Blood"],"picked":"Singing Bowl","floor":10},{"not_picked":["Clothesline","Body Slam"],"picked":"Seeing Red","floor":14},{"not_picked":["Pummel","Hemokinesis"],"picked":"Feed","floor":15},{"not_picked":["Berserk","Bludgeon"],"picked":"Demon Form","floor":16},{"not_picked":["Warcry","Clothesline"],"picked":"Dropkick+1","floor":18}],"player_experience":1176849,"relics_obtained":[{"floor":6,"key":"Matryoshka"},{"floor":9,"key":"Dream Catcher"},{"floor":9,"key":"Potion Belt"},{"floor":10,"key":"Singing Bowl"}],"event_choices":[{"damage_healed":0,"gold_gain":0,"cards_transformed":["Strike_R"],"player_choice":"Change","damage_taken":0,"max_hp_gain":0,"max_hp_loss":0,"event_name":"Living Wall","floor":2,"gold_loss":0,"cards_obtained":["Offering"]},{"damage_healed":0,"gold_gain":0,"player_choice":"Donut","damage_taken":0,"max_hp_gain":5,"max_hp_loss":0,"event_name":"Big Fish","floor":3,"gold_loss":0},{"damage_healed":0,"gold_gain":0,"player_choice":"Ignored","damage_taken":0,"max_hp_gain":0,"max_hp_loss":0,"event_name":"Liars Game","floor":12,"gold_loss":0},{"damage_healed":0,"gold_gain":0,"player_choice":"Take Wound","damage_taken":0,"relics_obtained":["Golden Idol"],"max_hp_gain":0,"max_hp_loss":0,"event_name":"Golden Idol","floor":13,"gold_loss":0,"cards_obtained":["Injury"]},{"damage_healed":0,"gold_gain":0,"player_choice":"Obtained Relic","damage_taken":0,"relics_obtained":["Happy Flower"],"max_hp_gain":0,"max_hp_loss":0,"event_name":"Addict","floor":19,"gold_loss":85}],"is_beta":false,"boss_relics":[{"not_picked":["Tiny House","Sozu"],"picked":"Mark of Pain"}],"items_purged_floors":[],"is_endless":false,"potions_floor_spawned":[4,5,8,16,18],"killed_by":"Chosen","ascension_level":17}