{"gold_per_floor":[10,23,42,62,77,104,104,104,104,122,137,200,214,249,249,353,403,417,417,434,68,81,81],"floor_reached":23,"playtime":1165,"items_purged":["Strike_R"],"score":331,"play_id":"f956b895-8436-4a10-852b-4014cd7b83da","local_time":"20181203004523","is_ascension_mode":true,"campfire_choices":[{"data":"Fiend Fire","floor":8,"key":"SMITH"},{"floor":15,"key":"REST"}],"neow_cost":"NO_GOLD","seed_source_timestamp":20380831684186,"circlet_count":0,"master_deck":["AscendersBane","Strike_R","Strike_R","Strike_R","Defend_R","Defend_R","Defend_R","Defend_R","Bash","Fiend Fire+1","Battle Trance","Infernal Blade","Flex","Shrug It Off+1","Dual Wield","Metallicize","Power Through","Anger","Ghostly Armor+1","Bludgeon","Dropkick","Madness+1","Burning Pact+1","Apotheosis+1"],"relics":["Burning Blood","Art of War","WingedGreaves","Toxic Egg 2","Du-Vu Doll","Tiny House","Tiny Chest"],"potions_floor_usage":[5,11,12,16,18,22],"damage_taken":[{"damage":10,"enemies":"Cultist","floor":1,"turns":5},{"damage":8,"enemies":"Small Slimes","floor":2,"turns":2},{"damage":0,"enemies":"2 Louse","floor":3,"turns":2},{"damage":0,"enemies":"Large Slime","floor":4,"turns":4},{"damage":16,"enemies":"Exordium Thugs","floor":5,"turns":4},{"damage":20,"enemies":"Gremlin Nob","floor":6,"turns":3},{"damage":14,"enemies":"3 Louse","floor":10,"turns":3},{"damage":1,"enemies":"Looter","floor":11,"turns":3},{"damage":44,"enemies":"Lagavulin Event","floor":12,"turns":6},{"damage":0,"enemies":"Blue Slaver","floor":13,"turns":3},{"damage":15,"enemies":"Lagavulin","floor":14,"turns":7},{"damage":20,"enemies":"Slime Boss","floor":16,"turns":18},{"damage":7,"enemies":"Shell Parasite","floor":18,"turns":2},{"damage":12,"enemies":"Chosen","floor":20,"turns":7},{"damage":25,"enemies":"Snake Plant","floor":22,"turns":4},{"damage":48,"enemies":"Slavers","floor":23,"turns":4}],"seed_played":"-7620059684470475278","potions_obtained":[{"floor":2,"key":"BloodPotion"},{"floor":3,"key":"Block Potion"},{"floor":10,"key":"Strength Potion"},{"floor":14,"key":"PowerPotion"},{"floor":16,"key":"Swift Potion"},{"floor":17,"key":"FearPotion"},{"floor":20,"key":"Regen Potion"}],"is_trial":false,"path_per_floor":["M","M","M","M","M","E","?","R","T","M","M","?","M","E","R","B",null,"M","?","M","$","M","E"],"character_chosen":"IRONCLAD","items_purchased":["Apotheosis+1","Tiny Chest"],"campfire_rested":1,"item_purchase_floors":[21,21],"current_hp_per_floor":[68,66,72,78,68,54,54,54,54,46,59,21,27,18,42,28,72,71,55,49,49,42,0],"gold":81,"neow_bonus":"THREE_RARE_CARDS","is_prod":false,"is_daily":false,"chose_seed":false,"campfire_upgraded":1,"win_rate":0,"timestamp":1543815923,"path_taken":["M","?","M","M","M","E","?","R","T","?","M","?","M","E","R","BOSS","M","?","M","$","?","E"],"build_version":"2018-11-15","purchased_purges":1,"victory":false,"max_hp_per_floor":[80,80,80,80,80,80,80,80,80,80,80,80,80,80,80,80,85,85,85,85,85,85,85],"card_choices":[{"not_picked":["Reaper","Demon Form"],"picked":"Fiend Fire","floor":0},{"not_picked":["Heavy Blade","Pommel Strike"],"picked":"Battle Trance","floor":1},{"not_picked":["Pummel","Rage"],"picked":"Infernal Blade","floor":2},{"not_picked":["Cleave","Clothesline"],"picked":"Flex","floor":3},{"not_picked":["Heavy Blade","Perfected Strike"],"picked":"Shrug It Off","floor":4},{"not_picked":["Heavy Blade","Searing Blow","Clash"],"picked":"SKIP","floor":5},{"not_picked":["Carnage","Clash"],"picked":"Dual Wield","floor":6},{"not_picked":["Wild Strike","Rage"],"picked":"Power Through","floor":10},{"not_picked":["Havoc","Entrench"],"picked":"Anger","floor":11},{"not_picked":["Heavy Blade","Pommel Strike"],"picked":"Ghostly Armor+1","floor":13},{"not_picked":["Rampage","Reaper","Headbutt"],"picked":"SKIP","floor":14},{"not_picked":["Brutality","Fiend Fire"],"picked":"Bludgeon","floor":16},{"not_picked":["Anger","Sword Boomerang"],"picked":"Dropkick","floor":17},{"not_picked":["Armaments+1","Perfected Strike","Reckless Charge+1"],"picked":"SKIP","floor":18},{"not_picked":["Warcry+1","Clash+1"],"picked":"Burning Pact+1","floor":20},{"not_picked":["Heavy Blade","Armaments+1","Intimidate+1"],"picked":"SKIP","floor":22}],"player_experience":779957,"relics_obtained":[{"floor":6,"key":"Art of War"},{"floor":9,"key":"WingedGreaves"},{"floor":12,"key":"Toxic Egg 2"},{"floor":14,"key":"Du-Vu Doll"}],"event_choices":[{"damage_healed":0,"gold_gain":0,"cards_transformed":["Strike_R"],"player_choice":"Transformed","damage_taken":0,"max_hp_gain":0,"max_hp_loss":0,"event_name":"Transmorgrifier","floor":7,"gold_loss":0,"cards_obtained":["Metallicize"]},{"damage_healed":0,"gold_gain":0,"player_choice":"Searched \u00272\u0027 times","damage_taken":0,"max_hp_gain":0,"max_hp_loss":0,"event_name":"Dead Adventurer","floor":12,"gold_loss":0},{"damage_healed":0,"gold_gain":0,"player_choice":"CARD ","damage_taken":16,"max_hp_gain":0,"max_hp_loss":0,"event_name":"Knowing Skull","floor":19,"potions_obtained":[],"gold_loss":0,"cards_obtained":["Madness"]}],"is_beta":false,"boss_relics":[{"not_picked":["Astrolabe","Pandora\u0027s Box"],"picked":"Tiny House"}],"items_purged_floors":[21],"is_endless":false,"potions_floor_spawned":[2,3,10,14,16,20],"killed_by":"Slavers","ascension_level":12}