{"gold_per_floor":[119,133,133,133,133,133,147,176,202,217,228,241,241,241],"floor_reached":14,"playtime":591,"items_purged":[],"score":184,"play_id":"d7c79f98-446a-42a0-a53d-8f9ce592a9f0","local_time":"20190506045100","is_ascension_mode":true,"campfire_choices":[{"floor":6.0,"key":"REST"},{"floor":13,"key":"REST"}],"neow_cost":"NONE","seed_source_timestamp":1017030949934226,"circlet_count":0,"master_deck":["AscendersBane","Defend_G","Defend_G","Defend_G","Defend_G","Defend_G","Strike_G","Strike_G+1","Strike_G","Strike_G","Strike_G","Survivor","Neutralize+1","Caltrops","Endless Agony+1","Endless Agony","Skewer","Quick Slash","Dash","Corpse Explosion"],"special_seed":0,"relics":["Ring of the Snake","Blood Vial","Bronze Scales","Whetstone"],"potions_floor_usage":[10,14],"damage_taken":[{"damage":1.0,"enemies":"2 Louse","floor":1.0,"turns":4.0},{"damage":1.0,"enemies":"Small Slimes","floor":2.0,"turns":5.0},{"damage":0.0,"enemies":"Jaw Worm","floor":7.0,"turns":5.0},{"damage":7.0,"enemies":"3 Sentries","floor":8.0,"turns":7.0},{"damage":0,"enemies":"Blue Slaver","floor":10,"turns":1},{"damage":14,"enemies":"Large Slime","floor":11,"turns":4},{"damage":2,"enemies":"2 Fungi Beasts","floor":12,"turns":3},{"damage":42,"enemies":"Gremlin Nob","floor":14,"turns":4}],"seed_played":"-5713862731068764693","potions_obtained":[{"floor":0.0,"key":"Strength Potion"},{"floor":0.0,"key":"Block Potion"},{"floor":1.0,"key":"Strength Potion"},{"floor":8.0,"key":"FearPotion"},{"floor":10,"key":"SpeedPotion"}],"is_trial":false,"path_per_floor":["M","M","?","?","?","R","M","E","T","M","M","M","R","E"],"character_chosen":"THE_SILENT","items_purchased":[],"campfire_rested":2,"item_purchase_floors":[],"current_hp_per_floor":[58,57,57,1,1,20,22,17,17,19,7,7,26,0],"gold":241,"neow_bonus":"THREE_SMALL_POTIONS","is_prod":false,"is_daily":false,"chose_seed":false,"campfire_upgraded":0,"win_rate":0,"timestamp":1557132660,"path_taken":["M","M","?","?","?","R","M","E","T","M","M","M","R","E"],"build_version":"2019-01-23","purchased_purges":0,"victory":false,"max_hp_per_floor":[66,66,66,66,66,66,66,66,66,66,66,66,66,66],"card_choices":[{"not_picked":["Deadly Poison","Underhanded Strike"],"picked":"Caltrops","floor":1.0},{"not_picked":["Noxious Fumes","Cloak And Dagger"],"picked":"Endless Agony","floor":2.0},{"not_picked":["Distraction","Eviscerate"],"picked":"Endless Agony","floor":7.0},{"not_picked":["Infinite Blades","Slice"],"picked":"Skewer","floor":8.0},{"not_picked":["Dodge and Roll","Flechettes"],"picked":"Quick Slash","floor":10},{"not_picked":["Underhanded Strike","Skewer"],"picked":"Dash","floor":11},{"not_picked":["Dodge and Roll","Dagger Throw"],"picked":"Corpse Explosion","floor":12}],"player_experience":1445456,"relics_obtained":[{"floor":8.0,"key":"Bronze Scales"},{"floor":9.0,"key":"Whetstone"}],"event_choices":[{"damage_healed":0.0,"max_hp_gain":0.0,"max_hp_loss":0.0,"gold_gain":0.0,"event_name":"Living Wall","player_choice":"Grow","floor":3.0,"gold_loss":0.0,"damage_taken":0.0,"cards_upgraded":["Neutralize"]},{"damage_healed":0.0,"max_hp_gain":0.0,"max_hp_loss":0.0,"gold_gain":0.0,"event_name":"Scrap Ooze","player_choice":"Success","floor":4.0,"gold_loss":0.0,"damage_taken":56.0,"relics_obtained":["Blood Vial"]},{"damage_healed":0.0,"max_hp_gain":0.0,"max_hp_loss":0.0,"gold_gain":0.0,"event_name":"Liars Game","player_choice":"Ignored","floor":5.0,"gold_loss":0.0,"damage_taken":0.0}],"is_beta":false,"boss_relics":[],"items_purged_floors":[],"is_endless":false,"potions_floor_spawned":[1,8,10],"killed_by":"Gremlin Nob","ascension_level":20}