{"gold_per_floor":[119,131,151,101,26,26,43,43,67,86,99,99,74,90,90,186,186,186,36,36,36,36,36,36,36,36,36,36,36,36,36,36,36,36,36,36,36,36,36,36,36,36,36,36,36,36,36,36,36,36],"floor_reached":50,"playtime":3438,"items_purged":["Strike_G"],"score":799,"play_id":"5c5dceec-5c09-402b-9e08-f7a3b81dfe07","local_time":"20181027133920","is_ascension_mode":true,"campfire_choices":[{"data":"Deadly Poison","floor":6,"key":"SMITH"},{"data":"Blur","floor":8,"key":"SMITH"},{"data":"Envenom","floor":15,"key":"SMITH"},{"data":"Neutralize","floor":23,"key":"SMITH"},{"data":"Backflip","floor":27,"key":"SMITH"},{"floor":32,"key":"REST"},{"floor":41,"key":"REST"},{"data":"Poisoned Stab","floor":44,"key":"SMITH"},{"floor":49,"key":"REST"}],"neow_cost":"NONE","seed_source_timestamp":79639527373629,"circlet_count":0,"master_deck":["Defend_G","Defend_G","Defend_G","Defend_G","Defend_G","Strike_G","Survivor","Neutralize+1","Escape Plan","Backflip+1","Deadly Poison+1","Blur+1","Envenom+1","Dagger Spray","Slice","Poisoned Stab+1","Die Die Die","Blur+1","Dodge and Roll+1","Slice+1","Dash+1","Poisoned Stab+1"],"relics":["Ring of the Serpent","Ancient Tea Set","Ectoplasm","Snake Skull","Regal Pillow","Bottled Lightning","Calipers","MutagenicStrength","Bronze Scales","Omamori","Smiling Mask"],"potions_floor_usage":[10,24,24,28,30,33,35,50,50],"damage_taken":[{"damage":7,"enemies":"Jaw Worm","floor":1,"turns":10},{"damage":0,"enemies":"2 Louse","floor":2,"turns":4},{"damage":0,"enemies":"Cultist","floor":3,"turns":5},{"damage":0,"enemies":"3 Louse","floor":7,"turns":4},{"damage":2,"enemies":"Exordium Wildlife","floor":10,"turns":6},{"damage":13,"enemies":"Large Slime","floor":11,"turns":9},{"damage":0,"enemies":"Looter","floor":14,"turns":3},{"damage":13,"enemies":"The Guardian","floor":16,"turns":11},{"damage":0,"enemies":"3 Byrds","floor":18,"turns":4},{"damage":0,"enemies":"Chosen","floor":20,"turns":5},{"damage":0,"enemies":"Snecko","floor":21,"turns":5},{"damage":13,"enemies":"Slavers","floor":24,"turns":4},{"damage":0,"enemies":"3 Cultists","floor":25,"turns":5},{"damage":0,"enemies":"Book of Stabbing","floor":28,"turns":5},{"damage":18,"enemies":"Slavers","floor":30,"turns":4},{"damage":1,"enemies":"Centurion and Healer","floor":31,"turns":7},{"damage":20,"enemies":"Collector","floor":33,"turns":8},{"damage":11,"enemies":"3 Shapes","floor":35,"turns":4},{"damage":0,"enemies":"Orb Walker","floor":37,"turns":4},{"damage":31,"enemies":"Writhing Mass","floor":39,"turns":5},{"damage":10,"enemies":"Nemesis","floor":40,"turns":7},{"damage":0,"enemies":"Maw","floor":42,"turns":7},{"damage":18,"enemies":"Spire Growth","floor":47,"turns":5},{"damage":1,"enemies":"Sphere and 2 Shapes","floor":48,"turns":5},{"damage":72,"enemies":"Time Eater","floor":50,"turns":9}],"seed_played":"-1341134515378000849","potions_obtained":[{"floor":1,"key":"Fire Potion"},{"floor":3,"key":"Energy Potion"},{"floor":16,"key":"SteroidPotion"},{"floor":20,"key":"Weak Potion"},{"floor":21,"key":"AttackPotion"},{"floor":24,"key":"Swift Potion"},{"floor":25,"key":"Swift Potion"},{"floor":33,"key":"SpeedPotion"},{"floor":37,"key":"Strength Potion"},{"floor":42,"key":"LiquidBronze"}],"is_trial":false,"path_per_floor":["M","M","M","?","$","R","M","R","T","M","M","?","$","M","R","B",null,"M","$","M","M","?","R","E","M","T","R","E","?","E","M","R","B",null,"M","?","M","?","M","E","R","M","T","R","$","?","M","M","R"],"character_chosen":"THE_SILENT","items_purchased":["Slice","Snake Skull"],"campfire_rested":3,"item_purchase_floors":[13,19],"current_hp_per_floor":[56,56,56,56,56,56,56,56,56,54,41,34,34,34,34,21,58,58,58,58,58,58,58,45,45,45,45,45,45,27,26,62,42,63,52,52,52,52,21,11,47,47,47,47,47,65,47,46,70,0],"gold":36,"neow_bonus":"REMOVE_CARD","is_prod":false,"is_daily":false,"chose_seed":false,"campfire_upgraded":6,"win_rate":0,"timestamp":1540661960,"path_taken":["M","M","M","?","$","R","M","R","T","M","M","?","?","M","R","BOSS","M","$","M","M","?","R","E","M","T","R","E","?","E","M","R","BOSS","M","?","?","?","M","E","R","?","T","R","?","?","M","M","R","BOSS"],"build_version":"2018-10-25v2","purchased_purges":1,"victory":false,"max_hp_per_floor":[70,70,70,70,70,70,70,70,70,70,70,70,70,70,70,70,70,70,70,70,70,70,70,70,70,70,70,70,70,70,70,70,70,70,70,70,70,70,70,70,70,70,70,70,70,70,70,70,70,70],"card_choices":[{"not_picked":["Outmaneuver","Noxious Fumes"],"picked":"Escape Plan","floor":1},{"not_picked":["Well Laid Plans","Cloak And Dagger"],"picked":"Backflip","floor":2},{"not_picked":["Prepared","Backflip"],"picked":"Deadly Poison","floor":3},{"not_picked":["Acrobatics","Well Laid Plans"],"picked":"Blur","floor":7},{"not_picked":["Poisoned Stab","Deadly Poison"],"picked":"Envenom","floor":10},{"not_picked":["Setup","Outmaneuver"],"picked":"Dagger Spray","floor":11},{"not_picked":["Underhanded Strike","Eviscerate"],"picked":"Poisoned Stab","floor":14},{"not_picked":["Unload","Venomology"],"picked":"Die Die Die","floor":16},{"not_picked":["Dodge and Roll","Bouncing Flask"],"picked":"Blur+1","floor":18},{"not_picked":["Prepared","Finisher","Terror"],"picked":"SKIP","floor":20},{"not_picked":["Leg Sweep","Acrobatics"],"picked":"Dodge and Roll+1","floor":21},{"not_picked":["Dodge and Roll","Endless Agony"],"picked":"Slice+1","floor":24},{"not_picked":["Footwork","Slice+1","Deadly Poison"],"picked":"SKIP","floor":25},{"not_picked":["Dagger Spray","Footwork","Setup"],"picked":"SKIP","floor":28},{"not_picked":["Underhanded Strike+1","Reflex","Caltrops"],"picked":"SKIP","floor":30},{"not_picked":["Predator","Backflip","Deadly Poison"],"picked":"SKIP","floor":31},{"not_picked":["Distraction","Escape Plan","Acrobatics+1"],"picked":"SKIP","floor":35},{"not_picked":["Deadly Poison","Flying Knee","Backstab"],"picked":"SKIP","floor":37},{"not_picked":["Dagger Throw","Dagger Spray+1"],"picked":"Dash+1","floor":39},{"not_picked":["Flying Knee+1","Deadly Poison"],"picked":"Poisoned Stab+1","floor":40},{"not_picked":["Expertise+1","Dagger Throw","Accuracy"],"picked":"SKIP","floor":42},{"not_picked":["Heel Hook","Dagger Spray","Outmaneuver"],"picked":"SKIP","floor":47},{"not_picked":["Flying Knee+1","Masterful Stab+1","Outmaneuver+1"],"picked":"SKIP","floor":48}],"player_experience":560254,"relics_obtained":[{"floor":9,"key":"Ancient Tea Set"},{"floor":24,"key":"Regal Pillow"},{"floor":26,"key":"Bottled Lightning"},{"floor":28,"key":"Calipers"},{"floor":30,"key":"Bronze Scales"},{"floor":40,"key":"Omamori"},{"floor":43,"key":"Smiling Mask"}],"event_choices":[{"cards_removed":["Strike_G"],"damage_healed":0,"gold_gain":0,"player_choice":"Card Removal","damage_taken":0,"max_hp_gain":0,"max_hp_loss":0,"event_name":"The Cleric","floor":4,"gold_loss":50},{"cards_removed":["Strike_G"],"damage_healed":0,"gold_gain":0,"player_choice":"Card Removal","damage_taken":7,"max_hp_gain":0,"max_hp_loss":0,"event_name":"Golden Wing","floor":12,"gold_loss":0},{"damage_healed":0,"gold_gain":0,"player_choice":"Ignored","damage_taken":0,"max_hp_gain":0,"max_hp_loss":0,"event_name":"Ghosts","floor":22,"gold_loss":0},{"damage_healed":0,"gold_gain":0,"player_choice":"Inject Mutagens","damage_taken":0,"relics_obtained":["MutagenicStrength"],"max_hp_gain":0,"max_hp_loss":0,"event_name":"Drug Dealer","floor":29,"gold_loss":0},{"damage_healed":0,"gold_gain":0,"player_choice":"Ignored","damage_taken":0,"max_hp_gain":0,"max_hp_loss":0,"event_name":"SecretPortal","floor":36,"gold_loss":0},{"damage_healed":0,"gold_gain":0,"player_choice":"Ignored","damage_taken":0,"max_hp_gain":0,"max_hp_loss":0,"event_name":"WeMeetAgain","floor":38,"gold_loss":0},{"damage_healed":18,"gold_gain":0,"player_choice":"Writhe","damage_taken":0,"max_hp_gain":0,"max_hp_loss":0,"event_name":"Winding Halls","floor":46,"gold_loss":0,"cards_obtained":["Writhe"]}],"is_beta":false,"boss_relics":[{"not_picked":["Calling Bell","Snecko Eye"],"picked":"Ectoplasm"},{"not_picked":["Tiny House","Runic Pyramid"],"picked":"Ring of the Serpent"}],"items_purged_floors":[5],"is_endless":false,"potions_floor_spawned":[1,3,16,20,21,24,25,33,37,42],"killed_by":"Time Eater","ascension_level":9}