{"gold_per_floor":[109,109,109,121,138,138,167,167,219,219,219,48,74,74,74,74],"floor_reached":16,"playtime":647,"items_purged":[],"score":212,"play_id":"b0820b36-fe7b-4c97-8f99-4301ff53947b","local_time":"20190502222942","is_ascension_mode":true,"campfire_choices":[{"data":"Flechettes","floor":6.0,"key":"SMITH"},{"data":"Dash","floor":8,"key":"SMITH"},{"floor":11,"key":"REST"},{"data":"PiercingWail","floor":15,"key":"SMITH"}],"neow_cost":"NONE","seed_source_timestamp":734971601586421,"circlet_count":0,"master_deck":["AscendersBane","Defend_G","Defend_G","Defend_G","Defend_G","Defend_G+1","Strike_G","Strike_G","Strike_G+1","Strike_G","Survivor","Neutralize+1","Dagger Throw","Dash+1","Flechettes+1","PiercingWail+1","After Image","Escape Plan"],"special_seed":0,"relics":["Ring of the Snake","Regal Pillow","Ancient Tea Set","Snake Skull"],"potions_floor_usage":[7,7],"damage_taken":[{"damage":5.0,"enemies":"Jaw Worm","floor":1.0,"turns":6.0},{"damage":0.0,"enemies":"2 Louse","floor":4.0,"turns":2.0},{"damage":2.0,"enemies":"Small Slimes","floor":5.0,"turns":3.0},{"damage":10,"enemies":"Lagavulin","floor":7,"turns":6},{"damage":12,"enemies":"3 Sentries","floor":13,"turns":10},{"damage":49,"enemies":"Slime Boss","floor":16,"turns":8}],"seed_played":"3168843694649749146","potions_obtained":[{"floor":4.0,"key":"SteroidPotion"},{"floor":5.0,"key":"Energy Potion"}],"is_trial":false,"path_per_floor":["M","?","?","M","M","R","E","R","T","?","R","$","E","?","R","B"],"character_chosen":"THE_SILENT","items_purchased":["After Image"],"campfire_rested":1,"item_purchase_floors":[12],"current_hp_per_floor":[54,47,47,47,45,45,35,35,35,15,49,49,37,42,42,0],"gold":74,"neow_bonus":"RANDOM_COMMON_RELIC","is_prod":false,"is_daily":false,"chose_seed":false,"campfire_upgraded":3,"win_rate":0,"timestamp":1556850582,"path_taken":["M","?","?","M","M","R","E","R","T","?","R","?","E","?","R","BOSS"],"build_version":"2019-01-23","purchased_purges":0,"victory":false,"max_hp_per_floor":[66,66,66,66,66,66,66,66,66,66,66,66,66,71,71,71],"card_choices":[{"not_picked":["Underhanded Strike","Dodge and Roll"],"picked":"Dagger Throw","floor":1.0},{"not_picked":["Catalyst","Concentrate"],"picked":"Dash","floor":4.0},{"not_picked":["Quick Slash","Cloak And Dagger"],"picked":"Flechettes","floor":5.0},{"not_picked":["Caltrops","Distraction"],"picked":"PiercingWail","floor":7},{"not_picked":["Reflex","Concentrate"],"picked":"Escape Plan","floor":13}],"player_experience":1359322,"relics_obtained":[{"floor":7,"key":"Ancient Tea Set"},{"floor":13,"key":"Snake Skull"}],"event_choices":[{"cards_removed":["Strike_G"],"damage_healed":0.0,"max_hp_gain":0.0,"max_hp_loss":0.0,"gold_gain":0.0,"event_name":"Golden Wing","player_choice":"Card Removal","floor":2.0,"gold_loss":0.0,"damage_taken":7.0},{"damage_healed":0.0,"max_hp_gain":0.0,"max_hp_loss":0.0,"gold_gain":0.0,"event_name":"Living Wall","player_choice":"Grow","floor":3.0,"gold_loss":0.0,"damage_taken":0.0,"cards_upgraded":["Neutralize"]},{"damage_healed":0,"gold_gain":0,"player_choice":"Entered Light","damage_taken":20,"max_hp_gain":0,"max_hp_loss":0,"event_name":"Shining Light","floor":10,"gold_loss":0,"cards_upgraded":["Defend_G","Strike_G"]},{"damage_healed":0,"gold_gain":0,"player_choice":"Donut","damage_taken":0,"max_hp_gain":5,"max_hp_loss":0,"event_name":"Big Fish","floor":14,"gold_loss":0}],"is_beta":false,"boss_relics":[],"items_purged_floors":[],"is_endless":false,"potions_floor_spawned":[4,5],"killed_by":"Slime Boss","ascension_level":20}