{"gold_per_floor":[116,129,204,217,142,167,132,158,158,158,175,193,226,256,256,333,333,333,273,21,21,21,21],"floor_reached":23,"playtime":1362,"items_purged":["Strike_G","Strike_G"],"score":362,"play_id":"e98a5567-4746-4e8f-b122-fe6343c9428c","local_time":"20181220152642","is_ascension_mode":true,"campfire_choices":[{"floor":10.0,"key":"REST"},{"floor":15.0,"key":"REST"}],"neow_cost":"NONE","seed_source_timestamp":589420773745932,"circlet_count":0,"master_deck":["AscendersBane","Defend_G","Defend_G","Defend_G","Defend_G","Defend_G","Strike_G","Strike_G","Strike_G","Survivor","Neutralize","Backstab+1","Deadly Poison","Venomology","Dagger Spray","Bane","Dodge and Roll","Underhanded Strike+1","Bane","Crippling Poison","Backflip","Poisoned Stab","Bane","Deflect+1","Footwork"],"special_seed":0,"relics":["Orrery","Calipers","Du-Vu Doll","Dead Branch","Ectoplasm","Whetstone"],"potions_floor_usage":[16,21,23,23],"damage_taken":[{"damage":1.0,"enemies":"Jaw Worm","floor":1.0,"turns":2.0},{"damage":2.0,"enemies":"2 Louse","floor":2.0,"turns":2.0},{"damage":1.0,"enemies":"Cultist","floor":4.0,"turns":5.0},{"damage":25.0,"enemies":"Gremlin Nob","floor":6.0,"turns":5.0},{"damage":27.0,"enemies":"Lagavulin","floor":8.0,"turns":8.0},{"damage":8.0,"enemies":"Gremlin Gang","floor":11.0,"turns":5.0},{"damage":6.0,"enemies":"Lots of Slimes","floor":12.0,"turns":4.0},{"damage":18.0,"enemies":"3 Sentries","floor":13.0,"turns":7.0},{"damage":24,"enemies":"The Guardian","floor":16,"turns":9},{"damage":2,"enemies":"3 Byrds","floor":18,"turns":5},{"damage":3,"enemies":"2 Thieves","floor":19,"turns":4},{"damage":6,"enemies":"Cultist and Chosen","floor":21,"turns":6},{"damage":8,"enemies":"3 Cultists","floor":22,"turns":5},{"damage":48,"enemies":"Slavers","floor":23,"turns":3}],"seed_played":"9018754604706637651","potions_obtained":[{"floor":2.0,"key":"EssenceOfSteel"},{"floor":6.0,"key":"SteroidPotion"},{"floor":11.0,"key":"LiquidBronze"},{"floor":12.0,"key":"Regen Potion"},{"floor":22,"key":"PowerPotion"}],"is_trial":false,"path_per_floor":["M","M","?","M","$","E","?","E","T","R","M","M","E","?","R","B",null,"M","M","$","M","M","E"],"character_chosen":"THE_SILENT","items_purchased":["Whetstone"],"campfire_rested":2,"item_purchase_floors":[20],"current_hp_per_floor":[58,56,45,44,44,19,35,8,8,27,19,13,10,10,29,5,51,49,46,46,40,32,0],"gold":21,"neow_bonus":"BOSS_RELIC","is_prod":false,"is_daily":false,"chose_seed":false,"campfire_upgraded":0,"win_rate":0,"timestamp":1545337602,"path_taken":["M","M","?","M","$","E","?","E","T","R","M","M","E","?","R","BOSS","M","M","$","M","M","E"],"build_version":"2018-12-13","purchased_purges":2,"victory":false,"max_hp_per_floor":[66,66,66,66,66,66,66,66,66,66,66,66,66,66,66,66,66,66,66,66,66,66,66],"card_choices":[{"not_picked":["Flying Knee","Dodge and Roll"],"picked":"Backstab","floor":0.0},{"not_picked":["Outmaneuver","Caltrops"],"picked":"Deadly Poison","floor":0.0},{"not_picked":["Dagger Spray","Deadly Poison"],"picked":"Venomology","floor":0.0},{"not_picked":["Well Laid Plans","Finisher"],"picked":"Dagger Spray","floor":0.0},{"not_picked":["Escape Plan","Noxious Fumes"],"picked":"Bane","floor":0.0},{"not_picked":["Terror","Quick Slash"],"picked":"Dodge and Roll","floor":1.0},{"not_picked":["Cloak And Dagger","Finisher"],"picked":"Underhanded Strike","floor":2.0},{"not_picked":["Quick Slash","Riddle With Holes","Dash"],"picked":"SKIP","floor":4.0},{"not_picked":["Deflect","Blade Dance"],"picked":"Bane","floor":6.0},{"not_picked":["Terror","PiercingWail"],"picked":"Crippling Poison","floor":8.0},{"not_picked":["Slice","Dagger Spray"],"picked":"Backflip","floor":11.0},{"not_picked":["Crippling Poison","Bullet Time"],"picked":"Poisoned Stab","floor":12.0},{"not_picked":["Deadly Poison","Dodge and Roll"],"picked":"Bane","floor":13.0},{"not_picked":["Blade Dance","Bane"],"picked":"Deflect+1","floor":18},{"not_picked":["Slice","PiercingWail"],"picked":"Footwork","floor":19},{"not_picked":["After Image","Cloak And Dagger","Blur"],"picked":"SKIP","floor":21},{"not_picked":["Skewer","Slice","Deadly Poison"],"picked":"SKIP","floor":22}],"player_experience":930407,"relics_obtained":[{"floor":6.0,"key":"Calipers"},{"floor":8.0,"key":"Du-Vu Doll"},{"floor":13.0,"key":"Dead Branch"}],"event_choices":[{"damage_healed":0.0,"max_hp_gain":0.0,"max_hp_loss":0.0,"gold_gain":75.0,"event_name":"World of Goop","player_choice":"Gather Gold","floor":3.0,"gold_loss":0.0,"damage_taken":11.0},{"damage_healed":16.0,"max_hp_gain":0.0,"max_hp_loss":0.0,"gold_gain":0.0,"event_name":"The Cleric","player_choice":"Healed","floor":7.0,"gold_loss":35.0,"damage_taken":0.0},{"damage_healed":0.0,"max_hp_gain":0.0,"max_hp_loss":0.0,"gold_gain":30.0,"event_name":"Dead Adventurer","player_choice":"Searched \u00271\u0027 times","floor":14.0,"gold_loss":0.0,"damage_taken":0.0}],"is_beta":false,"boss_relics":[{"not_picked":["Velvet Choker","Calling Bell"],"picked":"Ectoplasm"}],"items_purged_floors":[5,20],"is_endless":false,"potions_floor_spawned":[2,6,11,12,18,22],"killed_by":"Slavers","ascension_level":14}