{"gold_per_floor":[117,42,42,59,59,93,109,142,142,169,186,151,51,70,70,169,169,181,199,209,223,21,21,48,60,86,86,101,101,200,216,216,318,318,328,0,16,70,85,85,85,98,98,98,112,112,127,155,155,155],"floor_reached":51,"playtime":22403,"items_purged":["Strike_B","Strike_B","Strike_B"],"score":1114,"play_id":"2a0d37a5-b76a-42ab-a622-b15e656dafd2","local_time":"20181208205748","is_ascension_mode":true,"campfire_choices":[{"data":"Barrage","floor":15,"key":"SMITH"},{"floor":23,"key":"REST"},{"floor":27,"key":"REST"},{"data":"Electrodynamics","floor":29,"key":"SMITH"},{"floor":32,"key":"REST"},{"floor":40,"key":"REST"},{"data":"Lockon","floor":44,"key":"SMITH"},{"floor":46,"key":"REST"},{"floor":49,"key":"REST"}],"neow_cost":"NONE","seed_source_timestamp":394648919295956,"circlet_count":0,"master_deck":["AscendersBane","Defend_B","Defend_B","Defend_B","Zap","Dualcast","Glacier","Barrage+1","Ball Lightning","Barrage","BootSequence","Go for the Eyes","Electrodynamics+1","FTL","Ball Lightning","Lockon+1","Seek","Beam Cell+1","Defragment+1"],"relics":["Cracked Core","NeowsBlessing","Mercury Hourglass","Letter Opener","Cables","Regal Pillow","Inserter","Juzu Bracelet","Boot","Sozu","Red Mask","Nunchaku","Centennial Puzzle","Du-Vu Doll"],"potions_floor_usage":[8,10,10,16,24,24,33,50],"damage_taken":[{"damage":0,"enemies":"2 Louse","floor":1,"turns":1},{"damage":0,"enemies":"Cultist","floor":4,"turns":1},{"damage":0,"enemies":"Gremlin Nob","floor":6,"turns":1},{"damage":2,"enemies":"Jaw Worm","floor":7,"turns":2},{"damage":35,"enemies":"Lagavulin","floor":8,"turns":4},{"damage":6,"enemies":"Gremlin Nob","floor":10,"turns":3},{"damage":0,"enemies":"3 Louse","floor":11,"turns":2},{"damage":0,"enemies":"Large Slime","floor":14,"turns":3},{"damage":3,"enemies":"Hexaghost","floor":16,"turns":8},{"damage":7,"enemies":"2 Thieves","floor":18,"turns":4},{"damage":0,"enemies":"Spheric Guardian","floor":19,"turns":3},{"damage":28,"enemies":"Snake Plant","floor":20,"turns":4},{"damage":12,"enemies":"Cultist and Chosen","floor":21,"turns":4},{"damage":12,"enemies":"Gremlin Leader","floor":24,"turns":4},{"damage":18,"enemies":"Snecko","floor":25,"turns":3},{"damage":8,"enemies":"Shelled Parasite and Fungi","floor":28,"turns":5},{"damage":21,"enemies":"Snake Plant","floor":31,"turns":3},{"damage":61,"enemies":"Automaton","floor":33,"turns":10},{"damage":0,"enemies":"3 Shapes","floor":35,"turns":2},{"damage":11,"enemies":"3 Darklings","floor":37,"turns":3},{"damage":24,"enemies":"2 Orb Walkers","floor":38,"turns":3},{"damage":19,"enemies":"Spire Growth","floor":39,"turns":4},{"damage":9,"enemies":"4 Shapes","floor":42,"turns":3},{"damage":20,"enemies":"3 Darklings","floor":45,"turns":3},{"damage":0,"enemies":"Jaw Worm Horde","floor":47,"turns":2},{"damage":27,"enemies":"Reptomancer","floor":48,"turns":4},{"damage":58,"enemies":"Donu and Deca","floor":50,"turns":6}],"seed_played":"-6915285370573689177","potions_obtained":[{"floor":1,"key":"PowerPotion"},{"floor":4,"key":"FearPotion"},{"floor":8,"key":"EssenceOfSteel"},{"floor":14,"key":"Strength Potion"},{"floor":16,"key":"PowerPotion"},{"floor":18,"key":"PowerPotion"},{"floor":28,"key":"GamblersBrew"},{"floor":33,"key":"FocusPotion"}],"is_trial":false,"path_per_floor":["M","$","?","M","?","E","M","E","T","E","M","?","$","M","R","B",null,"M","M","M","M","$","R","E","M","T","R","M","R","?","M","R","B",null,"M","?","M","?","M","R","?","M","T","R","M","R","M","E","R","B",null],"character_chosen":"DEFECT","items_purchased":["Lockon"],"campfire_rested":6,"item_purchase_floors":[22],"current_hp_per_floor":[68,68,61,61,61,61,59,24,24,18,18,36,36,36,36,33,65,58,58,30,18,18,55,43,25,25,62,54,54,54,33,70,9,59,59,59,48,24,5,42,42,33,33,33,13,50,50,23,60,2],"gold":155,"neow_bonus":"THREE_ENEMY_KILL","is_prod":false,"is_daily":false,"chose_seed":false,"campfire_upgraded":3,"win_rate":0,"timestamp":1544320668,"path_taken":["M","$","?","M","?","E","M","E","T","E","?","?","$","M","R","BOSS","M","M","M","M","$","R","E","M","T","R","M","R","?","M","R","BOSS","M","?","M","?","M","R","?","M","T","R","M","R","M","E","R","BOSS"],"build_version":"2018-12-06","purchased_purges":3,"victory":true,"max_hp_per_floor":[75,75,75,75,75,75,75,75,75,75,75,75,75,75,75,75,75,75,75,75,75,75,75,75,75,75,75,75,75,75,75,75,75,75,75,75,75,75,75,75,75,75,75,75,75,75,75,75,75,75],"card_choices":[{"not_picked":["Undo","Reinforced Body"],"picked":"Glacier","floor":1},{"not_picked":["Undo","Coolheaded"],"picked":"Barrage","floor":4},{"not_picked":["Rip and Tear","Scrape"],"picked":"Ball Lightning","floor":6},{"not_picked":["Reprogram","Scrape"],"picked":"Barrage","floor":7},{"not_picked":["Stack","Streamline"],"picked":"BootSequence","floor":8},{"not_picked":["Undo","Sweeping Beam","Capacitor"],"picked":"SKIP","floor":10},{"not_picked":["Turbo","Barrage"],"picked":"Go for the Eyes","floor":11},{"not_picked":["Sweeping Beam","Stack","Rip and Tear"],"picked":"SKIP","floor":14},{"not_picked":["Buffer","Hyperbeam"],"picked":"Electrodynamics","floor":16},{"not_picked":["Coolheaded","Compile Driver","Stack"],"picked":"SKIP","floor":18},{"not_picked":["Turbo","Sweeping Beam+1"],"picked":"FTL","floor":19},{"not_picked":["Barrage","Blizzard+1","Conserve Battery"],"picked":"SKIP","floor":20},{"not_picked":["Scrape","Stack"],"picked":"Ball Lightning","floor":21},{"not_picked":["Cold Snap+1","Amplify","Tempest"],"picked":"SKIP","floor":24},{"not_picked":["FTL","Redo","Heatsinks"],"picked":"SKIP","floor":25},{"not_picked":["Conserve Battery","Doom and Gloom","Gash"],"picked":"SKIP","floor":28},{"not_picked":["Stack","Turbo","BootSequence"],"picked":"SKIP","floor":31},{"not_picked":["Reboot","Core Surge"],"picked":"Seek","floor":33},{"not_picked":["Heatsinks","Leap","Streamline"],"picked":"SKIP","floor":35},{"not_picked":["Streamline+1","Compile Driver"],"picked":"Beam Cell+1","floor":37},{"not_picked":["FTL+1","Ball Lightning+1"],"picked":"Defragment+1","floor":38},{"not_picked":["Aggregate","Rebound","Melter"],"picked":"SKIP","floor":39},{"not_picked":["Stack","Melter","Hologram"],"picked":"SKIP","floor":42},{"not_picked":["Rebound+1","Fusion+1","Fission"],"picked":"SKIP","floor":45},{"not_picked":["White Noise","Chaos","Skim"],"picked":"SKIP","floor":47},{"not_picked":["Hello World+1","Genetic Algorithm+1","Steam Power"],"picked":"SKIP","floor":48}],"player_experience":818520,"relics_obtained":[{"floor":6,"key":"Mercury Hourglass"},{"floor":8,"key":"Letter Opener"},{"floor":9,"key":"Cables"},{"floor":10,"key":"Regal Pillow"},{"floor":24,"key":"Juzu Bracelet"},{"floor":26,"key":"Boot"},{"floor":38,"key":"Nunchaku"},{"floor":43,"key":"Centennial Puzzle"},{"floor":48,"key":"Du-Vu Doll"}],"event_choices":[{"cards_removed":["Strike_B"],"damage_healed":0,"gold_gain":0,"player_choice":"Card Removal","damage_taken":7,"max_hp_gain":0,"max_hp_loss":0,"event_name":"Golden Wing","floor":3,"gold_loss":0},{"cards_removed":["Defend_B"],"damage_healed":0,"gold_gain":0,"player_choice":"Offered Basic","damage_taken":0,"max_hp_gain":0,"max_hp_loss":0,"event_name":"Bonfire Elementals","floor":5,"gold_loss":0},{"damage_healed":18,"gold_gain":0,"player_choice":"Healed","damage_taken":0,"max_hp_gain":0,"max_hp_loss":0,"event_name":"The Cleric","floor":12,"gold_loss":35},{"damage_healed":0,"gold_gain":99,"player_choice":"Stole From Cult","damage_taken":0,"max_hp_gain":0,"max_hp_loss":0,"event_name":"Nest","floor":30,"gold_loss":0},{"damage_healed":0,"gold_gain":0,"player_choice":"Paid","damage_taken":0,"relics_obtained":["Red Mask"],"max_hp_gain":0,"max_hp_loss":0,"event_name":"Tomb of Lord Red Mask","floor":36,"gold_loss":328},{"damage_healed":0,"gold_gain":0,"player_choice":"Fight","damage_taken":0,"max_hp_gain":0,"max_hp_loss":0,"event_name":"Mysterious Sphere","floor":38,"gold_loss":0},{"damage_healed":0,"gold_gain":0,"player_choice":"Memory 1","damage_taken":0,"max_hp_gain":0,"max_hp_loss":0,"event_name":"SensoryStone","floor":41,"gold_loss":0}],"is_beta":false,"boss_relics":[{"not_picked":["Black Star","Eternal Feather"],"picked":"Inserter"},{"not_picked":["Tiny House","Orrery"],"picked":"Sozu"}],"items_purged_floors":[2,13,22],"is_endless":false,"potions_floor_spawned":[1,4,8,14,16,18,20,28,33,37,39,45],"ascension_level":12}