{"gold_per_floor":[119,42,106,119,294,294,329,343,366,421,434,434,488,503,503,503],"floor_reached":16,"playtime":566,"items_purged":[],"score":120,"play_id":"be8590b1-23a0-4883-af3a-e93fe2665712","local_time":"20190501231018","is_ascension_mode":true,"campfire_choices":[{"data":"Perfected Strike","floor":6,"key":"SMITH"},{"floor":12,"key":"REST"},{"floor":15,"key":"REST"}],"neow_cost":"CURSE","seed_source_timestamp":35670828962782,"circlet_count":0,"master_deck":["Strike_R","Strike_R","Strike_R","Strike_R","Strike_R","Defend_R","Defend_R","Defend_R","Defend_R","Bash","Shame","Carnage","Perfected Strike+1","Shrug It Off","Thunderclap","Doubt","Rampage","Infernal Blade","Clothesline","Battle Trance","Wild Strike","Dropkick"],"relics":["Burning Blood","Pocketwatch","Dream Catcher","Art of War","Gambling Chip","Pen Nib"],"potions_floor_usage":[],"damage_taken":[{"damage":8,"enemies":"Small Slimes","floor":1,"turns":3},{"damage":0,"enemies":"2 Louse","floor":4,"turns":2},{"damage":32,"enemies":"Gremlin Nob","floor":7,"turns":4},{"damage":7,"enemies":"Jaw Worm","floor":8,"turns":4},{"damage":40,"enemies":"Lagavulin Event","floor":10,"turns":5},{"damage":17,"enemies":"Exordium Thugs","floor":11,"turns":5},{"damage":18,"enemies":"Large Slime","floor":14,"turns":4},{"damage":44,"enemies":"Hexaghost","floor":16,"turns":9}],"seed_played":"1951541890729944352","potions_obtained":[{"floor":8,"key":"LiquidBronze"},{"floor":10,"key":"Ancient Potion"}],"is_trial":false,"path_per_floor":["M","$","?","M","?","R","E","M","T","?","M","R","T","M","R","B"],"character_chosen":"IRONCLAD","items_purchased":["Perfected Strike","Shrug It Off"],"campfire_rested":2,"item_purchase_floors":[2,2],"current_hp_per_floor":[78,78,78,80,80,80,54,53,53,19,8,32,32,20,44,0],"gold":503,"neow_bonus":"ONE_RARE_RELIC","is_prod":false,"is_daily":false,"chose_seed":false,"campfire_upgraded":1,"win_rate":0,"timestamp":1556716218,"path_taken":["M","$","?","M","?","R","E","M","T","?","?","R","?","M","R","BOSS"],"build_version":"2019-01-23","purchased_purges":0,"victory":false,"max_hp_per_floor":[80,80,80,80,80,80,80,80,80,80,80,80,80,80,80,80],"card_choices":[{"not_picked":["Bloodletting","Disarm"],"picked":"Carnage","floor":1},{"not_picked":["Disarm","Shrug It Off"],"picked":"Thunderclap","floor":4},{"not_picked":["Havoc","True Grit"],"picked":"Rampage","floor":7},{"not_picked":["Battle Trance","Armaments"],"picked":"Infernal Blade","floor":8},{"not_picked":["Iron Wave","Blood for Blood"],"picked":"Clothesline","floor":10},{"not_picked":["Clothesline","Anger"],"picked":"Battle Trance","floor":11},{"not_picked":["Twin Strike","Infernal Blade"],"picked":"Wild Strike","floor":12},{"not_picked":["Body Slam","Burning Pact"],"picked":"Dropkick","floor":14}],"player_experience":564314,"relics_obtained":[{"floor":7,"key":"Dream Catcher"},{"floor":9,"key":"Art of War"},{"floor":13,"key":"Pen Nib"}],"event_choices":[{"damage_healed":0,"gold_gain":64,"player_choice":"Gained Gold","damage_taken":0,"max_hp_gain":0,"max_hp_loss":0,"event_name":"Golden Wing","floor":3,"gold_loss":0},{"damage_healed":0,"gold_gain":175,"player_choice":"AGREE","damage_taken":0,"max_hp_gain":0,"max_hp_loss":0,"event_name":"Liars Game","floor":5,"gold_loss":0,"cards_obtained":["Doubt"]},{"damage_healed":0,"gold_gain":0,"player_choice":"Searched \u00272\u0027 times","damage_taken":0,"relics_obtained":["Gambling Chip"],"max_hp_gain":0,"max_hp_loss":0,"event_name":"Dead Adventurer","floor":10,"gold_loss":0}],"is_beta":false,"boss_relics":[],"items_purged_floors":[],"is_endless":false,"potions_floor_spawned":[8,10],"killed_by":"Hexaghost","ascension_level":4}