{"path_per_floor":["M","?","M","M","M","R","E","?","T","M","?","M","R","M","R","B",null,"M","?","M","?","?","E","R","$","T","?","M","M","M","$","R","B",null,"M","?","M","M","M","E","R","$","T","R","M"],"character_chosen":"IRONCLAD","items_purchased":["Peace Pipe","True Grit","Pear"],"gold_per_floor":[117,117,137,149,167,167,198,227,227,239,269,287,287,297,297,396,396,414,414,426,426,426,457,457,117,117,117,129,139,151,76,76,178,178,196,242,252,265,277,307,307,61,85,85,95,95],"floor_reached":46,"campfire_rested":3,"playtime":8992,"current_hp_per_floor":[80,62,55,56,55,55,50,39,39,35,35,33,72,72,72,29,80,70,70,71,71,71,46,80,80,82,82,82,81,81,81,81,8,83,64,54,52,58,53,39,80,90,97,97,95,0],"items_purged":["Parasite"],"gold":95,"score":594,"play_id":"3c6a66e8-3697-4887-997b-9117e0048521","local_time":"20180409235317","is_prod":false,"is_daily":false,"is_ascension_mode":true,"campfire_upgraded":3,"timestamp":1523332397,"path_taken":["M","?","M","?","M","R","E","?","T","M","?","M","R","M","R","BOSS","M","?","M","?","?","E","R","$","T","?","M","M","M","?","R","BOSS","M","?","M","M","M","E","R","$","T","R","?","E"],"build_version":"2018-04-05v2","purchased_purges":2,"victory":false,"master_deck":["Strike_R+1","Strike_R+1","Strike_R+1","Strike_R+1","Defend_R+1","Defend_R+1","Defend_R+1","Defend_R+1","Bash","Hemokinesis+1","Headbutt","Cleave","Power Through","Shockwave","Clothesline","Iron Wave+1","Pommel Strike","Ghostly Armor","Fiend Fire+1","Burning Pact","Intimidate+1","Exhume","Feel No Pain+1","True Grit","Sever Soul","Impervious","Warcry+1","True Grit+1","Flame Barrier","Parasite","Impervious"],"max_hp_per_floor":[80,80,80,80,80,80,80,80,80,80,80,80,80,80,80,80,80,80,80,80,80,80,80,80,80,82,82,82,84,86,83,83,83,83,83,85,85,85,87,89,89,99,106,106,108,108],"relics":["Burning Blood","Regal Pillow","Pen Nib","Bottled Flame","Odd Mushroom","Oddly Smooth Stone","Prayer Wheel","Cursed Key","Sundial","Peace Pipe","Singing Bowl","Velvet Choker","Shovel","Shuriken","Pear","Strawberry","Orichalcum"],"card_choices":[{"not_picked":["Rage","Dual Wield"],"picked":"Hemokinesis","floor":1},{"not_picked":["Anger","True Grit"],"picked":"Headbutt","floor":3},{"not_picked":["Rage","Havoc"],"picked":"Cleave","floor":4},{"not_picked":["True Grit","Cleave"],"picked":"Power Through","floor":5},{"not_picked":["Combust","Bloodletting"],"picked":"Shockwave","floor":7},{"not_picked":["Anger","Armaments"],"picked":"Clothesline","floor":8},{"not_picked":["Power Through","Anger"],"picked":"Iron Wave","floor":10},{"not_picked":["Hemokinesis","Double Tap"],"picked":"Pommel Strike","floor":12},{"not_picked":["Headbutt","Metallicize"],"picked":"Ghostly Armor","floor":14},{"not_picked":["Impervious","Brutality"],"picked":"Fiend Fire","floor":16},{"not_picked":["Sword Boomerang","Warcry"],"picked":"Burning Pact","floor":18},{"not_picked":["Uppercut","Body Slam"],"picked":"Intimidate","floor":20},{"not_picked":["Shrug It Off","Pommel Strike"],"picked":"Feel No Pain","floor":23},{"not_picked":["Sword Boomerang","Searing Blow"],"picked":"Sever Soul","floor":28},{"not_picked":["Immolate","Limit Break"],"picked":"Impervious","floor":33},{"not_picked":["Perfected Strike","Clothesline"],"picked":"Warcry","floor":35},{"not_picked":["Perfected Strike","Body Slam"],"picked":"True Grit","floor":37},{"not_picked":["Wild Strike","Uppercut"],"picked":"Flame Barrier","floor":38},{"not_picked":["Pommel Strike","Wild Strike"],"picked":"Impervious","floor":43}],"player_experience":206453,"potions_floor_usage":[7,7,8,16,33,39,40,46],"damage_taken":[{"damage":5,"enemies":"2 Louse","floor":1,"turns":4},{"damage":13,"enemies":"Small Slimes","floor":3,"turns":3},{"damage":5,"enemies":"Jaw Worm","floor":4,"turns":3},{"damage":7,"enemies":"Red Slaver","floor":5,"turns":4},{"damage":11,"enemies":"Lagavulin","floor":7,"turns":3},{"damage":17,"enemies":"The Mushroom Lair","floor":8,"turns":3},{"damage":10,"enemies":"3 Louse","floor":10,"turns":2},{"damage":8,"enemies":"Looter","floor":12,"turns":4},{"damage":6,"enemies":"Red Slaver","floor":14,"turns":3},{"damage":49,"enemies":"Slime Boss","floor":16,"turns":10},{"damage":16,"enemies":"2 Thieves","floor":18,"turns":4},{"damage":5,"enemies":"Chosen","floor":20,"turns":4},{"damage":31,"enemies":"Book of Stabbing","floor":23,"turns":6},{"damage":0,"enemies":"Snecko","floor":28,"turns":4},{"damage":9,"enemies":"Cultist and Chosen","floor":29,"turns":6},{"damage":8,"enemies":"Snake Plant","floor":30,"turns":5},{"damage":79,"enemies":"Automaton","floor":33,"turns":14},{"damage":25,"enemies":"3 Shapes","floor":35,"turns":5},{"damage":18,"enemies":"Mysterious Sphere","floor":36,"turns":8},{"damage":8,"enemies":"Orb Walker","floor":37,"turns":3},{"damage":0,"enemies":"4 Shapes","floor":38,"turns":3},{"damage":13,"enemies":"3 Darklings","floor":39,"turns":5},{"damage":22,"enemies":"Nemesis","floor":40,"turns":13},{"damage":10,"enemies":"Sphere and 2 Shapes","floor":45,"turns":6},{"damage":114,"enemies":"Giant Head","floor":46,"turns":12}],"event_choices":[{"event_name":"Scrap Ooze","player_choice":"success","floor":2,"damage_taken":18},{"event_name":"Mushrooms","player_choice":"Fought Mushrooms","floor":8,"damage_taken":0},{"event_name":"Dead Adventurer","player_choice":"Searched \u00273\u0027 times","floor":11,"damage_taken":0},{"event_name":"Ghosts","player_choice":"Ignored","floor":19,"damage_taken":0},{"event_name":"Beggar","player_choice":"Ignored","floor":21,"damage_taken":0},{"event_name":"Transmorgrifier","player_choice":"Transform","floor":22,"damage_taken":0},{"event_name":"Back to Basics","player_choice":"Simplicity","floor":27,"damage_taken":0},{"event_name":"Mysterious Sphere","player_choice":"Fight","floor":36,"damage_taken":0}],"boss_relics":[{"not_picked":["Black Blood","Eternal Feather"],"picked":"Cursed Key"},{"not_picked":["Mark of Pain","Runic Cube"],"picked":"Velvet Choker"}],"potions_floor_spawned":[1,3,4,7,23,33,36,37,40],"seed_played":"13073510227100327","killed_by":"Giant Head","ascension_level":4,"is_trial":false}