{"gold_per_floor":[117,136,152,168,168,168,184,184,211,211,239,239,219,236,236,340,340,355,355,355,367,367],"floor_reached":22,"playtime":914,"items_purged":[],"score":223,"play_id":"5a82dfe0-f94c-46c6-a41d-fc69ad016de4","local_time":"20190502115631","is_ascension_mode":true,"campfire_choices":[{"data":"Neutralize","floor":6.0,"key":"SMITH"},{"floor":8.0,"key":"REST"},{"data":"Cloak And Dagger","floor":10.0,"key":"SMITH"},{"data":"Noxious Fumes","floor":12.0,"key":"SMITH"},{"floor":15.0,"key":"REST"}],"neow_cost":"CURSE","seed_source_timestamp":0,"circlet_count":0,"master_deck":["Defend_G","Defend_G","Defend_G","Defend_G","Defend_G","Strike_G","Strike_G","Strike_G","Strike_G","Strike_G","Survivor","Neutralize+1","Poisoned Stab","Poisoned Stab","Noxious Fumes+1","Corpse Explosion","Cloak And Dagger+1","Blur","Dagger Throw","Envenom","Quick Slash+1","Caltrops"],"special_seed":0,"relics":["Ring of the Snake","Omamori","PreservedInsect","Black Star","Blood Vial"],"potions_floor_usage":[18,22],"damage_taken":[{"damage":3.0,"enemies":"Small Slimes","floor":1.0,"turns":8.0},{"damage":0.0,"enemies":"Jaw Worm","floor":2.0,"turns":5.0},{"damage":12.0,"enemies":"Cultist","floor":3.0,"turns":4.0},{"damage":17.0,"enemies":"Exordium Wildlife","floor":4.0,"turns":5.0},{"damage":17.0,"enemies":"Gremlin Gang","floor":7.0,"turns":4.0},{"damage":12.0,"enemies":"3 Sentries","floor":11.0,"turns":4.0},{"damage":3.0,"enemies":"Exordium Thugs","floor":14.0,"turns":4.0},{"damage":29.0,"enemies":"Slime Boss","floor":16.0,"turns":10.0},{"damage":29,"enemies":"2 Thieves","floor":18,"turns":4},{"damage":33,"enemies":"Chosen","floor":21,"turns":6},{"damage":29,"enemies":"Snake Plant","floor":22,"turns":3}],"seed_played":"-7546979975600771873","potions_obtained":[{"floor":7.0,"key":"Block Potion"},{"floor":11.0,"key":"FearPotion"},{"floor":13.0,"key":"EssenceOfSteel"},{"floor":16.0,"key":"EssenceOfSteel"},{"floor":21,"key":"Explosive Potion"}],"is_trial":false,"path_per_floor":["M","M","M","M","?","R","M","R","T","R","E","R","?","M","R","B",null,"M","?","?","M","M"],"character_chosen":"THE_SILENT","items_purchased":[],"campfire_rested":2,"item_purchase_floors":[],"current_hp_per_floor":[81,81,69,52,52,52,35,60,60,60,48,48,48,45,70,41,84,55,55,55,24,0],"gold":367,"neow_bonus":"TWENTY_PERCENT_HP_BONUS","is_prod":false,"is_daily":false,"chose_seed":false,"campfire_upgraded":3,"win_rate":0,"timestamp":1556762191,"path_taken":["M","M","M","M","?","R","M","R","T","R","E","R","?","M","R","BOSS","M","?","?","M","?"],"build_version":"2019-01-23","purchased_purges":0,"victory":false,"max_hp_per_floor":[84,84,84,84,84,84,84,84,84,84,84,84,84,84,84,84,84,84,84,84,84,84],"card_choices":[{"not_picked":["Deadly Poison","Dodge and Roll"],"picked":"Poisoned Stab","floor":1.0},{"not_picked":["Dagger Throw","Quick Slash"],"picked":"Poisoned Stab","floor":2.0},{"not_picked":["Finisher","PiercingWail"],"picked":"Noxious Fumes","floor":3.0},{"not_picked":["Prepared","Infinite Blades"],"picked":"Corpse Explosion","floor":4.0},{"not_picked":["Concentrate","Noxious Fumes"],"picked":"Cloak And Dagger","floor":7.0},{"not_picked":["Endless Agony","Prepared"],"picked":"Blur","floor":11.0},{"not_picked":["All Out Attack","Blade Dance"],"picked":"Dagger Throw","floor":14.0},{"not_picked":["Die Die Die","Corpse Explosion"],"picked":"Envenom","floor":16.0},{"not_picked":["Acrobatics","Tactician"],"picked":"Quick Slash+1","floor":18},{"not_picked":["Finisher+1","Outmaneuver"],"picked":"Caltrops","floor":21}],"player_experience":569230,"relics_obtained":[{"floor":9.0,"key":"Omamori"},{"floor":11.0,"key":"PreservedInsect"}],"event_choices":[{"cards_removed":["Decay"],"damage_healed":0.0,"max_hp_gain":0.0,"max_hp_loss":0.0,"gold_gain":0.0,"event_name":"Living Wall","player_choice":"Forget","floor":5.0,"gold_loss":0.0,"damage_taken":0.0},{"damage_healed":0.0,"max_hp_gain":0.0,"max_hp_loss":0.0,"gold_gain":0.0,"event_name":"The Woman in Blue","player_choice":"Bought 1 Potion","floor":13.0,"gold_loss":0.0,"damage_taken":0.0},{"damage_healed":0,"gold_gain":0,"player_choice":"Ignored","damage_taken":0,"max_hp_gain":0,"max_hp_loss":0,"event_name":"Ghosts","floor":19,"gold_loss":0},{"damage_healed":0,"gold_gain":0,"player_choice":"Gave Potion","damage_taken":0,"relics_obtained":["Blood Vial"],"max_hp_gain":0,"max_hp_loss":0,"event_name":"WeMeetAgain","floor":20,"gold_loss":0}],"is_beta":false,"boss_relics":[{"not_picked":["Empty Cage","Lizard Tail"],"picked":"Black Star"}],"items_purged_floors":[],"is_endless":false,"potions_floor_spawned":[7,11,16,21],"killed_by":"Snake Plant","ascension_level":4}