{"gold_per_floor":[112,112,124,124,274,308,321,321],"floor_reached":8,"playtime":975,"items_purged":[],"score":98,"play_id":"f644e93d-3a04-4466-a35c-5e2b4870581d","local_time":"20190727004334","is_ascension_mode":true,"campfire_choices":[],"neow_cost":"NONE","seed_source_timestamp":31895853230340,"circlet_count":0,"master_deck":["AscendersBane","Strike_B","Strike_B","Strike_B","Defend_B","Defend_B","Defend_B","Defend_B","Zap","Dualcast","Chill","Tempest","Doubt","Gash","Cold Snap"],"relics":["Cracked Core","WingedGreaves","Art of War"],"potions_floor_usage":[8],"damage_taken":[{"damage":1,"enemies":"Jaw Worm","floor":1,"turns":4},{"damage":0,"enemies":"Small Slimes","floor":3,"turns":4},{"damage":40,"enemies":"Lagavulin","floor":6,"turns":6},{"damage":0,"enemies":"2 Louse","floor":7,"turns":2},{"damage":22,"enemies":"The Mushroom Lair","floor":8,"turns":2}],"seed_played":"2388053497085551578","potions_obtained":[{"floor":6,"key":"SteroidPotion"}],"is_trial":false,"path_per_floor":["M","?","M","?","?","E","M","?"],"character_chosen":"DEFECT","items_purchased":[],"campfire_rested":0,"item_purchase_floors":[],"current_hp_per_floor":[70,63,63,52,52,12,12,0],"gold":321,"neow_bonus":"TEN_PERCENT_HP_BONUS","is_prod":false,"is_daily":false,"chose_seed":false,"campfire_upgraded":0,"win_rate":0,"timestamp":1564152214,"path_taken":["M","?","M","?","?","E","M","?"],"build_version":"2019-07-17","purchased_purges":0,"victory":false,"max_hp_per_floor":[78,78,78,78,78,78,78,78],"card_choices":[{"not_picked":["Turbo","Cold Snap"],"picked":"Chill","floor":1},{"not_picked":["Conserve Battery","Skim"],"picked":"Tempest","floor":3},{"not_picked":["Force Field","Turbo"],"picked":"Gash","floor":6},{"not_picked":["Rebound","Streamline"],"picked":"Cold Snap","floor":7}],"player_experience":1094575,"relics_obtained":[{"floor":6,"key":"Art of War"}],"event_choices":[{"cards_removed":["Strike_B"],"damage_healed":0,"gold_gain":0,"player_choice":"Card Removal","damage_taken":7,"max_hp_gain":0,"max_hp_loss":0,"event_name":"Golden Wing","floor":2,"gold_loss":0},{"damage_healed":0,"gold_gain":0,"player_choice":"Success","damage_taken":11,"relics_obtained":["WingedGreaves"],"max_hp_gain":0,"max_hp_loss":0,"event_name":"Scrap Ooze","floor":4,"gold_loss":0},{"damage_healed":0,"gold_gain":150,"player_choice":"AGREE","damage_taken":0,"max_hp_gain":0,"max_hp_loss":0,"event_name":"Liars Game","floor":5,"gold_loss":0,"cards_obtained":["Doubt"]},{"damage_healed":0,"gold_gain":0,"player_choice":"Fought Mushrooms","damage_taken":0,"max_hp_gain":0,"max_hp_loss":0,"event_name":"Mushrooms","floor":8,"gold_loss":0}],"is_beta":false,"boss_relics":[],"items_purged_floors":[],"is_endless":false,"potions_floor_spawned":[6],"killed_by":"The Mushroom Lair","ascension_level":15}