{"gold_per_floor":[17,32,45,64,76,110,122,151,163,202,214,241,19,350,350,449,449,462,473,486,486,502,502,527,527],"floor_reached":25,"playtime":1321,"items_purged":["Strike_G"],"score":247,"play_id":"c97d47c1-227c-4518-a0e0-c8d3a1c7187e","local_time":"20190418003835","is_ascension_mode":false,"campfire_choices":[{"floor":11,"key":"REST"},{"floor":15,"key":"REST"},{"floor":23,"key":"REST"}],"neow_cost":"NO_GOLD","seed_source_timestamp":18548495006274,"circlet_count":0,"master_deck":["Defend_G","Defend_G","Defend_G","Defend_G","Defend_G","Strike_G","Strike_G","Strike_G","Strike_G","Survivor","Neutralize","Dagger Throw","Quick Slash","Infinite Blades","Crippling Poison","Flying Knee","Flying Knee","Deadly Poison","Footwork","Bane","Crippling Poison","Trip","Blur","Corpse Explosion","Blade Dance+1","Backflip","Poisoned Stab","Poisoned Stab"],"relics":["Ring of the Snake","Ice Cream","MawBank","Ornamental Fan","Mummified Hand","Regal Pillow","Old Coin","Eternal Feather","Question Card"],"potions_floor_usage":[6,10,16,18,22,22,22,25],"damage_taken":[{"damage":0,"enemies":"Cultist","floor":1,"turns":4},{"damage":0,"enemies":"Small Slimes","floor":2,"turns":4},{"damage":0,"enemies":"Jaw Worm","floor":3,"turns":4},{"damage":6,"enemies":"Lots of Slimes","floor":4,"turns":6},{"damage":9,"enemies":"Red Slaver","floor":5,"turns":4},{"damage":6,"enemies":"Gremlin Nob","floor":6,"turns":4},{"damage":13,"enemies":"Exordium Thugs","floor":8,"turns":6},{"damage":20,"enemies":"3 Sentries","floor":10,"turns":8},{"damage":0,"enemies":"3 Louse","floor":12,"turns":3},{"damage":11,"enemies":"Gremlin Nob","floor":14,"turns":4},{"damage":1,"enemies":"Hexaghost","floor":16,"turns":9},{"damage":2,"enemies":"3 Byrds","floor":18,"turns":4},{"damage":27,"enemies":"2 Thieves","floor":19,"turns":3},{"damage":6,"enemies":"Snecko","floor":20,"turns":7},{"damage":20,"enemies":"Centurion and Healer","floor":22,"turns":5},{"damage":58,"enemies":"Slavers","floor":24,"turns":7},{"damage":14,"enemies":"Snake Plant","floor":25,"turns":2}],"seed_played":"-3176162769156038406","potions_obtained":[{"floor":4,"key":"Poison Potion"},{"floor":5,"key":"Ancient Potion"},{"floor":10,"key":"GhostInAJar"},{"floor":12,"key":"SpeedPotion"},{"floor":14,"key":"GamblersBrew"},{"floor":19,"key":"GamblersBrew"},{"floor":20,"key":"GamblersBrew"},{"floor":24,"key":"Dexterity Potion"}],"is_trial":false,"path_per_floor":["M","M","M","M","M","E","?","M","T","E","R","M","$","E","R","B",null,"M","M","M","?","M","R","E","M"],"character_chosen":"THE_SILENT","items_purchased":["Crippling Poison","Trip"],"campfire_rested":3,"item_purchase_floors":[13,13],"current_hp_per_floor":[70,70,70,64,55,49,46,33,33,13,49,49,49,38,70,69,70,68,41,35,35,15,66,8,0],"gold":527,"neow_bonus":"ONE_RARE_RELIC","is_prod":false,"is_daily":false,"chose_seed":false,"campfire_upgraded":0,"win_rate":0,"timestamp":1555511915,"path_taken":["M","M","?","M","M","E","?","M","T","E","R","M","$","E","R","BOSS","M","M","M","?","M","R","E","?"],"build_version":"2019-01-23","purchased_purges":1,"victory":false,"max_hp_per_floor":[70,70,70,70,70,70,70,70,70,70,70,70,70,70,70,70,70,70,70,70,70,70,70,70,70],"card_choices":[{"not_picked":["Backflip","Blade Dance"],"picked":"Dagger Throw","floor":1},{"not_picked":["Calculated Gamble","Deflect"],"picked":"Quick Slash","floor":2},{"not_picked":["Leg Sweep","Outmaneuver"],"picked":"Infinite Blades","floor":3},{"not_picked":["Quick Slash","Underhanded Strike"],"picked":"Crippling Poison","floor":4},{"not_picked":["Well Laid Plans","Eviscerate"],"picked":"Flying Knee","floor":5},{"not_picked":["Outmaneuver","Setup"],"picked":"Flying Knee","floor":6},{"not_picked":["Blade Dance","Quick Slash"],"picked":"Deadly Poison","floor":8},{"not_picked":["Flying Knee","Slice"],"picked":"Footwork","floor":10},{"not_picked":["Bullet Time","Accuracy"],"picked":"Bane","floor":12},{"not_picked":["Setup","Underhanded Strike"],"picked":"Blur","floor":14},{"not_picked":["Die Die Die","Bullet Time"],"picked":"Corpse Explosion","floor":16},{"not_picked":["Dagger Spray","Dagger Throw"],"picked":"Blade Dance+1","floor":18},{"not_picked":["Dagger Spray","Prepared"],"picked":"Backflip","floor":19},{"not_picked":["Dagger Spray","Dagger Throw"],"picked":"Poisoned Stab","floor":20},{"not_picked":["Underhanded Strike","Dagger Throw"],"picked":"Poisoned Stab","floor":22},{"not_picked":["Flechettes","Expertise","Unload"],"picked":"SKIP","floor":24}],"player_experience":314656,"relics_obtained":[{"floor":6,"key":"MawBank"},{"floor":9,"key":"Mummified Hand"},{"floor":10,"key":"Regal Pillow"},{"floor":14,"key":"Old Coin"},{"floor":24,"key":"Question Card"}],"event_choices":[{"damage_healed":0,"gold_gain":0,"player_choice":"Success","damage_taken":3,"relics_obtained":["Ornamental Fan"],"max_hp_gain":0,"max_hp_loss":0,"event_name":"Scrap Ooze","floor":7,"gold_loss":0},{"damage_healed":0,"gold_gain":0,"player_choice":"Ignored","damage_taken":0,"max_hp_gain":0,"max_hp_loss":0,"event_name":"NoteForYourself","floor":21,"gold_loss":0}],"is_beta":false,"boss_relics":[{"not_picked":["Runic Dome","Coffee Dripper"],"picked":"Eternal Feather"}],"items_purged_floors":[13],"is_endless":false,"potions_floor_spawned":[4,5,10,12,14,19,20,24],"killed_by":"Snake Plant","ascension_level":0}