{"gold_per_floor":[114,114,130,147,162,195,195,212,212,212,212,237,237,255,255,360,360,374,374,384,60,60,60,9,43,68,80],"floor_reached":27,"playtime":1600,"items_purged":["Strike_B+1"],"score":374,"play_id":"fc31b0db-312f-474d-80ee-436b4eb6682d","local_time":"20190623020213","is_ascension_mode":true,"campfire_choices":[{"floor":7,"key":"REST"},{"floor":11,"key":"REST"},{"data":"Streamline","floor":13,"key":"SMITH"},{"floor":15,"key":"REST"},{"floor":23,"key":"REST"}],"neow_cost":"NONE","seed_source_timestamp":27265707592232,"circlet_count":0,"master_deck":["AscendersBane","Strike_B+1","Strike_B+1","Defend_B+1","Defend_B+1","Defend_B+1","Defend_B+1","Zap","Dualcast","Sweeping Beam+1","Streamline+1","Compile Driver+1","Turbo","Leap","Conserve Battery","Leap","Doom and Gloom","Redo","Electrodynamics","Self Repair","Glacier","Hologram","FTL","Beam Cell","Glacier+1"],"relics":["Cracked Core","NeowsBlessing","Pen Nib","Bottled Lightning","Ornamental Fan","Orichalcum","Philosopher\u0027s Stone","Bag of Preparation","Whetstone","MawBank"],"potions_floor_usage":[6,12,14,18,18,27],"damage_taken":[{"damage":0,"enemies":"Small Slimes","floor":1,"turns":1},{"damage":0,"enemies":"Jaw Worm","floor":3,"turns":1},{"damage":0,"enemies":"2 Louse","floor":4,"turns":1},{"damage":17,"enemies":"Exordium Wildlife","floor":5,"turns":5},{"damage":25,"enemies":"Lagavulin","floor":6,"turns":6},{"damage":0,"enemies":"Large Slime","floor":8,"turns":4},{"damage":12,"enemies":"Gremlin Nob","floor":12,"turns":4},{"damage":22,"enemies":"Exordium Thugs","floor":14,"turns":3},{"damage":45,"enemies":"The Guardian","floor":16,"turns":12},{"damage":18,"enemies":"3 Byrds","floor":18,"turns":4},{"damage":12,"enemies":"Spheric Guardian","floor":20,"turns":4},{"damage":48,"enemies":"Gremlin Leader","floor":25,"turns":7},{"damage":15,"enemies":"Slavers","floor":27,"turns":5}],"seed_played":"-5197179584478558890","potions_obtained":[{"floor":3,"key":"GamblersBrew"},{"floor":4,"key":"EssenceOfSteel"},{"floor":8,"key":"Block Potion"},{"floor":12,"key":"SkillPotion"},{"floor":16,"key":"PowerPotion"},{"floor":25,"key":"Weak Potion"}],"is_trial":false,"path_per_floor":["M","?","M","M","M","E","R","M","T","?","R","E","R","M","R","B",null,"M","?","M","$","?","R","$","E","T","E"],"character_chosen":"DEFECT","items_purchased":["Hologram","Bag of Preparation","FTL","Beam Cell"],"campfire_rested":4,"item_purchase_floors":[21,21,21,24],"current_hp_per_floor":[68,56,56,56,39,14,36,36,36,36,58,46,46,24,46,1,57,39,39,34,34,34,56,56,15,15,0],"gold":80,"neow_bonus":"THREE_ENEMY_KILL","is_prod":false,"is_daily":false,"chose_seed":false,"campfire_upgraded":1,"win_rate":0,"timestamp":1561219333,"path_taken":["M","?","M","M","M","E","R","M","T","?","R","E","R","?","R","BOSS","M","?","M","$","?","R","?","E","T","E"],"build_version":"2019-01-23","purchased_purges":1,"victory":false,"max_hp_per_floor":[75,75,75,75,75,75,75,75,75,75,75,75,75,75,75,75,75,75,75,75,75,75,75,75,75,75,75],"card_choices":[{"not_picked":["Coolheaded","Leap"],"picked":"Sweeping Beam","floor":1},{"not_picked":["Gash","Beam Cell"],"picked":"Streamline","floor":3},{"not_picked":["Aggregate","Leap"],"picked":"Compile Driver","floor":4},{"not_picked":["Rebound","Meteor Strike"],"picked":"Turbo","floor":5},{"not_picked":["Genetic Algorithm","Static Discharge"],"picked":"Leap","floor":6},{"not_picked":["Hyperbeam","Steam"],"picked":"Conserve Battery","floor":8},{"not_picked":["Coolheaded","Redo"],"picked":"Doom and Gloom","floor":12},{"not_picked":["Aggregate","Leap"],"picked":"Redo","floor":14},{"not_picked":["Reboot","Creative AI"],"picked":"Electrodynamics","floor":16},{"not_picked":["Compile Driver","Hello World"],"picked":"Self Repair","floor":18},{"not_picked":["Sweeping Beam","Reinforced Body+1"],"picked":"Glacier","floor":20},{"not_picked":["Leap","Lockon"],"picked":"Glacier+1","floor":25}],"player_experience":867529,"relics_obtained":[{"floor":6,"key":"Bottled Lightning"},{"floor":9,"key":"Ornamental Fan"},{"floor":12,"key":"Orichalcum"},{"floor":25,"key":"Whetstone"},{"floor":26,"key":"MawBank"}],"event_choices":[{"damage_healed":0,"gold_gain":0,"player_choice":"Success","damage_taken":12,"relics_obtained":["Pen Nib"],"max_hp_gain":0,"max_hp_loss":0,"event_name":"Scrap Ooze","floor":2,"gold_loss":0},{"damage_healed":0,"gold_gain":0,"cards_transformed":["Strike_B"],"player_choice":"Change","damage_taken":0,"max_hp_gain":0,"max_hp_loss":0,"event_name":"Living Wall","floor":10,"gold_loss":0,"cards_obtained":["Leap"]},{"damage_healed":0,"gold_gain":0,"player_choice":"Simplicity","damage_taken":0,"max_hp_gain":0,"max_hp_loss":0,"event_name":"Back to Basics","floor":19,"gold_loss":0,"cards_upgraded":["Strike_B","Strike_B","Strike_B","Defend_B","Defend_B","Defend_B","Defend_B"]},{"damage_healed":0,"gold_gain":0,"player_choice":"Ignored","damage_taken":0,"max_hp_gain":0,"max_hp_loss":0,"event_name":"Vampires","floor":22,"gold_loss":0}],"is_beta":false,"boss_relics":[{"not_picked":["Empty Cage","Black Star"],"picked":"Philosopher\u0027s Stone"}],"items_purged_floors":[21],"is_endless":false,"potions_floor_spawned":[3,4,8,12,16,25],"killed_by":"Slavers","ascension_level":11}