{"gold_per_floor":[115,130,141,141,157,157,186,186,209,235,245,263,338,353,353,452,452,462,481,481,499,29,29,64,76,76,76,90,102,102,116,116,116],"floor_reached":33,"playtime":1474,"items_purged":[],"score":298,"play_id":"1b28f00d-2225-48b6-9046-7bf4072fd448","local_time":"20190327155646","is_ascension_mode":false,"campfire_choices":[{"floor":6,"key":"RECALL"},{"floor":8,"key":"REST"},{"floor":15,"key":"REST"},{"floor":23,"key":"REST"},{"floor":32,"key":"REST"}],"neow_cost":"NONE","seed_source_timestamp":18510789774817,"circlet_count":0,"master_deck":["Strike_R+1","Strike_R+1","Strike_R+1","Strike_R+1","Strike_R+1","Defend_R+1","Defend_R+1","Defend_R+1","Defend_R+1","Bash","Twin Strike","Dual Wield","Flex","Rage","Iron Wave","Pommel Strike","Anger","Wild Strike","Flex","Feed","Thunderclap","Feel No Pain","Pommel Strike","Perfected Strike","Uppercut","Flash of Steel","Flex","Anger+1","Battle Trance","Twin Strike+1","Anger+1"],"relics":["Burning Blood","PreservedInsect","Centennial Puzzle","Odd Mushroom","Mark of Pain","Champion Belt","Boot","Bag of Marbles"],"potions_floor_usage":[7,7,16,16,16,21,31,31,33,33],"damage_taken":[{"damage":6,"enemies":"Cultist","floor":1,"turns":3},{"damage":0,"enemies":"2 Louse","floor":2,"turns":3},{"damage":13,"enemies":"Jaw Worm","floor":3,"turns":6},{"damage":18,"enemies":"3 Louse","floor":5,"turns":4},{"damage":35,"enemies":"Lagavulin","floor":7,"turns":7},{"damage":27,"enemies":"The Mushroom Lair","floor":10,"turns":5},{"damage":7,"enemies":"2 Fungi Beasts","floor":11,"turns":4},{"damage":2,"enemies":"Blue Slaver","floor":12,"turns":3},{"damage":0,"enemies":"Looter","floor":14,"turns":3},{"damage":67,"enemies":"Hexaghost","floor":16,"turns":12},{"damage":5,"enemies":"3 Byrds","floor":18,"turns":6},{"damage":32,"enemies":"Shell Parasite","floor":19,"turns":6},{"damage":59,"enemies":"Snake Plant","floor":21,"turns":6},{"damage":12,"enemies":"Book of Stabbing","floor":24,"turns":3},{"damage":14,"enemies":"Shelled Parasite and Fungi","floor":25,"turns":4},{"damage":13,"enemies":"Centurion and Healer","floor":28,"turns":5},{"damage":8,"enemies":"Snecko","floor":29,"turns":4},{"damage":10,"enemies":"3 Cultists","floor":31,"turns":6},{"damage":57,"enemies":"Automaton","floor":33,"turns":6}],"seed_played":"-3453021791022306990","potions_obtained":[{"floor":2,"key":"Ancient Potion"},{"floor":3,"key":"Swift Potion"},{"floor":11,"key":"BloodPotion"},{"floor":12,"key":"Dexterity Potion"},{"floor":14,"key":"BloodPotion"},{"floor":19,"key":"Explosive Potion"},{"floor":30,"key":"SneckoOil"},{"floor":30,"key":"Swift Potion"},{"floor":30,"key":"SteroidPotion"},{"floor":31,"key":"SpeedPotion"}],"is_trial":false,"path_per_floor":["M","M","M","?","M","R","E","R","T","?","M","M","?","M","R","B",null,"M","M","?","M","$","R","E","M","T","?","M","M","?","M","R","B"],"character_chosen":"IRONCLAD","items_purchased":["Champion Belt","Perfected Strike","Uppercut","Flash of Steel"],"campfire_rested":4,"item_purchase_floors":[22,22,22,22],"current_hp_per_floor":[80,80,73,73,61,61,32,56,56,35,34,38,27,33,57,12,80,83,60,60,7,7,32,26,21,21,21,17,15,15,14,42,0],"gold":116,"neow_bonus":"RANDOM_COMMON_RELIC","is_prod":false,"is_daily":false,"chose_seed":false,"campfire_upgraded":0,"win_rate":0,"timestamp":1553666206,"path_taken":["M","?","M","?","M","R","E","R","T","?","M","M","?","M","R","BOSS","M","M","?","M","$","R","E","M","T","?","M","M","?","M","R","BOSS"],"build_version":"2019-01-23","purchased_purges":0,"victory":false,"max_hp_per_floor":[80,80,80,80,80,80,80,80,80,80,80,80,80,80,80,80,80,83,86,86,86,86,86,86,89,89,89,92,92,92,95,95,95],"card_choices":[{"not_picked":["Anger","Cleave"],"picked":"Twin Strike","floor":1},{"not_picked":["Shrug It Off","Iron Wave"],"picked":"Dual Wield","floor":2},{"not_picked":["Clothesline","Havoc"],"picked":"Flex","floor":3},{"not_picked":["Searing Blow","Immolate"],"picked":"Rage","floor":5},{"not_picked":["Sword Boomerang","Clothesline"],"picked":"Iron Wave","floor":7},{"not_picked":["Warcry","Metallicize"],"picked":"Pommel Strike","floor":10},{"not_picked":["Sentinel","Cleave"],"picked":"Anger","floor":11},{"not_picked":["Headbutt","True Grit"],"picked":"Wild Strike","floor":12},{"not_picked":["Wild Strike","Body Slam"],"picked":"Flex","floor":14},{"not_picked":["Limit Break","Offering"],"picked":"Feed","floor":16},{"not_picked":["Sword Boomerang","Warcry+1"],"picked":"Thunderclap","floor":18},{"not_picked":["Pummel","Clothesline"],"picked":"Feel No Pain","floor":19},{"not_picked":["Heavy Blade","Brutality"],"picked":"Pommel Strike","floor":21},{"not_picked":["Wild Strike","Corruption"],"picked":"Flex","floor":24},{"not_picked":["Cleave+1","Headbutt"],"picked":"Anger+1","floor":25},{"not_picked":["Reckless Charge","Twin Strike"],"picked":"Battle Trance","floor":28},{"not_picked":["Brutality","Iron Wave"],"picked":"Twin Strike+1","floor":29},{"not_picked":["Iron Wave","Power Through"],"picked":"Anger+1","floor":31}],"player_experience":193692,"relics_obtained":[{"floor":7,"key":"Centennial Puzzle"},{"floor":10,"key":"Odd Mushroom"},{"floor":24,"key":"Boot"},{"floor":26,"key":"Bag of Marbles"}],"event_choices":[{"damage_healed":0,"gold_gain":0,"player_choice":"Ignored","damage_taken":0,"max_hp_gain":0,"max_hp_loss":0,"event_name":"Golden Wing","floor":4,"gold_loss":0},{"damage_healed":0,"gold_gain":0,"player_choice":"Fought Mushrooms","damage_taken":0,"max_hp_gain":0,"max_hp_loss":0,"event_name":"Mushrooms","floor":10,"gold_loss":0},{"damage_healed":0,"gold_gain":75,"player_choice":"Gather Gold","damage_taken":11,"max_hp_gain":0,"max_hp_loss":0,"event_name":"World of Goop","floor":13,"gold_loss":0},{"damage_healed":0,"gold_gain":0,"player_choice":"Simplicity","damage_taken":0,"max_hp_gain":0,"max_hp_loss":0,"event_name":"Back to Basics","floor":20,"gold_loss":0,"cards_upgraded":["Strike_R","Strike_R","Strike_R","Strike_R","Strike_R","Defend_R","Defend_R","Defend_R","Defend_R"]},{"damage_healed":0,"gold_gain":0,"player_choice":"Ignored","damage_taken":0,"max_hp_gain":0,"max_hp_loss":0,"event_name":"Cursed Tome","floor":27,"gold_loss":0},{"damage_healed":0,"gold_gain":0,"player_choice":"Got Potions","damage_taken":0,"max_hp_gain":0,"max_hp_loss":0,"event_name":"Lab","floor":30,"gold_loss":0}],"is_beta":false,"boss_relics":[{"not_picked":["Pandora\u0027s Box","Calling Bell"],"picked":"Mark of Pain"}],"items_purged_floors":[],"is_endless":false,"potions_floor_spawned":[2,3,11,12,14,19,31],"killed_by":"Automaton","ascension_level":0}