{"gold_per_floor":[365,384,404,0,0,0,31,31,81,98,116,131,144,170,170,241,241,261,277,291,291],"floor_reached":21,"playtime":1507,"items_purged":[],"score":390,"play_id":"564c5c3f-fe62-40bc-a7ea-4c24eda4ac24","local_time":"20181231000006","is_ascension_mode":true,"campfire_choices":[{"data":"Terror","floor":6.0,"key":"SMITH"},{"floor":8.0,"key":"REST"},{"data":"Blade Dance","floor":15.0,"key":"SMITH"}],"neow_cost":"TEN_PERCENT_HP_LOSS","seed_source_timestamp":0,"circlet_count":0,"master_deck":["AscendersBane","Defend_G+1","Defend_G","Defend_G+1","Defend_G","Defend_G","Strike_G","Strike_G","Strike_G","Strike_G","Strike_G","Survivor","Neutralize","Sucker Punch","Dagger Spray","Terror+1","Slice","PiercingWail","Blade Dance+1","Venomology","Well Laid Plans","Footwork","Acrobatics"],"special_seed":0,"relics":["Ring of the Snake","Dead Branch","Pen Nib","War Paint","Ancient Tea Set","Ice Cream","Runic Dome"],"potions_floor_usage":[18,19,20,20,21],"damage_taken":[{"damage":2.0,"enemies":"Jaw Worm","floor":1.0,"turns":5.0},{"damage":0.0,"enemies":"Cultist","floor":2.0,"turns":4.0},{"damage":2.0,"enemies":"2 Louse","floor":3.0,"turns":3.0},{"damage":30.0,"enemies":"Lagavulin","floor":7.0,"turns":6.0},{"damage":0.0,"enemies":"2 Fungi Beasts","floor":10.0,"turns":4.0},{"damage":0.0,"enemies":"3 Louse","floor":11.0,"turns":2.0},{"damage":14.0,"enemies":"Large Slime","floor":12.0,"turns":6.0},{"damage":0.0,"enemies":"Blue Slaver","floor":13.0,"turns":4.0},{"damage":2.0,"enemies":"Gremlin Nob","floor":14.0,"turns":3.0},{"damage":12.0,"enemies":"Slime Boss","floor":16.0,"turns":6.0},{"damage":14,"enemies":"Spheric Guardian","floor":18,"turns":5},{"damage":20,"enemies":"2 Thieves","floor":19,"turns":5},{"damage":6,"enemies":"3 Cultists","floor":20,"turns":7},{"damage":14,"enemies":"Snake Plant","floor":21,"turns":5}],"seed_played":"-8285953806408057875","potions_obtained":[{"floor":7.0,"key":"LiquidBronze"},{"floor":11.0,"key":"GhostInAJar"},{"floor":12.0,"key":"FearPotion"},{"floor":16.0,"key":"AttackPotion"},{"floor":20,"key":"FearPotion"}],"is_trial":false,"path_per_floor":["M","M","M","$","?","R","E","R","T","M","M","M","M","E","R","B",null,"M","M","M","M"],"character_chosen":"THE_SILENT","items_purchased":["Dead Branch","Terror"],"campfire_rested":1,"item_purchase_floors":[4,4],"current_hp_per_floor":[57,57,55,55,55,55,25,43,43,43,43,29,29,27,27,15,49,35,15,9,0],"gold":291,"neow_bonus":"TWO_FIFTY_GOLD","is_prod":false,"is_daily":false,"chose_seed":false,"campfire_upgraded":2,"win_rate":0,"timestamp":1546232406,"path_taken":["M","M","M","$","?","R","E","R","T","?","?","M","M","E","R","BOSS","M","M","M","M"],"build_version":"2018-12-20","purchased_purges":0,"victory":false,"max_hp_per_floor":[60,60,60,60,60,60,60,60,60,60,60,60,60,60,60,60,60,60,60,60,60],"card_choices":[{"not_picked":["Outmaneuver","Prepared"],"picked":"Sucker Punch","floor":1.0},{"not_picked":["Deadly Poison","Underhanded Strike"],"picked":"Dagger Spray","floor":2.0},{"not_picked":["Dagger Spray","Acrobatics"],"picked":"Flying Knee","floor":3.0},{"not_picked":["Eviscerate","Prepared","Acrobatics"],"picked":"SKIP","floor":7.0},{"not_picked":["Prepared","Outmaneuver"],"picked":"Slice","floor":10.0},{"not_picked":["Choke","Escape Plan"],"picked":"PiercingWail","floor":11.0},{"not_picked":["Quick Slash","Malaise","Catalyst"],"picked":"SKIP","floor":12.0},{"not_picked":["Choke","Skewer"],"picked":"Blade Dance","floor":13.0},{"not_picked":["Backflip","Noxious Fumes","Bane"],"picked":"SKIP","floor":14.0},{"not_picked":["Storm of Steel","Night Terror"],"picked":"Venomology","floor":16.0},{"not_picked":["Skewer","Dagger Throw"],"picked":"Well Laid Plans","floor":18},{"not_picked":["Dagger Throw","Deflect"],"picked":"Footwork","floor":19},{"not_picked":["Dagger Throw","Expertise"],"picked":"Acrobatics","floor":20}],"player_experience":1126836,"relics_obtained":[{"floor":7.0,"key":"War Paint"},{"floor":9.0,"key":"Ancient Tea Set"},{"floor":14.0,"key":"Ice Cream"}],"event_choices":[{"cards_removed":["Flying Knee"],"damage_healed":0.0,"max_hp_gain":0.0,"max_hp_loss":0.0,"gold_gain":0.0,"event_name":"WeMeetAgain","player_choice":"Gave Card","floor":5.0,"gold_loss":0.0,"damage_taken":0.0,"relics_obtained":["Pen Nib"]}],"is_beta":false,"boss_relics":[{"not_picked":["HoveringKite","White Beast Statue"],"picked":"Runic Dome"}],"items_purged_floors":[],"is_endless":false,"potions_floor_spawned":[7,11,12,16,20],"killed_by":"Snake Plant","ascension_level":20}