{"path_per_floor":["M","M","M","?","$","R","E","R","T","R","M","M","E","M","R","B",null,"M","M","M","$","M","R","M","R","T","?","?","E","R","M","R","B",null,"M","M","M","M","?","R"],"character_chosen":"THE_SILENT","items_purchased":["Accuracy","Panache","Deflect"],"gold_per_floor":[110,120,139,89,17,17,46,46,46,46,66,78,108,121,121,224,224,206,216,233,10,23,23,42,42,69,69,69,100,100,112,112,214,214,227,243,255,269,269,269,269],"floor_reached":41,"campfire_rested":8,"playtime":2628,"current_hp_per_floor":[69,69,68,68,68,68,19,40,40,61,60,59,51,48,70,36,76,58,53,32,32,34,58,41,65,65,65,50,23,48,45,71,12,93,93,89,56,17,17,44,0],"items_purged":[],"gold":269,"score":495,"play_id":"ecf7098e-514d-48c1-a523-8d734b1b7526","local_time":"20180326212944","is_prod":false,"is_daily":false,"is_ascension_mode":true,"campfire_upgraded":1,"timestamp":1522114184,"path_taken":["M","M","M","?","$","R","E","R","T","R","M","M","E","M","R","BOSS","M","M","M","$","M","R","M","R","T","?","?","E","R","M","R","BOSS","M","M","M","M","?","R","M"],"build_version":"2018-03-22v2","purchased_purges":0,"victory":false,"master_deck":["Defend_G+1","Defend_G","Defend_G","Defend_G","Strike_G","Strike_G","Strike_G","Strike_G","Strike_G","Survivor","Neutralize","Calculated Gamble","Finisher","Cloak And Dagger","Cloak And Dagger","Accuracy+1","Blade Dance","Backflip","After Image","Cloak And Dagger+1","Blade Dance","Panache","Deflect+1","Slice","Flechettes","Storm of Steel","Parasite","Poisoned Stab+1","Caltrops+1","Dagger Spray+1","Choke+1"],"max_hp_per_floor":[70,70,70,70,70,70,72,72,72,72,72,74,76,76,76,76,76,76,76,78,78,80,80,80,80,80,80,85,85,85,87,87,87,93,93,93,93,93,93,93,93],"relics":["Ring of the Snake","Singing Bowl","Ginger","Omamori","White Beast Statue","War Paint","Darkstone Periapt","Calling Bell","Oddly Smooth Stone","Anchor","Prayer Wheel"],"card_choices":[{"not_picked":["Backflip","Sucker Punch"],"picked":"Calculated Gamble","floor":0},{"not_picked":["Dagger Throw","Acrobatics"],"picked":"Finisher","floor":1},{"not_picked":["Corpse Explosion","Dagger Spray"],"picked":"Cloak And Dagger","floor":2},{"not_picked":["Deadly Poison","Flying Knee"],"picked":"Cloak And Dagger","floor":3},{"not_picked":["Distraction","Dash"],"picked":"Blade Dance","floor":11},{"not_picked":["PiercingWail","Poisoned Stab"],"picked":"Backflip","floor":14},{"not_picked":["Corpse Explosion","Die Die Die"],"picked":"After Image","floor":16},{"not_picked":["Poisoned Stab","Accuracy"],"picked":"Cloak And Dagger","floor":18},{"not_picked":["Acrobatics","Accuracy"],"picked":"Blade Dance","floor":19},{"not_picked":["Dodge and Roll","Poisoned Stab"],"picked":"Slice","floor":24},{"not_picked":["Grand Finale","Deadly Poison"],"picked":"Flechettes","floor":29},{"not_picked":["Doppelganger","Tools of the Trade"],"picked":"Storm of Steel","floor":33},{"not_picked":["Catalyst","Quick Slash"],"picked":"Poisoned Stab","floor":35},{"not_picked":["Deflect","Well Laid Plans"],"picked":"Caltrops","floor":36},{"not_picked":["Deadly Poison","Outmaneuver"],"picked":"Dagger Spray","floor":37},{"not_picked":["Poisoned Stab","Eviscerate"],"picked":"Choke","floor":38}],"player_experience":100098,"potions_floor_usage":[13,16,16,18,20,22,24,29,29,29,33,33,37,37,38,41],"damage_taken":[{"damage":1,"enemies":"Cultist","floor":1,"turns":5},{"damage":0,"enemies":"Small Slimes","floor":2,"turns":5},{"damage":1,"enemies":"Jaw Worm","floor":3,"turns":6},{"damage":51,"enemies":"Gremlin Nob","floor":7,"turns":6},{"damage":1,"enemies":"Blue Slaver","floor":11,"turns":3},{"damage":3,"enemies":"2 Fungi Beasts","floor":12,"turns":3},{"damage":10,"enemies":"Lagavulin","floor":13,"turns":7},{"damage":3,"enemies":"Red Slaver","floor":14,"turns":4},{"damage":34,"enemies":"Hexaghost","floor":16,"turns":9},{"damage":27,"enemies":"2 Thieves","floor":18,"turns":4},{"damage":5,"enemies":"Spheric Guardian","floor":19,"turns":4},{"damage":23,"enemies":"Slaver and Parasite","floor":20,"turns":8},{"damage":0,"enemies":"Chosen and Byrds","floor":22,"turns":4},{"damage":17,"enemies":"Snake Plant","floor":24,"turns":4},{"damage":27,"enemies":"Slavers","floor":29,"turns":4},{"damage":5,"enemies":"Centurion and Healer","floor":31,"turns":9},{"damage":59,"enemies":"Collector","floor":33,"turns":11},{"damage":0,"enemies":"Orb Walker","floor":35,"turns":3},{"damage":4,"enemies":"3 Shapes","floor":36,"turns":7},{"damage":33,"enemies":"3 Darklings","floor":37,"turns":6},{"damage":39,"enemies":"Sphere and 2 Shapes","floor":38,"turns":8},{"damage":50,"enemies":"Maw","floor":41,"turns":8}],"event_choices":[{"event_name":"The Cleric","player_choice":"Card Removal","floor":4,"damage_taken":0},{"event_name":"Drug Dealer","player_choice":"Ignored","floor":27,"damage_taken":0},{"event_name":"Forgotten Altar","player_choice":"Shed Blood","floor":28,"damage_taken":0},{"event_name":"Tomb of Lord Red Mask","player_choice":"Ignored","floor":39,"damage_taken":0}],"boss_relics":[{"not_picked":["Question Card","Philosopher\u0027s Stone"],"picked":"White Beast Statue"},{"not_picked":["Runic Dome","Astrolabe"],"picked":"Calling Bell"}],"potions_floor_spawned":[3,11,12,14,16,18,19,20,22,24,29,31,33,35,36,37,38],"seed_played":"1314724790655293735","killed_by":"Maw","ascension_level":2,"is_trial":false}