{"gold_per_floor":[115,115,132,132,132,160,175,175,175,200,200],"floor_reached":11,"playtime":213,"items_purged":[],"score":201,"play_id":"ba1cddef-ba5e-4ff5-a857-c1a0fb86a7b6","local_time":"20190822192941","is_ascension_mode":true,"campfire_choices":[{"data":"Flame Barrier","floor":8,"key":"SMITH"}],"neow_cost":"NONE","seed_source_timestamp":82532574885735,"circlet_count":0,"master_deck":["AscendersBane","Strike_R","Strike_R","Strike_R","Strike_R","Defend_R","Defend_R","Defend_R","Defend_R+1","Bash","Cleave","Iron Wave","Havoc+1","Berserk","Flame Barrier+1","Body Slam"],"relics":["Burning Blood","NeowsBlessing","Kunai","Mummified Hand","Matryoshka","War Paint"],"potions_floor_usage":[10],"damage_taken":[{"damage":0,"enemies":"Small Slimes","floor":1,"turns":1},{"damage":0,"enemies":"2 Louse","floor":3,"turns":1},{"damage":0,"enemies":"Lagavulin","floor":6,"turns":1},{"damage":0,"enemies":"Cultist","floor":7,"turns":3},{"damage":72,"enemies":"Gremlin Nob","floor":10,"turns":5},{"damage":14,"enemies":"Gremlin Gang","floor":11,"turns":3}],"seed_played":"-4819478787687401555","potions_obtained":[{"floor":3,"key":"Strength Potion"}],"is_trial":false,"path_per_floor":["M","?","M","?","?","E","M","R","T","E","M"],"character_chosen":"IRONCLAD","items_purchased":[],"campfire_rested":0,"item_purchase_floors":[],"current_hp_per_floor":[74,79,80,69,69,75,80,80,80,14,0],"gold":200,"neow_bonus":"THREE_ENEMY_KILL","is_prod":false,"is_daily":false,"chose_seed":false,"campfire_upgraded":1,"win_rate":0,"timestamp":1566466181,"path_taken":["M","?","M","?","?","E","M","R","T","E","M"],"build_version":"2019-07-17","purchased_purges":0,"victory":false,"max_hp_per_floor":[75,80,80,80,80,80,80,80,80,80,80],"card_choices":[{"not_picked":["Shrug It Off","Havoc"],"picked":"Cleave","floor":1},{"not_picked":["Sever Soul","Twin Strike"],"picked":"Iron Wave","floor":3},{"not_picked":["Clothesline","Infernal Blade"],"picked":"Berserk","floor":6},{"not_picked":["Carnage","Body Slam"],"picked":"Flame Barrier","floor":7},{"not_picked":["Rage","Wild Strike"],"picked":"Body Slam","floor":10}],"player_experience":1202879,"relics_obtained":[{"floor":6,"key":"Mummified Hand"},{"floor":9,"key":"Matryoshka"},{"floor":10,"key":"War Paint"}],"event_choices":[{"damage_healed":0,"gold_gain":0,"player_choice":"Donut","damage_taken":0,"max_hp_gain":5,"max_hp_loss":0,"event_name":"Big Fish","floor":2,"gold_loss":0},{"damage_healed":0,"gold_gain":0,"player_choice":"Success","damage_taken":11,"relics_obtained":["Kunai"],"max_hp_gain":0,"max_hp_loss":0,"event_name":"Scrap Ooze","floor":4,"gold_loss":0},{"damage_healed":0,"gold_gain":0,"cards_transformed":["Strike_R"],"player_choice":"Transformed","damage_taken":0,"max_hp_gain":0,"max_hp_loss":0,"event_name":"Transmorgrifier","floor":5,"gold_loss":0,"cards_obtained":["Havoc"]}],"is_beta":false,"boss_relics":[],"items_purged_floors":[],"is_endless":false,"potions_floor_spawned":[3],"killed_by":"Gremlin Gang","ascension_level":18}