{"gold_per_floor":[365,413,413,425,425,436,7,25,77,105,125,135,135,150,150,270,270,286,286,307,307,49,92,92,92],"floor_reached":25,"playtime":979,"items_purged":[],"score":223,"play_id":"bbe0ad98-03ae-4503-aafa-21fa590ccea2","local_time":"20190430224055","is_ascension_mode":false,"campfire_choices":[{"data":"Envenom","floor":15.0,"key":"SMITH"},{"floor":24,"key":"REST"}],"neow_cost":"CURSE","seed_source_timestamp":0,"circlet_count":0,"master_deck":["Defend_G","Defend_G+1","Defend_G+1","Defend_G","Defend_G","Strike_G","Strike_G","Strike_G","Strike_G","Survivor","Neutralize","Poisoned Stab","Poisoned Stab","Leg Sweep","Envenom+1","Dagger Spray","Backflip","Crippling Poison","Tactician","Setup","Deflect","Bullet Time","Catalyst","PiercingWail","Poisoned Stab","Dagger Throw","Sucker Punch","Blade Dance+1","RitualDagger","Acrobatics","Envenom+1","Well Laid Plans","Footwork"],"special_seed":0,"relics":["Ring of the Snake","Oddly Smooth Stone","Mercury Hourglass","Smiling Mask","War Paint","Golden Idol","Orrery","DollysMirror","Snake Skull"],"potions_floor_usage":[23,23,23,25],"damage_taken":[{"damage":0.0,"enemies":"Cultist","floor":1.0,"turns":4.0},{"damage":0.0,"enemies":"Small Slimes","floor":4.0,"turns":4.0},{"damage":4.0,"enemies":"Jaw Worm","floor":6.0,"turns":4.0},{"damage":0.0,"enemies":"Lots of Slimes","floor":8.0,"turns":1.0},{"damage":10.0,"enemies":"Gremlin Nob","floor":10.0,"turns":5.0},{"damage":10.0,"enemies":"Looter","floor":11.0,"turns":3.0},{"damage":7.0,"enemies":"Large Slime","floor":12.0,"turns":6.0},{"damage":0.0,"enemies":"Blue Slaver","floor":14.0,"turns":5.0},{"damage":32.0,"enemies":"Hexaghost","floor":16.0,"turns":12.0},{"damage":25,"enemies":"Spheric Guardian","floor":18,"turns":9},{"damage":20,"enemies":"Chosen","floor":20,"turns":6},{"damage":16,"enemies":"Book of Stabbing","floor":23,"turns":5},{"damage":24,"enemies":"3 Cultists","floor":25,"turns":4}],"seed_played":"8852406862326458815","potions_obtained":[{"floor":6.0,"key":"Swift Potion"},{"floor":11.0,"key":"Swift Potion"},{"floor":12.0,"key":"Dexterity Potion"},{"floor":14.0,"key":"EssenceOfSteel"},{"floor":16.0,"key":"LiquidBronze"},{"floor":18,"key":"Dexterity Potion"},{"floor":23,"key":"Explosive Potion"}],"is_trial":false,"path_per_floor":["M","T","?","M","?","M","$","M","T","E","M","M","?","M","R","B",null,"M","?","M","?","$","E","R","M"],"character_chosen":"THE_SILENT","items_purchased":["Envenom","Dagger Spray","Mercury Hourglass","DollysMirror","Well Laid Plans"],"campfire_rested":1,"item_purchase_floors":[7,7,7,22,22],"current_hp_per_floor":[70,70,70,70,70,66,66,66,66,56,46,39,39,39,39,7,70,45,39,19,19,19,3,24,0],"gold":92,"neow_bonus":"TWO_FIFTY_GOLD","is_prod":false,"is_daily":false,"chose_seed":false,"campfire_upgraded":1,"win_rate":0,"timestamp":1556628055,"path_taken":["M","?","?","?","?","M","$","M","T","E","M","?","?","M","R","BOSS","M","?","M","?","$","E","R","M"],"build_version":"2019-01-23","purchased_purges":0,"victory":false,"max_hp_per_floor":[70,70,70,70,70,70,70,70,70,70,70,70,70,70,70,70,70,70,70,70,70,70,70,70,70],"card_choices":[{"not_picked":["Slice","Underhanded Strike"],"picked":"Poisoned Stab","floor":1.0},{"not_picked":["Eviscerate","Cloak And Dagger"],"picked":"Poisoned Stab","floor":4.0},{"not_picked":["Skewer","Deadly Poison"],"picked":"Leg Sweep","floor":6.0},{"not_picked":["Acrobatics","Outmaneuver"],"picked":"Backflip","floor":8.0},{"not_picked":["Backflip","Riddle With Holes"],"picked":"Crippling Poison","floor":10.0},{"not_picked":["Flechettes","Prepared"],"picked":"Tactician","floor":11.0},{"not_picked":["Dodge and Roll","Deadly Poison"],"picked":"Setup","floor":12.0},{"not_picked":["Flying Knee","Flechettes"],"picked":"Deflect","floor":14.0},{"not_picked":["Tools of the Trade","Doppelganger"],"picked":"Bullet Time","floor":16.0},{"not_picked":["Blade Dance","Slice"],"picked":"Catalyst","floor":17},{"not_picked":["Quick Slash","Reflex"],"picked":"PiercingWail","floor":17},{"not_picked":["Blade Dance","Bane"],"picked":"Poisoned Stab","floor":17},{"not_picked":["Doppelganger","Blade Dance"],"picked":"Dagger Throw","floor":17},{"not_picked":["Slice","Expertise"],"picked":"Sucker Punch","floor":17},{"not_picked":["Endless Agony","Underhanded Strike+1"],"picked":"Blade Dance+1","floor":18},{"not_picked":["Calculated Gamble","Poisoned Stab"],"picked":"Acrobatics","floor":20},{"not_picked":["PiercingWail","Deadly Poison"],"picked":"Footwork","floor":23}],"player_experience":545125,"relics_obtained":[{"floor":2.0,"key":"Oddly Smooth Stone"},{"floor":9.0,"key":"Smiling Mask"},{"floor":10.0,"key":"War Paint"},{"floor":23,"key":"Snake Skull"}],"event_choices":[{"damage_healed":0.0,"max_hp_gain":0.0,"max_hp_loss":0.0,"gold_gain":0.0,"event_name":"NoteForYourself","player_choice":"Ignored","floor":3.0,"gold_loss":0.0,"damage_taken":0.0},{"cards_removed":["Strike_G"],"damage_healed":0.0,"max_hp_gain":0.0,"max_hp_loss":0.0,"gold_gain":0.0,"event_name":"Bonfire Elementals","player_choice":"Offered Basic","floor":5.0,"gold_loss":0.0,"damage_taken":0.0},{"damage_healed":0.0,"max_hp_gain":0.0,"max_hp_loss":0.0,"gold_gain":0.0,"event_name":"Golden Idol","player_choice":"Take Wound","floor":13.0,"gold_loss":0.0,"damage_taken":0.0,"relics_obtained":["Golden Idol"],"cards_obtained":["Injury"]},{"damage_healed":0,"gold_gain":0,"player_choice":"Joined the Cult","damage_taken":6,"max_hp_gain":0,"max_hp_loss":0,"event_name":"Nest","floor":19,"gold_loss":0,"cards_obtained":["RitualDagger"]},{"cards_removed":["Injury","Regret"],"damage_healed":0,"gold_gain":0,"player_choice":"Removed Curses","damage_taken":0,"max_hp_gain":0,"max_hp_loss":0,"event_name":"Fountain of Cleansing","floor":21,"gold_loss":0}],"is_beta":false,"boss_relics":[{"not_picked":["Lizard Tail","Busted Crown"],"picked":"Orrery"}],"items_purged_floors":[],"is_endless":false,"potions_floor_spawned":[6,11,12,14,16,18,23],"killed_by":"3 Cultists","ascension_level":0}