{"gold_per_floor":[214,214,25,41,60,60,105,105,105,7,41,41,41,41,41,41],"floor_reached":16,"playtime":399,"items_purged":[],"score":182,"play_id":"1558c510-b4d3-426d-94cd-d3274363d6b0","local_time":"20190825113836","is_ascension_mode":true,"campfire_choices":[{"data":"Pommel Strike","floor":6,"key":"SMITH"},{"data":"Corruption","floor":8,"key":"SMITH"},{"data":"1","floor":13,"key":"LIFT"},{"floor":15,"key":"REST"}],"neow_cost":"NONE","seed_source_timestamp":20438199317203,"circlet_count":0,"master_deck":["AscendersBane","Strike_R","Strike_R","Strike_R","Strike_R","Strike_R","Defend_R","Defend_R","Defend_R","Defend_R","Bash","Spot Weakness","Corruption+1","Shrug It Off+1","Thunderclap","Cleave","Pommel Strike+1","Clothesline+1","Entrench","Sword Boomerang"],"relics":["Burning Blood","Strawberry","Dodecahedron","Girya"],"potions_floor_usage":[11,16],"damage_taken":[{"damage":9,"enemies":"Small Slimes","floor":1,"turns":4},{"damage":14,"enemies":"Jaw Worm","floor":4,"turns":4},{"damage":0,"enemies":"2 Louse","floor":5,"turns":2},{"damage":27,"enemies":"Lagavulin","floor":11,"turns":10},{"damage":58,"enemies":"Slime Boss","floor":16,"turns":8}],"seed_played":"2516323626272190813","potions_obtained":[{"floor":4,"key":"Block Potion"},{"floor":5,"key":"SpeedPotion"}],"is_trial":false,"path_per_floor":["M","?","$","M","M","R","T","R","T","$","E","?","R","$","R","B"],"character_chosen":"IRONCLAD","items_purchased":["Corruption","Shrug It Off","Thunderclap","Clothesline","Entrench"],"campfire_rested":1,"item_purchase_floors":[3,3,3,10,10],"current_hp_per_floor":[65,70,70,62,68,68,75,75,75,75,54,28,28,28,54,0],"gold":41,"neow_bonus":"HUNDRED_GOLD","is_prod":false,"is_daily":false,"chose_seed":false,"campfire_upgraded":2,"win_rate":0,"timestamp":1566697116,"path_taken":["M","?","?","M","M","R","?","R","T","$","E","?","R","?","R","BOSS"],"build_version":"2019-07-17","purchased_purges":0,"victory":false,"max_hp_per_floor":[75,80,80,80,80,80,87,87,87,87,87,87,87,87,87,87],"card_choices":[{"not_picked":["Sword Boomerang","Combust"],"picked":"Spot Weakness","floor":1},{"not_picked":["Wild Strike","Perfected Strike"],"picked":"Cleave","floor":4},{"not_picked":["Second Wind","Burning Pact"],"picked":"Pommel Strike","floor":5},{"not_picked":["Double Tap","Metallicize"],"picked":"Sword Boomerang","floor":11}],"player_experience":1216131,"relics_obtained":[{"floor":7,"key":"Strawberry"},{"floor":9,"key":"Dodecahedron"},{"floor":11,"key":"Girya"}],"event_choices":[{"damage_healed":0,"gold_gain":0,"player_choice":"Donut","damage_taken":0,"max_hp_gain":5,"max_hp_loss":0,"event_name":"Big Fish","floor":2,"gold_loss":0},{"damage_healed":0,"gold_gain":0,"player_choice":"Entered Light","damage_taken":26,"max_hp_gain":0,"max_hp_loss":0,"event_name":"Shining Light","floor":12,"gold_loss":0,"cards_upgraded":["Shrug It Off","Clothesline"]}],"is_beta":false,"boss_relics":[],"items_purged_floors":[],"is_endless":false,"potions_floor_spawned":[4,5],"killed_by":"Slime Boss","ascension_level":18}