{"gold_per_floor":[118,132,20,31,44,44,75,87,111,145,295,295,220,3,3,76,76,95,95],"floor_reached":19,"playtime":1153,"items_purged":["Strike_G"],"score":354,"play_id":"f79a389a-e01b-4750-a918-5790af46401d","local_time":"20181229150724","is_ascension_mode":true,"campfire_choices":[{"data":"Neutralize","floor":6,"key":"SMITH"},{"data":"Backstab","floor":12,"key":"SMITH"},{"floor":15,"key":"REST"}],"neow_cost":"NONE","seed_source_timestamp":740398879895893,"circlet_count":0,"master_deck":["AscendersBane","Defend_G","Defend_G","Defend_G","Defend_G","Defend_G","Strike_G","Strike_G","Strike_G","Survivor","Neutralize+1","Dagger Spray","Cloak And Dagger","Noxious Fumes","Deadly Poison","Quick Slash","Backstab+1","Crippling Poison","Night Terror","PiercingWail"],"relics":["Ring of the Snake","Potion Belt","Strawberry","Smiling Mask","Art of War","Snecko Eye"],"potions_floor_usage":[7,10,16],"damage_taken":[{"damage":2,"enemies":"Cultist","floor":1,"turns":5},{"damage":0,"enemies":"2 Louse","floor":2,"turns":4},{"damage":2,"enemies":"Jaw Worm","floor":4,"turns":5},{"damage":2,"enemies":"3 Louse","floor":5,"turns":4},{"damage":29,"enemies":"3 Sentries","floor":7,"turns":9},{"damage":1,"enemies":"Looter","floor":8,"turns":3},{"damage":17,"enemies":"Lagavulin","floor":10,"turns":9},{"damage":1,"enemies":"The Guardian","floor":16,"turns":9},{"damage":5,"enemies":"3 Byrds","floor":18,"turns":4},{"damage":69,"enemies":"Colosseum Slavers","floor":19,"turns":5}],"seed_played":"-3335510005085360170","potions_obtained":[{"floor":2,"key":"PowerPotion"},{"floor":4,"key":"SpeedPotion"},{"floor":10,"key":"GamblersBrew"},{"floor":16,"key":"Ancient Potion"}],"is_trial":false,"path_per_floor":["M","M","$","M","M","R","E","M","T","E","?","R","?","$","R","B",null,"M","?"],"character_chosen":"THE_SILENT","items_purchased":["Noxious Fumes","Deadly Poison","Art of War"],"campfire_rested":1,"item_purchase_floors":[3,3,14],"current_hp_per_floor":[57,57,57,55,53,53,24,23,30,13,13,13,13,13,34,33,63,58,0],"gold":95,"neow_bonus":"REMOVE_CARD","is_prod":false,"is_daily":false,"chose_seed":false,"campfire_upgraded":2,"win_rate":0,"timestamp":1546114044,"path_taken":["M","M","$","M","?","R","E","?","T","E","?","R","?","$","R","BOSS","M","?"],"build_version":"2018-12-20","purchased_purges":1,"victory":false,"max_hp_per_floor":[66,66,66,66,66,66,66,66,73,73,73,73,73,73,73,73,73,73,73],"card_choices":[{"not_picked":["Bane","Dagger Throw"],"picked":"Dagger Spray","floor":1},{"not_picked":["Dodge and Roll","Masterful Stab"],"picked":"Cloak And Dagger","floor":2},{"not_picked":["Dodge and Roll","Underhanded Strike","PiercingWail"],"picked":"SKIP","floor":4},{"not_picked":["Dodge and Roll","Cloak And Dagger"],"picked":"Quick Slash","floor":5},{"not_picked":["After Image","Flying Knee"],"picked":"Backstab","floor":7},{"not_picked":["Flying Knee","Dagger Spray","Deflect"],"picked":"SKIP","floor":8},{"not_picked":["Slice","Quick Slash"],"picked":"Crippling Poison","floor":10},{"not_picked":["Doppelganger","Burst"],"picked":"Night Terror","floor":16},{"not_picked":["Prepared","All Out Attack"],"picked":"PiercingWail","floor":18}],"player_experience":1096664,"relics_obtained":[{"floor":7,"key":"Potion Belt"},{"floor":9,"key":"Strawberry"},{"floor":10,"key":"Smiling Mask"}],"event_choices":[{"damage_healed":0,"gold_gain":150,"player_choice":"AGREE","damage_taken":0,"max_hp_gain":0,"max_hp_loss":0,"event_name":"Liars Game","floor":11,"gold_loss":0,"cards_obtained":["Doubt"]},{"cards_removed":["Doubt"],"damage_healed":0,"gold_gain":0,"player_choice":"Card Removal","damage_taken":0,"max_hp_gain":0,"max_hp_loss":0,"event_name":"The Cleric","floor":13,"gold_loss":75},{"damage_healed":0,"gold_gain":0,"player_choice":"Fight","damage_taken":0,"max_hp_gain":0,"max_hp_loss":0,"event_name":"Colosseum","floor":19,"gold_loss":0}],"is_beta":false,"boss_relics":[{"not_picked":["Busted Crown","Black Star"],"picked":"Snecko Eye"}],"items_purged_floors":[14],"is_endless":false,"potions_floor_spawned":[2,4,10,16],"killed_by":"Colosseum Slavers","ascension_level":20}