{"gold_per_floor":[114,125,125,142,126,126,158,168,168,168,168,8,27,27],"floor_reached":14,"playtime":698,"items_purged":[],"score":156,"play_id":"c3049d0a-bbbe-41ab-8343-462b7e8dd470","local_time":"20181217115837","is_ascension_mode":true,"campfire_choices":[{"floor":6,"key":"REST"},{"floor":10,"key":"REST"}],"neow_cost":"NONE","seed_source_timestamp":318505931312681,"circlet_count":0,"master_deck":["AscendersBane","Defend_G","Defend_G","Defend_G","Defend_G","Defend_G","Strike_G","Strike_G","Strike_G","Strike_G","Strike_G","Survivor","Neutralize","Crippling Poison","Caltrops+1","Sucker Punch","Poisoned Stab","Backstab","Cloak And Dagger","Adrenaline"],"relics":["Ring of the Snake","Juzu Bracelet"],"potions_floor_usage":[14],"damage_taken":[{"damage":7,"enemies":"Jaw Worm","floor":1,"turns":6},{"damage":1,"enemies":"2 Louse","floor":2,"turns":4},{"damage":10,"enemies":"Small Slimes","floor":4,"turns":4},{"damage":15,"enemies":"Exordium Thugs","floor":5,"turns":4},{"damage":30,"enemies":"Gremlin Nob","floor":7,"turns":5},{"damage":16,"enemies":"Lots of Slimes","floor":8,"turns":5},{"damage":1,"enemies":"Gremlin Gang","floor":13,"turns":4},{"damage":32,"enemies":"Lagavulin","floor":14,"turns":6}],"seed_played":"-4750508180408173124","potions_obtained":[{"floor":7,"key":"Weak Potion"},{"floor":8,"key":"SpeedPotion"}],"is_trial":false,"path_per_floor":["M","M","?","M","M","R","E","M","T","R","?","$","M","E"],"character_chosen":"THE_SILENT","items_purchased":["Adrenaline"],"campfire_rested":2,"item_purchase_floors":[12],"current_hp_per_floor":[58,57,57,47,32,53,23,7,7,28,28,28,27,0],"gold":27,"neow_bonus":"TEN_PERCENT_HP_BONUS","is_prod":false,"is_daily":false,"chose_seed":false,"campfire_upgraded":0,"win_rate":0,"timestamp":1545065917,"path_taken":["M","M","?","M","M","R","E","M","T","R","?","?","M","E"],"build_version":"2018-12-13","purchased_purges":0,"victory":false,"max_hp_per_floor":[72,72,72,72,72,72,72,72,72,72,72,72,72,72],"card_choices":[{"not_picked":["Quick Slash","Deflect"],"picked":"Crippling Poison","floor":1},{"not_picked":["Distraction","Dodge and Roll"],"picked":"Caltrops","floor":2},{"not_picked":["Choke","Dagger Spray"],"picked":"Sucker Punch","floor":4},{"not_picked":["Deadly Poison","Blade Dance"],"picked":"Poisoned Stab","floor":5},{"not_picked":["Outmaneuver","Underhanded Strike"],"picked":"Backstab","floor":7},{"not_picked":["Poisoned Stab","Choke"],"picked":"Cloak And Dagger","floor":8},{"not_picked":["Unload","Dagger Throw","Reflex"],"picked":"SKIP","floor":13}],"player_experience":888848,"relics_obtained":[{"floor":7,"key":"Juzu Bracelet"}],"event_choices":[{"damage_healed":0,"gold_gain":0,"player_choice":"Grow","damage_taken":0,"max_hp_gain":0,"max_hp_loss":0,"event_name":"Living Wall","floor":3,"gold_loss":0,"cards_upgraded":["Caltrops"]},{"damage_healed":0,"gold_gain":0,"player_choice":"Ignored","damage_taken":0,"max_hp_gain":0,"max_hp_loss":0,"event_name":"Liars Game","floor":11,"gold_loss":0}],"is_beta":false,"boss_relics":[],"items_purged_floors":[],"is_endless":false,"potions_floor_spawned":[7,8],"killed_by":"Lagavulin","ascension_level":14}