{"gold_per_floor":[110,110,125,90,90,16,16,32,32,32,50,50,81,156,156,251,251,269,269,77,6,6,6,6,6,6,17,31,31,31,51,51,154,154,166,182,28,39,39,39,139,139,139,139,158,174,74,85,85,85],"floor_reached":51,"playtime":3616,"items_purged":["Strike_G+1","Parasite"],"score":741,"play_id":"49b014aa-abba-420c-b187-9332f850bd54","local_time":"20190816221221","is_ascension_mode":true,"campfire_choices":[{"data":"Noxious Fumes","floor":7.0,"key":"SMITH"},{"data":"Deadly Poison","floor":12.0,"key":"SMITH"},{"data":"Well Laid Plans","floor":15.0,"key":"SMITH"},{"floor":23.0,"key":"REST"},{"data":"Noxious Fumes","floor":25.0,"key":"SMITH"},{"data":"Tools of the Trade","floor":29.0,"key":"SMITH"},{"floor":32.0,"key":"REST"},{"data":"Neutralize","floor":40.0,"key":"SMITH"},{"data":"Dodge and Roll","floor":42.0,"key":"SMITH"},{"data":"Leg Sweep","floor":49.0,"key":"SMITH"}],"neow_cost":"NONE","seed_source_timestamp":118235636441000,"circlet_count":0,"master_deck":["Strike_G+1","Strike_G+1","Strike_G+1","Defend_G+1","Defend_G+1","Defend_G+1","Defend_G+1","Defend_G+1","Survivor","Neutralize+1","Dodge and Roll+1","Well Laid Plans+1","Noxious Fumes+1","Deadly Poison+1","Tools of the Trade+1","Dodge and Roll+1","Leg Sweep+1","Noxious Fumes+1","Deadly Poison+1","Blur+1","Bouncing Flask+1","Escape Plan+1"],"special_seed":0,"relics":["Ring of the Serpent","StoneCalendar","White Beast Statue","Nloth\u0027s Gift","TwistedFunnel","Toxic Egg 2","Gambling Chip","The Specimen"],"potions_floor_usage":[50,50],"damage_taken":[{"damage":0.0,"enemies":"Small Slimes","floor":1.0,"turns":5.0},{"damage":2.0,"enemies":"Jaw Worm","floor":3.0,"turns":3.0},{"damage":8.0,"enemies":"2 Louse","floor":8.0,"turns":3.0},{"damage":1.0,"enemies":"Large Slime","floor":11.0,"turns":6.0},{"damage":12.0,"enemies":"Lagavulin","floor":13.0,"turns":6.0},{"damage":8.0,"enemies":"Hexaghost","floor":16.0,"turns":9.0},{"damage":53.0,"enemies":"Chosen","floor":18.0,"turns":7.0},{"damage":2.0,"enemies":"Spheric Guardian","floor":27.0,"turns":5.0},{"damage":0.0,"enemies":"Centurion and Healer","floor":28.0,"turns":6.0},{"damage":21.0,"enemies":"Colosseum Slavers","floor":30.0,"turns":5.0},{"damage":0.0,"enemies":"Cultist and Chosen","floor":31.0,"turns":6.0},{"damage":12.0,"enemies":"Automaton","floor":33.0,"turns":9.0},{"damage":0.0,"enemies":"3 Shapes","floor":35.0,"turns":7.0},{"damage":12.0,"enemies":"3 Darklings","floor":36.0,"turns":5.0},{"damage":43.0,"enemies":"Transient","floor":38.0,"turns":5.0},{"damage":11.0,"enemies":"Mind Bloom Boss Battle","floor":41.0,"turns":7.0},{"damage":11.0,"enemies":"Maw","floor":45.0,"turns":8.0},{"damage":0.0,"enemies":"Writhing Mass","floor":46.0,"turns":7.0},{"damage":7.0,"enemies":"Sphere and 2 Shapes","floor":48.0,"turns":4.0},{"damage":22,"enemies":"Time Eater","floor":50,"turns":14}],"seed_played":"-2094742697948367567","potions_obtained":[{"floor":1.0,"key":"FearPotion"},{"floor":8.0,"key":"PowerPotion"},{"floor":18.0,"key":"Dexterity Potion"},{"floor":27.0,"key":"Strength Potion"},{"floor":28.0,"key":"SteroidPotion"},{"floor":31.0,"key":"SkillPotion"},{"floor":33.0,"key":"Dexterity Potion"},{"floor":35.0,"key":"Block Potion"},{"floor":36.0,"key":"Regen Potion"},{"floor":38.0,"key":"LiquidBronze"},{"floor":41.0,"key":"Weak Potion"},{"floor":45.0,"key":"SkillPotion"},{"floor":46.0,"key":"EssenceOfSteel"}],"is_trial":false,"path_per_floor":["M","?","M","$","?","$","R","M","T","$","M","R","E","?","R","B",null,"M","?","$","$","?","R","?","R","T","M","M","R","?","M","R","B",null,"M","M","$","M","?","R","?","R","T","?","M","M","$","M","R","B",null],"character_chosen":"THE_SILENT","items_purchased":["Well Laid Plans","Noxious Fumes","TwistedFunnel","Leg Sweep","Bouncing Flask+1"],"campfire_rested":2,"item_purchase_floors":[4,6,20,21,37],"current_hp_per_floor":[77,70,68,68,68,68,68,60,60,60,59,59,47,36,36,28,65,12,12,12,12,12,35,35,35,35,33,33,33,12,12,35,23,64,64,52,52,9,67,67,56,56,56,56,60,60,60,53,53,31],"gold":85,"neow_bonus":"TEN_PERCENT_HP_BONUS","is_prod":false,"is_daily":false,"chose_seed":false,"campfire_upgraded":8,"win_rate":0,"timestamp":1565986341,"path_taken":["M","?","M","$","?","$","R","M","T","$","M","R","E","?","R","BOSS","M","?","?","$","?","R","?","R","T","M","M","R","?","M","R","BOSS","M","M","$","M","?","R","?","R","T","?","M","M","$","M","R","BOSS"],"build_version":"2019-07-17","purchased_purges":2,"victory":true,"max_hp_per_floor":[77,77,77,77,77,77,77,77,77,77,77,77,77,77,77,77,77,77,77,77,77,77,77,77,77,77,77,77,77,77,77,77,77,77,77,77,77,77,67,67,67,67,67,67,67,67,64,64,64,64],"card_choices":[{"not_picked":["Masterful Stab","Dagger Throw","Flying Knee"],"picked":"SKIP","floor":1.0},{"not_picked":["Flying Knee","Phantasmal Killer"],"picked":"Dodge and Roll","floor":3.0},{"not_picked":["Prepared","Flying Knee","Caltrops"],"picked":"SKIP","floor":8.0},{"not_picked":["Setup","Skewer"],"picked":"Deadly Poison","floor":11.0},{"not_picked":["Quick Slash","PiercingWail","All Out Attack"],"picked":"SKIP","floor":13.0},{"not_picked":["A Thousand Cuts","Grand Finale"],"picked":"Tools of the Trade","floor":16.0},{"not_picked":["Expertise","Blade Dance"],"picked":"Dodge and Roll+1","floor":18.0},{"not_picked":["PiercingWail+1","Flechettes+1","Dodge and Roll+1"],"picked":"SKIP","floor":27.0},{"not_picked":["Underhanded Strike","Poisoned Stab+1"],"picked":"Deadly Poison+1","floor":28.0},{"not_picked":["Dodge and Roll+1","Envenom","Slice"],"picked":"SKIP","floor":31.0},{"not_picked":["Deflect+1","Caltrops","Phantasmal Killer+1"],"picked":"SKIP","floor":35.0},{"not_picked":["Underhanded Strike","Poisoned Stab+1"],"picked":"Blur+1","floor":36.0},{"not_picked":["Masterful Stab+1","Outmaneuver+1","Slice"],"picked":"SKIP","floor":38.0},{"not_picked":["Dodge and Roll+1","Prepared+1","Cloak And Dagger+1"],"picked":"SKIP","floor":45.0},{"not_picked":["Terror+1","Predator+1","Dodge and Roll+1"],"picked":"SKIP","floor":46.0},{"not_picked":["Backflip+1","Terror+1"],"picked":"Escape Plan+1","floor":48.0}],"player_experience":99874,"relics_obtained":[{"floor":9.0,"key":"Ginger"},{"floor":13.0,"key":"StoneCalendar"},{"floor":26.0,"key":"Toxic Egg 2"},{"floor":41.0,"key":"Gambling Chip"},{"floor":43.0,"key":"The Specimen"}],"event_choices":[{"cards_removed":["Strike_G"],"damage_healed":0.0,"max_hp_gain":0.0,"max_hp_loss":0.0,"gold_gain":0.0,"event_name":"Golden Wing","player_choice":"Card Removal","floor":2.0,"gold_loss":0.0,"damage_taken":7.0},{"damage_healed":0.0,"max_hp_gain":0.0,"max_hp_loss":0.0,"gold_gain":0.0,"event_name":"Liars Game","player_choice":"Ignored","floor":5.0,"gold_loss":0.0,"damage_taken":0.0},{"damage_healed":0.0,"max_hp_gain":0.0,"max_hp_loss":0.0,"gold_gain":75.0,"event_name":"World of Goop","player_choice":"Gather Gold","floor":14.0,"gold_loss":0.0,"damage_taken":11.0},{"damage_healed":0.0,"max_hp_gain":0.0,"max_hp_loss":0.0,"gold_gain":0.0,"event_name":"N\u0027loth","player_choice":"Traded Relic","floor":19.0,"relics_lost":["Ginger"],"gold_loss":0.0,"damage_taken":0.0,"relics_obtained":["Nloth\u0027s Gift"]},{"damage_healed":0.0,"max_hp_gain":0.0,"max_hp_loss":0.0,"gold_gain":0.0,"event_name":"The Library","player_choice":"Read","floor":22.0,"gold_loss":0.0,"damage_taken":0.0,"cards_obtained":["Noxious Fumes"]},{"damage_healed":0.0,"max_hp_gain":0.0,"max_hp_loss":0.0,"gold_gain":0.0,"event_name":"Back to Basics","player_choice":"Simplicity","floor":24.0,"gold_loss":0.0,"damage_taken":0.0,"cards_upgraded":["Strike_G","Strike_G","Strike_G","Strike_G","Defend_G","Defend_G","Defend_G","Defend_G","Defend_G"]},{"damage_healed":0.0,"max_hp_gain":0.0,"max_hp_loss":0.0,"gold_gain":0.0,"event_name":"Colosseum","player_choice":"Fight","floor":30.0,"gold_loss":0.0,"damage_taken":0.0},{"damage_healed":0.0,"max_hp_gain":0.0,"max_hp_loss":0.0,"gold_gain":0.0,"event_name":"Colosseum","player_choice":"Fled From Nobs","floor":30.0,"gold_loss":0.0,"damage_taken":0.0},{"damage_healed":67.0,"max_hp_gain":0.0,"max_hp_loss":10.0,"gold_gain":0.0,"event_name":"The Moai Head","player_choice":"Heal","floor":39.0,"gold_loss":0.0,"damage_taken":0.0},{"damage_healed":0.0,"max_hp_gain":0.0,"max_hp_loss":0.0,"gold_gain":0.0,"event_name":"MindBloom","player_choice":"Fight","floor":41.0,"gold_loss":0.0,"damage_taken":0.0},{"damage_healed":0.0,"max_hp_gain":0.0,"max_hp_loss":0.0,"gold_gain":0.0,"event_name":"Tomb of Lord Red Mask","player_choice":"Ignored","floor":44.0,"gold_loss":0.0,"damage_taken":0.0}],"is_beta":false,"boss_relics":[{"not_picked":["HoveringKite","WristBlade"],"picked":"White Beast Statue"},{"not_picked":["Pandora\u0027s Box","Calling Bell"],"picked":"Ring of the Serpent"}],"items_purged_floors":[37,47],"is_endless":false,"potions_floor_spawned":[1,8,18,27,28,30,31,33,35,36,38,41,45,46,48],"ascension_level":5}