{"gold_per_floor":[113,123,123,48,63,63,238,238,238,258,291,311,325,369,369,500,500,520,520,520,539,439,439,475,489,489,23,38,38,38,38],"floor_reached":31,"playtime":1557,"items_purged":["Strike_R","Strike_R","Strike_R"],"score":384,"play_id":"e68aa578-afd2-4d09-a87a-65cb6b26359f","local_time":"20180904135042","is_ascension_mode":true,"campfire_choices":[{"data":"Seeing Red","floor":6,"key":"SMITH"},{"data":"Shrug It Off","floor":8,"key":"SMITH"},{"data":"Dropkick","floor":15,"key":"SMITH"},{"data":"Armaments","floor":23,"key":"SMITH"},{"floor":30,"key":"REST"}],"neow_cost":"TEN_PERCENT_HP_LOSS","seed_source_timestamp":1367379089297822,"circlet_count":0,"master_deck":["Strike_R+1","Strike_R+1","Defend_R","Defend_R","Defend_R","Defend_R","Bash","Seeing Red+1","Shrug It Off+1","Headbutt","Thunderclap","Burning Pact","Clothesline","Armaments+1","Dropkick+1","Fiend Fire","True Grit","Iron Wave","Impervious"],"relics":["Burning Blood","Ginger","Golden Idol","Whetstone","Centennial Puzzle","Blue Candle","Snecko Eye","The Courier","Art of War","Tiny Chest","TheAbacus"],"potions_floor_usage":[11,11,16,16,28,31],"damage_taken":[{"damage":4,"enemies":"Small Slimes","floor":1,"turns":4},{"damage":12,"enemies":"2 Louse","floor":2,"turns":3},{"damage":0,"enemies":"Cultist","floor":5,"turns":4},{"damage":4,"enemies":"Red Slaver","floor":10,"turns":4},{"damage":8,"enemies":"Lagavulin","floor":11,"turns":6},{"damage":11,"enemies":"Exordium Thugs","floor":12,"turns":6},{"damage":6,"enemies":"2 Fungi Beasts","floor":13,"turns":3},{"damage":17,"enemies":"Gremlin Nob","floor":14,"turns":4},{"damage":36,"enemies":"The Guardian","floor":16,"turns":13},{"damage":23,"enemies":"2 Thieves","floor":18,"turns":3},{"damage":0,"enemies":"Shell Parasite","floor":21,"turns":2},{"damage":38,"enemies":"Gremlin Leader","floor":24,"turns":3},{"damage":0,"enemies":"Centurion and Healer","floor":25,"turns":7},{"damage":13,"enemies":"3 Cultists","floor":28,"turns":7},{"damage":2,"enemies":"Colosseum Slavers","floor":29,"turns":6},{"damage":47,"enemies":"Cultist and Chosen","floor":31,"turns":4}],"seed_played":"-3530294055553419686","potions_obtained":[{"floor":1,"key":"GamblersBrew"},{"floor":10,"key":"Energy Potion"},{"floor":12,"key":"FearPotion"},{"floor":13,"key":"EssenceOfSteel"},{"floor":24,"key":"AttackPotion"},{"floor":25,"key":"BloodPotion"}],"is_trial":false,"path_per_floor":["M","M","?","$","M","R","?","R","T","M","E","M","M","E","R","B",null,"M","?","?","M","$","R","E","M","T","$","M","?","R"],"character_chosen":"IRONCLAD","items_purchased":["Tiny Chest","Impervious","TheAbacus"],"campfire_rested":1,"item_purchase_floors":[27,27,27],"current_hp_per_floor":[72,66,66,66,67,67,67,67,67,67,65,60,60,49,49,19,55,38,38,38,44,44,44,12,18,18,18,11,15,35,0],"gold":38,"neow_bonus":"ONE_RARE_RELIC","is_prod":false,"is_daily":false,"chose_seed":false,"campfire_upgraded":4,"win_rate":0,"timestamp":1536083442,"path_taken":["M","M","?","$","M","R","?","R","T","M","E","?","?","E","R","BOSS","M","?","?","M","$","R","E","M","T","$","M","?","R","M"],"build_version":"2018-08-30","purchased_purges":3,"victory":false,"max_hp_per_floor":[72,72,67,67,67,67,67,67,67,67,67,67,67,67,67,67,67,67,67,67,67,67,67,67,67,67,67,67,67,67,67],"card_choices":[{"not_picked":["Cleave","Body Slam"],"picked":"Seeing Red","floor":1},{"not_picked":["Ghostly Armor","Seeing Red"],"picked":"Shrug It Off","floor":2},{"not_picked":["Anger","Body Slam"],"picked":"Headbutt","floor":5},{"not_picked":["Metallicize","Cleave"],"picked":"Thunderclap","floor":10},{"not_picked":["Flex","Headbutt"],"picked":"Burning Pact","floor":11},{"not_picked":["Headbutt","Pommel Strike"],"picked":"Clothesline","floor":12},{"not_picked":["Inflame","Cleave"],"picked":"Armaments","floor":13},{"not_picked":["Reckless Charge","Clothesline"],"picked":"Dropkick","floor":14},{"not_picked":["Barricade","Berserk"],"picked":"Fiend Fire","floor":16},{"not_picked":["Clash","Heavy Blade"],"picked":"True Grit","floor":18},{"not_picked":["Seeing Red","Thunderclap"],"picked":"Iron Wave","floor":21},{"not_picked":["Evolve","Combust","Perfected Strike"],"picked":"SKIP","floor":24},{"not_picked":["Iron Wave","Sever Soul","Anger"],"picked":"SKIP","floor":25},{"not_picked":["Pommel Strike+1","Clothesline","Clash"],"picked":"SKIP","floor":28}],"player_experience":519393,"relics_obtained":[{"floor":9,"key":"Whetstone"},{"floor":11,"key":"Centennial Puzzle"},{"floor":14,"key":"Blue Candle"},{"floor":24,"key":"The Courier"},{"floor":26,"key":"Art of War"}],"event_choices":[{"event_name":"Golden Idol","player_choice":"Lose Max HP","floor":3,"damage_taken":0},{"event_name":"Liars Game","player_choice":"agreed","floor":7,"damage_taken":0},{"event_name":"Vampires","player_choice":"Ignored","floor":19,"damage_taken":0},{"event_name":"Back to Basics","player_choice":"Elegance","floor":20,"damage_taken":0},{"event_name":"Colosseum","player_choice":"Fight","floor":29,"damage_taken":0},{"event_name":"Colosseum","player_choice":"Fled From Nobs","floor":29,"damage_taken":0}],"is_beta":false,"boss_relics":[{"not_picked":["Lizard Tail","Cursed Key"],"picked":"Snecko Eye"}],"items_purged_floors":[4,22,27],"is_endless":false,"potions_floor_spawned":[1,10,12,13,24,25,29],"killed_by":"Cultist and Chosen","ascension_level":9}