{"gold_per_floor":[109,124,139,139,153,153,216,216,286,140,140,172,184,184,184,279,279,295,295],"floor_reached":19,"playtime":597,"items_purged":["Regret"],"score":347,"play_id":"dff78206-a461-4b9c-99f4-1b2aec18bd07","local_time":"20181206105838","is_ascension_mode":true,"campfire_choices":[{"data":"Gash","floor":6,"key":"SMITH"},{"floor":8,"key":"REST"},{"floor":11,"key":"REST"},{"data":"Scrape","floor":15,"key":"SMITH"}],"neow_cost":"NONE","seed_source_timestamp":207712158781385,"circlet_count":0,"master_deck":["AscendersBane","Strike_B","Strike_B","Strike_B","Strike_B","Defend_B","Defend_B","Defend_B","Defend_B","Zap+1","Dualcast","Gash+1","Go for the Eyes","Gash","Beam Cell","Scrape+1","Gash","Echo Form"],"relics":["Cracked Core","Juzu Bracelet","Blood Vial","Singing Bowl","Nunchaku","Nuclear Battery"],"potions_floor_usage":[16],"damage_taken":[{"damage":7,"enemies":"Jaw Worm","floor":1,"turns":3},{"damage":0,"enemies":"2 Louse","floor":2,"turns":3},{"damage":0,"enemies":"Small Slimes","floor":3,"turns":2},{"damage":12,"enemies":"Looter","floor":5,"turns":3},{"damage":52,"enemies":"Gremlin Nob","floor":7,"turns":5},{"damage":20,"enemies":"Lagavulin","floor":12,"turns":7},{"damage":0,"enemies":"2 Fungi Beasts","floor":13,"turns":2},{"damage":0,"enemies":"Slime Boss","floor":16,"turns":6},{"damage":29,"enemies":"Shell Parasite","floor":18,"turns":5},{"damage":53,"enemies":"Masked Bandits","floor":19,"turns":3}],"seed_played":"8428103435128822428","potions_obtained":[{"floor":1,"key":"FairyPotion"},{"floor":2,"key":"LiquidBronze"},{"floor":12,"key":"PowerPotion"}],"is_trial":false,"path_per_floor":["M","M","M","?","M","R","?","R","T","$","R","E","M","?","R","B",null,"M","?"],"character_chosen":"DEFECT","items_purchased":["Scrape"],"campfire_rested":2,"item_purchase_floors":[10],"current_hp_per_floor":[61,61,61,61,49,49,7,29,29,29,51,33,37,37,37,39,68,43,0],"gold":295,"neow_bonus":"UPGRADE_CARD","is_prod":false,"is_daily":false,"chose_seed":false,"campfire_upgraded":2,"win_rate":0,"timestamp":1544111918,"path_taken":["M","M","M","?","M","R","?","R","T","$","R","E","M","?","R","BOSS","M","?"],"build_version":"2018-11-15","purchased_purges":1,"victory":false,"max_hp_per_floor":[75,75,75,75,75,75,75,75,75,75,75,75,77,77,77,77,77,79,79],"card_choices":[{"not_picked":["Darkness","Barrage"],"picked":"Gash","floor":1},{"not_picked":["Auto Shields","Sweeping Beam"],"picked":"Go for the Eyes","floor":2},{"not_picked":["Steam Power","Glacier"],"picked":"Gash","floor":3},{"not_picked":["Ball Lightning","Compile Driver","Cold Snap"],"picked":"SKIP","floor":5},{"not_picked":["Rebound","Double Energy"],"picked":"Beam Cell","floor":7},{"not_picked":["Skim","Ball Lightning"],"picked":"Gash","floor":12},{"not_picked":["Redo","Heatsinks","Cold Snap"],"picked":"Singing Bowl","floor":13},{"not_picked":["Hyperbeam","Multi-Cast"],"picked":"Echo Form","floor":16},{"not_picked":["Go for the Eyes+1","Steam+1","Compile Driver"],"picked":"Singing Bowl","floor":18}],"player_experience":814703,"relics_obtained":[{"floor":7,"key":"Blood Vial"},{"floor":9,"key":"Singing Bowl"},{"floor":12,"key":"Nunchaku"}],"event_choices":[{"damage_healed":0,"gold_gain":0,"player_choice":"Box","damage_taken":0,"relics_obtained":["Juzu Bracelet"],"max_hp_gain":0,"max_hp_loss":0,"event_name":"Big Fish","floor":4,"gold_loss":0,"cards_obtained":["Regret"]},{"damage_healed":0,"gold_gain":30,"player_choice":"Searched \u00272\u0027 times","damage_taken":0,"max_hp_gain":0,"max_hp_loss":0,"event_name":"Dead Adventurer","floor":7,"gold_loss":0},{"damage_healed":0,"gold_gain":0,"player_choice":"Fled","damage_taken":0,"max_hp_gain":0,"max_hp_loss":0,"event_name":"Scrap Ooze","floor":14,"gold_loss":0},{"damage_healed":0,"gold_gain":0,"player_choice":"Fought Bandits","damage_taken":0,"max_hp_gain":0,"max_hp_loss":0,"event_name":"Masked Bandits","floor":19,"gold_loss":0}],"is_beta":false,"boss_relics":[{"not_picked":["Orrery","Inserter"],"picked":"Nuclear Battery"}],"items_purged_floors":[10],"is_endless":false,"potions_floor_spawned":[1,2,12],"killed_by":"Masked Bandits","ascension_level":12}