{"path_per_floor":["M","M","?","M","M","M","E","?","T","M","R","M","M","E","R","B",null,"M","M","?","M","?","R","E","R","T","R","M","E","R","$","R","B",null,"M","M","$","M","?","R","M","R","T","M","R","?","E","M","R"],"character_chosen":"THE_SILENT","items_purchased":["Acrobatics"],"gold_per_floor":[99,99,99,99,54,54,54,54,54,54,54,54,54,54,54,54,54,54,54,54,54,54,54,54,54,54,54,54,54,54,5,5,5,5,5,5,5,5,0,0,0,0,0,0,0,0,0,0,0,0],"floor_reached":50,"campfire_rested":3,"playtime":2936,"current_hp_per_floor":[70,69,66,62,62,62,60,60,60,60,60,60,60,60,60,30,70,68,60,47,33,33,56,41,65,65,65,57,38,62,62,62,6,87,87,77,77,76,76,86,72,72,72,77,77,77,76,76,76,0],"items_purged":[],"gold":0,"score":707,"play_id":"3685e45c-7b43-4cbe-8ccc-de6b8938a513","local_time":"20180323150300","is_prod":false,"is_daily":false,"is_ascension_mode":true,"campfire_upgraded":3,"timestamp":1521831780,"path_taken":["M","M","?","M","M","M","E","?","T","M","R","?","M","E","R","BOSS","M","M","?","M","?","R","E","R","T","R","M","E","R","$","R","BOSS","M","M","$","M","?","R","?","R","T","M","R","?","E","M","R","BOSS"],"build_version":"2018-03-22","purchased_purges":0,"victory":false,"master_deck":["Defend_G","Defend_G","Defend_G","Defend_G","Strike_G","Strike_G","Strike_G","Strike_G","Strike_G","Survivor","Neutralize","Footwork","Die Die Die+1","Backflip","Skewer","Finisher+1","Backstab","Regret","Cloak And Dagger","Escape Plan","Slice+1","Finisher+1","After Image","Cloak And Dagger","Writhe","Dash","Blur+1","Footwork","Acrobatics","Finisher+1","Slice","Dodge and Roll","Acrobatics+1","Calculated Gamble+1","Dagger Throw+1","Finisher+1"],"max_hp_per_floor":[70,70,70,70,70,70,70,70,70,70,70,70,70,70,70,70,70,70,72,77,79,79,79,81,81,81,81,81,81,81,81,81,83,87,87,87,87,89,89,99,101,101,101,103,103,103,105,105,105,105],"relics":["Ectoplasm","Singing Bowl","Shovel","Ancient Tea Set","Bag of Marbles","Ninja Scroll","Oddly Smooth Stone","Anchor","Sozu","Thread and Needle","Prayer Wheel","Torii","Bird Faced Urn","Vajra","Orrery","Red Mask","Pear","Omamori","Whetstone","Unceasing Top"],"card_choices":[{"not_picked":["Quick Slash","PiercingWail"],"picked":"Footwork","floor":1},{"not_picked":["Cloak And Dagger","Sucker Punch"],"picked":"Die Die Die","floor":2},{"not_picked":["Cloak And Dagger","PiercingWail"],"picked":"Backflip","floor":4},{"not_picked":["Eviscerate","Cloak And Dagger"],"picked":"Skewer","floor":5},{"not_picked":["Deflect","Terror"],"picked":"Finisher","floor":6},{"not_picked":["Storm of Steel","Slice"],"picked":"Backstab","floor":7},{"not_picked":["Sucker Punch","Distraction"],"picked":"Cloak And Dagger","floor":10},{"not_picked":["Tools of the Trade","Bane"],"picked":"Escape Plan","floor":12},{"not_picked":["Poisoned Stab","Quick Slash"],"picked":"Slice","floor":13},{"not_picked":["Riddle With Holes","Calculated Gamble"],"picked":"Finisher","floor":14},{"not_picked":["Unload","Phantasmal Killer"],"picked":"After Image","floor":16},{"not_picked":["Noxious Fumes","Sucker Punch"],"picked":"Cloak And Dagger","floor":18},{"not_picked":["Bane","Prepared"],"picked":"Dash","floor":26},{"not_picked":["Flying Knee","PiercingWail"],"picked":"Blur","floor":28},{"not_picked":["Sucker Punch","Flying Knee"],"picked":"Footwork","floor":29},{"not_picked":["Blur","Noxious Fumes"],"picked":"Finisher","floor":34},{"not_picked":["Heel Hook","Flying Knee"],"picked":"Slice","floor":34},{"not_picked":["Flying Knee","Riddle With Holes"],"picked":"Dodge and Roll","floor":34},{"not_picked":["Sucker Punch","Deadly Poison"],"picked":"Acrobatics","floor":35},{"not_picked":["Bane","All Out Attack"],"picked":"Calculated Gamble","floor":36},{"not_picked":["Die Die Die","Blur"],"picked":"Dagger Throw","floor":43},{"not_picked":["Terror","Predator"],"picked":"Finisher","floor":48}],"player_experience":79089,"potions_floor_usage":[7,14,16,16,16],"damage_taken":[{"damage":0,"enemies":"Cultist","floor":1,"turns":4},{"damage":1,"enemies":"2 Louse","floor":2,"turns":3},{"damage":4,"enemies":"Jaw Worm","floor":4,"turns":4},{"damage":0,"enemies":"Looter","floor":5,"turns":4},{"damage":0,"enemies":"Large Slime","floor":6,"turns":6},{"damage":2,"enemies":"3 Sentries","floor":7,"turns":7},{"damage":0,"enemies":"Lots of Slimes","floor":10,"turns":3},{"damage":0,"enemies":"2 Fungi Beasts","floor":12,"turns":1},{"damage":0,"enemies":"Looter","floor":13,"turns":1},{"damage":0,"enemies":"Gremlin Nob","floor":14,"turns":1},{"damage":30,"enemies":"Hexaghost","floor":16,"turns":10},{"damage":2,"enemies":"Shell Parasite","floor":18,"turns":3},{"damage":10,"enemies":"Spheric Guardian","floor":19,"turns":4},{"damage":16,"enemies":"3 Cultists","floor":21,"turns":6},{"damage":17,"enemies":"Slavers","floor":24,"turns":6},{"damage":8,"enemies":"Snake Plant","floor":28,"turns":4},{"damage":19,"enemies":"Book of Stabbing","floor":29,"turns":7},{"damage":64,"enemies":"Collector","floor":33,"turns":11},{"damage":1,"enemies":"Orb Walker","floor":35,"turns":4},{"damage":10,"enemies":"3 Shapes","floor":36,"turns":3},{"damage":9,"enemies":"3 Darklings","floor":38,"turns":9},{"damage":22,"enemies":"Sphere and 2 Shapes","floor":41,"turns":6},{"damage":3,"enemies":"4 Shapes","floor":44,"turns":8},{"damage":7,"enemies":"2 Orb Walkers","floor":47,"turns":6},{"damage":6,"enemies":"Maw","floor":48,"turns":7},{"damage":84,"enemies":"Awakened One","floor":50,"turns":4}],"event_choices":[{"event_name":"Scrap Ooze","player_choice":"success","floor":3,"damage_taken":3},{"event_name":"Big Fish","player_choice":"Box","floor":8,"damage_taken":0},{"event_name":"Forgotten Altar","player_choice":"Shed Blood","floor":20,"damage_taken":0},{"event_name":"The Mausoleum","player_choice":"Yes","floor":22,"damage_taken":0},{"event_name":"Tomb of Lord Red Mask","player_choice":"Paid","floor":39,"damage_taken":0}],"boss_relics":[{"not_picked":["Eternal Feather","White Beast Statue"],"picked":"Sozu"},{"not_picked":["Cursed Key","The Specimen"],"picked":"Orrery"}],"potions_floor_spawned":[2,5,7,10,13,14,19,21,24,35,36,41,44,48],"seed_played":"-3600707874420834754","killed_by":"Awakened One","ascension_level":2,"is_trial":false}