{"gold_per_floor":[117,132,207,207,217,217,248,263,289,289,301,301,18,28,28,126,126,142,162,162,173,98,128,148,148,148,148,247,263,8,28,28,28],"floor_reached":33,"playtime":951,"items_purged":["Strike_R"],"score":309,"play_id":"54f1af2d-cfe3-40a5-9f73-ab0b78ea7707","local_time":"20190424191106","is_ascension_mode":true,"campfire_choices":[{"data":"Cleave","floor":6,"key":"SMITH"},{"data":"Bash","floor":10,"key":"SMITH"},{"data":"Flex","floor":12,"key":"SMITH"},{"data":"Inflame","floor":15,"key":"SMITH"},{"floor":25,"key":"REST"},{"floor":27,"key":"REST"},{"data":"Double Tap","floor":32,"key":"SMITH"}],"neow_cost":"TEN_PERCENT_HP_LOSS","seed_source_timestamp":11208196787958,"circlet_count":0,"master_deck":["Strike_R","Strike_R","Strike_R","Defend_R","Defend_R","Defend_R","Defend_R","Bash+1","Cleave+1","Spot Weakness","Clothesline","Iron Wave","Pummel","Flex+1","Inflame+1","Shrug It Off","Bloodletting","Double Tap+1","True Grit","Headbutt","Evolve","Pommel Strike","Twin Strike+1","Body Slam","Rage"],"relics":["Burning Blood","Thread and Needle","Red Skull","Omamori","HandDrill","Busted Crown","CultistMask","Bronze Scales","Orichalcum","Bottled Tornado"],"potions_floor_usage":[7,8,19,23,24,31,33],"damage_taken":[{"damage":4,"enemies":"2 Louse","floor":1,"turns":3},{"damage":12,"enemies":"Jaw Worm","floor":2,"turns":4},{"damage":0,"enemies":"Cultist","floor":5,"turns":3},{"damage":8,"enemies":"3 Sentries","floor":7,"turns":5},{"damage":14,"enemies":"Exordium Thugs","floor":8,"turns":5},{"damage":0,"enemies":"Lots of Slimes","floor":11,"turns":2},{"damage":0,"enemies":"3 Louse","floor":14,"turns":2},{"damage":35,"enemies":"Hexaghost","floor":16,"turns":8},{"damage":0,"enemies":"Chosen","floor":18,"turns":4},{"damage":9,"enemies":"3 Byrds","floor":19,"turns":4},{"damage":18,"enemies":"Shelled Parasite and Fungi","floor":21,"turns":3},{"damage":30,"enemies":"Slavers","floor":23,"turns":5},{"damage":21,"enemies":"Centurion and Healer","floor":24,"turns":3},{"damage":0,"enemies":"Snecko","floor":29,"turns":5},{"damage":18,"enemies":"Shelled Parasite and Fungi","floor":31,"turns":4},{"damage":66,"enemies":"Collector","floor":33,"turns":6}],"seed_played":"5712336211018170658","potions_obtained":[{"floor":2,"key":"AttackPotion"},{"floor":7,"key":"BloodPotion"},{"floor":14,"key":"Poison Potion"},{"floor":16,"key":"Strength Potion"},{"floor":19,"key":"Fire Potion"},{"floor":21,"key":"Ancient Potion"},{"floor":29,"key":"Explosive Potion"}],"is_trial":false,"path_per_floor":["M","M","?","?","M","R","E","M","T","R","M","R","$","M","R","B",null,"M","M","?","M","$","E","M","R","T","R","?","M","$","M","R","B"],"character_chosen":"IRONCLAD","items_purchased":["HandDrill","Inflame","Shrug It Off","Bottled Tornado"],"campfire_rested":2,"item_purchase_floors":[13,13,13,30],"current_hp_per_floor":[72,66,55,55,61,61,59,58,58,58,64,64,64,70,70,41,72,72,69,69,57,57,33,18,39,39,60,60,66,66,54,54,0],"gold":28,"neow_bonus":"ONE_RARE_RELIC","is_prod":false,"is_daily":false,"chose_seed":false,"campfire_upgraded":5,"win_rate":0,"timestamp":1556097066,"path_taken":["M","M","?","?","M","R","E","?","T","R","M","R","$","M","R","BOSS","M","M","?","?","$","E","M","R","T","R","?","M","?","M","R","BOSS"],"build_version":"2019-01-23","purchased_purges":1,"victory":false,"max_hp_per_floor":[72,72,72,72,72,72,72,72,72,72,72,72,72,72,72,72,72,72,72,72,72,72,72,72,72,72,72,72,72,72,72,72,72],"card_choices":[{"not_picked":["Heavy Blade","Intimidate"],"picked":"Cleave","floor":1},{"not_picked":["Sword Boomerang","Cleave"],"picked":"Spot Weakness","floor":2},{"not_picked":["Havoc","Thunderclap"],"picked":"Clothesline","floor":5},{"not_picked":["Havoc","Dark Embrace"],"picked":"Iron Wave","floor":7},{"not_picked":["Twin Strike","Reckless Charge"],"picked":"Pummel","floor":8},{"not_picked":["Clash","Havoc"],"picked":"Flex","floor":11},{"not_picked":["Clash","True Grit"],"picked":"Bloodletting","floor":14},{"not_picked":["Bludgeon","Immolate"],"picked":"Double Tap","floor":16},{"not_picked":[],"picked":"True Grit","floor":18},{"not_picked":[],"picked":"Headbutt","floor":19},{"not_picked":[],"picked":"Evolve","floor":21},{"not_picked":[],"picked":"Pommel Strike","floor":23},{"not_picked":[],"picked":"Twin Strike+1","floor":24},{"not_picked":[],"picked":"Body Slam","floor":29},{"not_picked":[],"picked":"Rage","floor":31}],"player_experience":464045,"relics_obtained":[{"floor":7,"key":"Red Skull"},{"floor":9,"key":"Omamori"},{"floor":23,"key":"Bronze Scales"},{"floor":26,"key":"Orichalcum"}],"event_choices":[{"damage_healed":0,"gold_gain":75,"player_choice":"Gather Gold","damage_taken":11,"max_hp_gain":0,"max_hp_loss":0,"event_name":"World of Goop","floor":3,"gold_loss":0},{"cards_removed":["Strike_R"],"damage_healed":0,"gold_gain":0,"player_choice":"Offered Basic","damage_taken":0,"max_hp_gain":0,"max_hp_loss":0,"event_name":"Bonfire Elementals","floor":4,"gold_loss":0},{"damage_healed":0,"gold_gain":0,"player_choice":"Trade","damage_taken":0,"relics_obtained":["CultistMask"],"max_hp_gain":0,"max_hp_loss":0,"event_name":"FaceTrader","floor":20,"gold_loss":0},{"damage_healed":0,"gold_gain":99,"player_choice":"Stole From Cult","damage_taken":0,"max_hp_gain":0,"max_hp_loss":0,"event_name":"Nest","floor":28,"gold_loss":0}],"is_beta":false,"boss_relics":[{"not_picked":["Snecko Eye","Black Star"],"picked":"Busted Crown"}],"items_purged_floors":[22],"is_endless":false,"potions_floor_spawned":[2,7,14,16,19,21,29],"killed_by":"Collector","ascension_level":3}