{"gold_per_floor":[114,72,87,97,97,97,97,97,177,14,55,74,97,138,138,227,227,248,267,291,164,183,183,227,227,227,277,291,306,306,330,330,330],"floor_reached":33,"playtime":2344,"items_purged":[],"score":518,"play_id":"7b36379c-c9ac-42a3-9f75-0dbcc9561017","local_time":"20190429235007","is_ascension_mode":true,"campfire_choices":[{"data":"Noxious Fumes","floor":6.0,"key":"SMITH"},{"data":"Backstab","floor":8.0,"key":"SMITH"},{"data":"Night Terror","floor":15.0,"key":"SMITH"},{"floor":23,"key":"REST"},{"floor":30,"key":"REST"},{"floor":32,"key":"REST"}],"neow_cost":"NONE","seed_source_timestamp":478626727768027,"circlet_count":0,"master_deck":["AscendersBane","Defend_G","Defend_G","Defend_G","Defend_G","Defend_G","Strike_G","Strike_G","Strike_G","Strike_G","Strike_G","Survivor","Neutralize+1","Backstab+1","Noxious Fumes+1","Dagger Throw","PiercingWail","Slice","Well Laid Plans","Acrobatics","Night Terror+1","Adrenaline","Blur","Deadly Poison+1","Acrobatics+1","Expertise","Reflex","Backflip","After Image","Reflex"],"special_seed":0,"relics":["Ring of the Snake","Happy Flower","Golden Idol","Sundial","Orichalcum","Bag of Marbles","Omamori","HoveringKite","Red Mask","Tingsha","Singing Bowl"],"potions_floor_usage":[22,29,33],"damage_taken":[{"damage":3.0,"enemies":"Cultist","floor":1.0,"turns":4.0},{"damage":0.0,"enemies":"2 Louse","floor":3.0,"turns":3.0},{"damage":3.0,"enemies":"Jaw Worm","floor":4.0,"turns":4.0},{"damage":12.0,"enemies":"Gremlin Nob","floor":11.0,"turns":4.0},{"damage":0.0,"enemies":"Large Slime","floor":12.0,"turns":3.0},{"damage":0.0,"enemies":"3 Louse","floor":13.0,"turns":3.0},{"damage":13.0,"enemies":"Lagavulin","floor":14.0,"turns":5.0},{"damage":27.0,"enemies":"Hexaghost","floor":16.0,"turns":10.0},{"damage":1.0,"enemies":"2 Thieves","floor":18.0,"turns":4.0},{"damage":16.0,"enemies":"3 Byrds","floor":19.0,"turns":6.0},{"damage":18.0,"enemies":"Snake Plant","floor":20.0,"turns":3.0},{"damage":0,"enemies":"Chosen and Byrds","floor":22,"turns":5},{"damage":5,"enemies":"Masked Bandits","floor":24,"turns":5},{"damage":5,"enemies":"Cultist and Chosen","floor":28,"turns":4},{"damage":0,"enemies":"Centurion and Healer","floor":29,"turns":6},{"damage":8,"enemies":"Shelled Parasite and Fungi","floor":31,"turns":7},{"damage":82,"enemies":"Collector","floor":33,"turns":7}],"seed_played":"-6459377240914140838","potions_obtained":[{"floor":1.0,"key":"Dexterity Potion"},{"floor":4.0,"key":"SkillPotion"},{"floor":13.0,"key":"Swift Potion"},{"floor":20.0,"key":"Ancient Potion"},{"floor":24,"key":"SpeedPotion"},{"floor":29,"key":"LiquidBronze"}],"is_trial":false,"path_per_floor":["M","$","M","M","?","R","?","R","T","$","E","M","M","E","R","B",null,"M","M","M","$","M","R","?","?","T","?","M","M","R","M","R","B"],"character_chosen":"THE_SILENT","items_purchased":["Noxious Fumes","Orichalcum","Expertise","Reflex"],"campfire_rested":3,"item_purchase_floors":[2,10,21,21],"current_hp_per_floor":[56,56,56,53,53,53,53,53,53,53,41,41,41,28,28,1,45,44,28,10,10,10,28,23,23,23,23,18,20,38,32,51,0],"gold":330,"neow_bonus":"RANDOM_COMMON_RELIC","is_prod":false,"is_daily":false,"chose_seed":false,"campfire_upgraded":3,"win_rate":0,"timestamp":1556596207,"path_taken":["M","?","M","M","?","R","?","R","T","?","E","M","M","E","R","BOSS","M","M","M","$","M","R","?","?","T","?","M","M","R","M","R","BOSS"],"build_version":"2019-01-23","purchased_purges":0,"victory":false,"max_hp_per_floor":[66,66,66,66,60,60,60,60,60,60,60,60,60,60,60,60,60,60,60,60,60,60,60,60,60,60,60,60,62,62,64,64,64],"card_choices":[{"not_picked":["Dagger Spray","Underhanded Strike"],"picked":"Backstab","floor":1.0},{"not_picked":["Backflip","PiercingWail"],"picked":"Dagger Throw","floor":3.0},{"not_picked":["Backflip","Acrobatics"],"picked":"PiercingWail","floor":4.0},{"not_picked":["Prepared","Acrobatics"],"picked":"Slice","floor":11.0},{"not_picked":["Flying Knee","Dagger Throw"],"picked":"Well Laid Plans","floor":12.0},{"not_picked":["Slice","Underhanded Strike"],"picked":"Acrobatics","floor":13.0},{"not_picked":["Infinite Blades","Bane"],"picked":"Night Terror","floor":14.0},{"not_picked":["Glass Knife","Burst"],"picked":"Adrenaline","floor":16.0},{"not_picked":["Accuracy","Bouncing Flask"],"picked":"Blur","floor":18.0},{"not_picked":["Distraction","Prepared+1"],"picked":"Deadly Poison+1","floor":19.0},{"not_picked":["Blade Dance","PiercingWail"],"picked":"Acrobatics+1","floor":20.0},{"not_picked":["Bane","Prepared"],"picked":"Backflip","floor":22},{"not_picked":["Skewer","Tactician"],"picked":"After Image","floor":24},{"not_picked":["Backflip","Choke"],"picked":"Reflex","floor":28},{"not_picked":["Bane","Deadly Poison","Accuracy"],"picked":"Singing Bowl","floor":29},{"not_picked":["Infinite Blades","Deadly Poison","Choke"],"picked":"Singing Bowl","floor":31}],"player_experience":1325837,"relics_obtained":[{"floor":9.0,"key":"Sundial"},{"floor":11.0,"key":"Bag of Marbles"},{"floor":14.0,"key":"Omamori"},{"floor":24,"key":"Red Mask"},{"floor":26,"key":"Singing Bowl"}],"event_choices":[{"damage_healed":0.0,"max_hp_gain":0.0,"max_hp_loss":6.0,"gold_gain":0.0,"event_name":"Golden Idol","player_choice":"Lose Max HP","floor":5.0,"gold_loss":0.0,"damage_taken":0.0,"relics_obtained":["Golden Idol"]},{"damage_healed":0.0,"max_hp_gain":0.0,"max_hp_loss":0.0,"gold_gain":0.0,"event_name":"Living Wall","player_choice":"Grow","floor":7.0,"gold_loss":0.0,"damage_taken":0.0,"cards_upgraded":["Neutralize"]},{"damage_healed":0,"gold_gain":0,"player_choice":"Fought Bandits","damage_taken":0,"max_hp_gain":0,"max_hp_loss":0,"event_name":"Masked Bandits","floor":24,"gold_loss":0},{"damage_healed":0,"gold_gain":0,"player_choice":"Opened","damage_taken":0,"relics_obtained":["Tingsha"],"max_hp_gain":0,"max_hp_loss":0,"event_name":"The Mausoleum","floor":25,"gold_loss":0,"cards_obtained":["Writhe"]},{"damage_healed":0,"gold_gain":50,"player_choice":"Stole From Cult","damage_taken":0,"max_hp_gain":0,"max_hp_loss":0,"event_name":"Nest","floor":27,"gold_loss":0}],"is_beta":false,"boss_relics":[{"not_picked":["Ectoplasm","Astrolabe"],"picked":"HoveringKite"}],"items_purged_floors":[],"is_endless":false,"potions_floor_spawned":[1,4,13,20,24,29],"killed_by":"Collector","ascension_level":20}