{"gold_per_floor":[364,364,375,386,229,255,8,26,97,117,145,145,145,158,158,158],"floor_reached":16,"playtime":1355,"items_purged":[],"score":112,"play_id":"850776bb-c6d6-436f-a692-e93a01841632","local_time":"20190802220707","is_ascension_mode":false,"campfire_choices":[{"floor":13,"key":"REST"},{"floor":15,"key":"REST"}],"neow_cost":"CURSE","seed_source_timestamp":272446948327272,"circlet_count":0,"master_deck":["Strike_G","Strike_G","Strike_G","Strike_G","Strike_G","Defend_G","Defend_G","Defend_G","Defend_G","Defend_G","Survivor+1","Neutralize","Parasite","Slice","Predator","Prepared","Quick Slash","Prepared","Discovery","Blade Dance","Calculated Gamble","Violence","Acrobatics","Blade Dance","Backflip","Prepared"],"relics":["Ring of the Snake","Tingsha","Meat on the Bone","Ancient Tea Set","Centennial Puzzle"],"potions_floor_usage":[],"damage_taken":[{"damage":3,"enemies":"Cultist","floor":1,"turns":5},{"damage":0,"enemies":"2 Louse","floor":3,"turns":4},{"damage":2,"enemies":"Jaw Worm","floor":4,"turns":4},{"damage":22,"enemies":"Gremlin Nob","floor":6,"turns":5},{"damage":6,"enemies":"3 Louse","floor":8,"turns":3},{"damage":5,"enemies":"Exordium Thugs","floor":10,"turns":3},{"damage":6,"enemies":"Lagavulin","floor":11,"turns":8},{"damage":14,"enemies":"Large Slime","floor":14,"turns":5},{"damage":74,"enemies":"Hexaghost","floor":16,"turns":14}],"seed_played":"-5702090451924622133","potions_obtained":[{"floor":4,"key":"Poison Potion"},{"floor":8,"key":"Fire Potion"},{"floor":11,"key":"Fire Potion"}],"is_trial":false,"path_per_floor":["M","?","M","M","$","E","$","M","T","M","E","?","R","M","R","B"],"character_chosen":"THE_SILENT","items_purchased":["Quick Slash","Prepared","Discovery","Calculated Gamble","Violence"],"campfire_rested":2,"item_purchase_floors":[5,5,5,7,7],"current_hp_per_floor":[67,67,67,65,65,43,43,37,37,44,38,38,59,45,66,0],"gold":158,"neow_bonus":"TWO_FIFTY_GOLD","is_prod":false,"is_daily":false,"chose_seed":false,"campfire_upgraded":0,"win_rate":0.0,"timestamp":1564801627,"path_taken":["M","?","M","?","?","E","$","?","T","M","E","?","R","M","R","BOSS"],"build_version":"2019-07-17","purchased_purges":0,"victory":false,"max_hp_per_floor":[70,70,70,70,70,70,70,70,70,70,70,70,70,70,70,70],"card_choices":[{"not_picked":["PiercingWail","Outmaneuver"],"picked":"Slice","floor":1},{"not_picked":["Distraction","Prepared"],"picked":"Predator","floor":3},{"not_picked":["Dagger Spray","Sucker Punch"],"picked":"Prepared","floor":4},{"not_picked":["Underhanded Strike","Dagger Spray"],"picked":"Blade Dance","floor":6},{"not_picked":["Outmaneuver","Deflect"],"picked":"Acrobatics","floor":8},{"not_picked":["Dagger Spray","Slice"],"picked":"Blade Dance","floor":10},{"not_picked":["Caltrops","Dash"],"picked":"Backflip","floor":11},{"not_picked":["Corpse Explosion","PiercingWail"],"picked":"Prepared","floor":14}],"player_experience":42087,"relics_obtained":[{"floor":6,"key":"Tingsha"},{"floor":9,"key":"Meat on the Bone"},{"floor":11,"key":"Ancient Tea Set"}],"event_choices":[{"damage_healed":0,"gold_gain":0,"player_choice":"Forge","damage_taken":0,"max_hp_gain":0,"max_hp_loss":0,"event_name":"Accursed Blacksmith","floor":2,"gold_loss":0,"cards_upgraded":["Survivor"]},{"damage_healed":0,"gold_gain":0,"player_choice":"Searched \u00271\u0027 times","damage_taken":0,"relics_obtained":["Centennial Puzzle"],"max_hp_gain":0,"max_hp_loss":0,"event_name":"Dead Adventurer","floor":12,"gold_loss":0}],"is_beta":false,"boss_relics":[],"items_purged_floors":[],"is_endless":false,"potions_floor_spawned":[4,8,11],"killed_by":"Hexaghost","ascension_level":0}