{"gold_per_floor":[109,109,129,129,148,160,171,171,171,171,183,183,183,199,199,276,276,296,4,4,4,22,22,22,39,64,78,98,98,109,138,138,138],"floor_reached":33,"playtime":12744,"items_purged":["Strike_G"],"score":470,"play_id":"e2c3afe0-95c4-4199-ad28-88b35b37f1d6","local_time":"20190804211229","is_ascension_mode":true,"campfire_choices":[{"data":"Adrenaline","floor":8.0,"key":"SMITH"},{"data":"Dodge and Roll","floor":10.0,"key":"SMITH"},{"data":"Neutralize","floor":12.0,"key":"SMITH"},{"floor":15.0,"key":"REST"},{"floor":23.0,"key":"REST"},{"floor":29.0,"key":"REST"},{"floor":32.0,"key":"REST"}],"neow_cost":"NONE","seed_source_timestamp":0,"circlet_count":0,"master_deck":["AscendersBane","Strike_G","Strike_G","Strike_G","Strike_G+1","Defend_G","Defend_G+1","Defend_G","Defend_G","Defend_G","Survivor","Neutralize+1","Quick Slash","Dagger Throw","Adrenaline+1","Cloak And Dagger","Caltrops","Dodge and Roll+1","Predator","Flying Knee","Corpse Explosion","Backflip","Necronomicurse","RitualDagger","Poisoned Stab+1","Backflip","Cloak And Dagger+1","Dagger Spray","Cloak And Dagger+1"],"special_seed":0,"relics":["Ring of the Snake","NeowsBlessing","Ornamental Fan","Busted Crown","Bag of Marbles","Necronomicon","Dodecahedron","Omamori","Blue Candle"],"potions_floor_usage":[],"damage_taken":[{"damage":0.0,"enemies":"Cultist","floor":1.0,"turns":1.0},{"damage":0.0,"enemies":"Small Slimes","floor":3.0,"turns":1.0},{"damage":0.0,"enemies":"2 Louse","floor":5.0,"turns":1.0},{"damage":7.0,"enemies":"Blue Slaver","floor":6.0,"turns":4.0},{"damage":4.0,"enemies":"Large Slime","floor":7.0,"turns":7.0},{"damage":0.0,"enemies":"Exordium Thugs","floor":11.0,"turns":3.0},{"damage":2.0,"enemies":"Red Slaver","floor":14.0,"turns":3.0},{"damage":13.0,"enemies":"Hexaghost","floor":16.0,"turns":12.0},{"damage":16.0,"enemies":"2 Thieves","floor":18.0,"turns":3.0},{"damage":0.0,"enemies":"Spheric Guardian","floor":22.0,"turns":3.0},{"damage":8.0,"enemies":"Snake Plant","floor":25.0,"turns":3.0},{"damage":8.0,"enemies":"Chosen and Byrds","floor":27.0,"turns":5.0},{"damage":5.0,"enemies":"Cultist and Chosen","floor":28.0,"turns":4.0},{"damage":2.0,"enemies":"Snecko","floor":30.0,"turns":5.0},{"damage":19.0,"enemies":"Gremlin Leader","floor":31.0,"turns":7.0},{"damage":49,"enemies":"Collector","floor":33,"turns":7}],"seed_played":"8537399543266700861","potions_obtained":[{"floor":3.0,"key":"Dexterity Potion"},{"floor":7.0,"key":"SpeedPotion"},{"floor":11.0,"key":"SkillPotion"},{"floor":16.0,"key":"SkillPotion"},{"floor":18.0,"key":"Block Potion"},{"floor":27.0,"key":"Energy Potion"},{"floor":30.0,"key":"PowerPotion"}],"is_trial":false,"path_per_floor":["M","?","M","?","M","M","M","R","T","R","M","R","?","M","R","B",null,"M","$","?","?","M","R","T","M","T","M","M","R","M","E","R","B"],"character_chosen":"THE_SILENT","items_purchased":["Bag of Marbles","Backflip"],"campfire_rested":4,"item_purchase_floors":[19,19],"current_hp_per_floor":[59,64,64,64,64,57,53,53,53,53,53,53,32,30,51,38,63,47,47,26,20,20,41,41,33,33,25,20,41,39,20,41,0],"gold":138,"neow_bonus":"THREE_ENEMY_KILL","is_prod":false,"is_daily":false,"chose_seed":false,"campfire_upgraded":3,"win_rate":0,"timestamp":1564917149,"path_taken":["M","?","M","?","?","M","M","R","T","R","M","R","?","M","R","BOSS","M","$","?","?","M","R","?","?","T","M","M","R","M","E","R","BOSS"],"build_version":"2019-07-17","purchased_purges":1,"victory":false,"max_hp_per_floor":[66,71,71,71,71,71,71,71,71,71,71,71,71,71,71,71,71,71,71,71,71,71,71,71,71,71,71,71,71,71,71,71,71],"card_choices":[{"not_picked":["Dagger Throw","Cloak And Dagger"],"picked":"Quick Slash","floor":1.0},{"not_picked":["Outmaneuver","Deflect"],"picked":"Dagger Throw","floor":3.0},{"not_picked":["Caltrops","PiercingWail"],"picked":"Cloak And Dagger","floor":5.0},{"not_picked":["Outmaneuver","Infinite Blades"],"picked":"Caltrops","floor":6.0},{"not_picked":["PiercingWail","Deadly Poison"],"picked":"Dodge and Roll","floor":7.0},{"not_picked":["Prepared","Bouncing Flask"],"picked":"Predator","floor":11.0},{"not_picked":["Predator","Bane"],"picked":"Flying Knee","floor":14.0},{"not_picked":["Die Die Die","Envenom"],"picked":"Corpse Explosion","floor":16.0},{"not_picked":["Riddle With Holes"],"picked":"SKIP","floor":18.0},{"not_picked":[],"picked":"Poisoned Stab+1","floor":22.0},{"not_picked":["Bane"],"picked":"SKIP","floor":25.0},{"not_picked":[],"picked":"Backflip","floor":27.0},{"not_picked":[],"picked":"Cloak And Dagger+1","floor":28.0},{"not_picked":[],"picked":"Dagger Spray","floor":30.0},{"not_picked":[],"picked":"Cloak And Dagger+1","floor":31.0}],"player_experience":1113239,"relics_obtained":[{"floor":9.0,"key":"Ornamental Fan"},{"floor":20.0,"key":"Necronomicon"},{"floor":24.0,"key":"Dodecahedron"},{"floor":26.0,"key":"Omamori"},{"floor":31.0,"key":"Blue Candle"}],"event_choices":[{"damage_healed":0.0,"max_hp_gain":5.0,"max_hp_loss":0.0,"gold_gain":0.0,"event_name":"Big Fish","player_choice":"Donut","floor":2.0,"gold_loss":0.0,"damage_taken":0.0},{"damage_healed":0.0,"max_hp_gain":0.0,"max_hp_loss":0.0,"gold_gain":0.0,"event_name":"Match and Keep!","player_choice":"1 cards matched","floor":4.0,"gold_loss":0.0,"damage_taken":0.0,"cards_obtained":["Adrenaline"]},{"damage_healed":0.0,"max_hp_gain":0.0,"max_hp_loss":0.0,"gold_gain":0.0,"event_name":"Shining Light","player_choice":"Entered Light","floor":13.0,"gold_loss":0.0,"damage_taken":21.0,"cards_upgraded":["Strike_G","Defend_G"]},{"damage_healed":0.0,"max_hp_gain":0.0,"max_hp_loss":0.0,"gold_gain":0.0,"event_name":"Cursed Tome","player_choice":"Obtained Book","floor":20.0,"gold_loss":0.0,"damage_taken":21.0},{"damage_healed":0.0,"max_hp_gain":0.0,"max_hp_loss":0.0,"gold_gain":0.0,"event_name":"Nest","player_choice":"Joined the Cult","floor":21.0,"gold_loss":0.0,"damage_taken":6.0,"cards_obtained":["RitualDagger"]}],"is_beta":false,"boss_relics":[{"not_picked":["Runic Dome","WristBlade"],"picked":"Busted Crown"}],"items_purged_floors":[19],"is_endless":false,"potions_floor_spawned":[3,7,11,16,18,27,28,30],"killed_by":"Collector","ascension_level":16}