{"gold_per_floor":[319,419,200,216,216,216,247,247,247,277,292,367,379,379,379,481,481,497,497,512,363,378,378,410,410,410,410,63,63,76,88,88,88],"floor_reached":33,"playtime":1651,"items_purged":["Strike_G","Strike_G"],"score":448,"play_id":"452b2220-8206-4032-b29b-936701279a47","local_time":"20190822152719","is_ascension_mode":true,"campfire_choices":[{"data":"Corpse Explosion","floor":6.0,"key":"SMITH"},{"data":"Neutralize","floor":8.0,"key":"SMITH"},{"floor":15.0,"key":"REST"},{"data":"Deadly Poison","floor":23.0,"key":"SMITH"},{"data":"Dodge and Roll","floor":25,"key":"SMITH"},{"data":"Blur","floor":27,"key":"SMITH"},{"data":"Deadly Poison","floor":29,"key":"SMITH"},{"data":"Crippling Poison","floor":32,"key":"SMITH"}],"neow_cost":"NO_GOLD","seed_source_timestamp":181524824668700,"circlet_count":0,"master_deck":["AscendersBane","Defend_G","Defend_G","Defend_G","Survivor","Neutralize+1","Backflip","Corpse Explosion+1","Dodge and Roll+1","PiercingWail","Adrenaline","Leg Sweep+1","Quick Slash+1","Deadly Poison+1","Blur+1","Deadly Poison+1","Crippling Poison+1"],"special_seed":0,"relics":["Ring of the Snake","Old Coin","Pear","Bag of Marbles","Orichalcum","Astrolabe","WingedGreaves","Snake Skull","Gambling Chip"],"potions_floor_usage":[24,24,33],"damage_taken":[{"damage":1.0,"enemies":"Small Slimes","floor":1.0,"turns":4.0},{"damage":1.0,"enemies":"Cultist","floor":4.0,"turns":5.0},{"damage":28.0,"enemies":"Lagavulin","floor":7.0,"turns":7.0},{"damage":8.0,"enemies":"3 Sentries","floor":10.0,"turns":4.0},{"damage":0.0,"enemies":"Jaw Worm","floor":11.0,"turns":4.0},{"damage":0.0,"enemies":"Red Slaver","floor":13.0,"turns":6.0},{"damage":1.0,"enemies":"Hexaghost","floor":16.0,"turns":10.0},{"damage":13.0,"enemies":"Shell Parasite","floor":18.0,"turns":10.0},{"damage":0.0,"enemies":"Chosen","floor":20.0,"turns":5.0},{"damage":5.0,"enemies":"Snake Plant","floor":22.0,"turns":4.0},{"damage":14,"enemies":"Book of Stabbing","floor":24,"turns":8},{"damage":2,"enemies":"Centurion and Healer","floor":30,"turns":5},{"damage":0,"enemies":"3 Cultists","floor":31,"turns":2},{"damage":72,"enemies":"Champ","floor":33,"turns":12}],"seed_played":"-2616599891131753464","potions_obtained":[{"floor":7.0,"key":"Weak Potion"},{"floor":10.0,"key":"Strength Potion"},{"floor":22.0,"key":"Swift Potion"},{"floor":30,"key":"GamblersBrew"},{"floor":31,"key":"FearPotion"}],"is_trial":false,"path_per_floor":["M","?","$","M","?","R","E","R","T","E","M","?","M","?","R","B",null,"M","?","M","$","M","R","E","R","T","R","$","R","M","M","R","B"],"character_chosen":"THE_SILENT","items_purchased":["Corpse Explosion","Deadly Poison","Gambling Chip","Deadly Poison"],"campfire_rested":1,"item_purchase_floors":[3,21,28,28],"current_hp_per_floor":[62,62,62,61,61,61,43,43,43,35,35,24,24,24,48,47,72,59,90,90,90,85,85,71,71,71,71,71,71,69,69,69,0],"gold":88,"neow_bonus":"ONE_RARE_RELIC","is_prod":false,"is_daily":false,"chose_seed":false,"campfire_upgraded":7,"win_rate":0,"timestamp":1566480439,"path_taken":["M","?","$","?","?","R","E","R","T","E","?","?","M","?","R","BOSS","M","?","M","$","?","R","E","R","T","R","$","R","M","M","R","BOSS"],"build_version":"2019-07-17","purchased_purges":2,"victory":false,"max_hp_per_floor":[70,70,70,70,70,70,80,80,80,80,80,80,80,80,80,80,80,80,90,90,90,90,90,90,90,90,90,90,90,90,90,90,90],"card_choices":[{"not_picked":["Prepared","Bane"],"picked":"Backflip","floor":1.0},{"not_picked":["Quick Slash","Flying Knee"],"picked":"Dodge and Roll","floor":4.0},{"not_picked":["Backflip","Poisoned Stab","Terror"],"picked":"SKIP","floor":7.0},{"not_picked":["Bane","Backflip","Concentrate"],"picked":"SKIP","floor":10.0},{"not_picked":["Tactician","Prepared","Slice"],"picked":"SKIP","floor":11.0},{"not_picked":["Venomology","PiercingWail","Poisoned Stab"],"picked":"SKIP","floor":13.0},{"not_picked":["Phantasmal Killer","Corpse Explosion"],"picked":"Adrenaline","floor":16.0},{"not_picked":["Infinite Blades","Endless Agony","Outmaneuver"],"picked":"SKIP","floor":18.0},{"not_picked":["Dodge and Roll","Tactician","Bane+1"],"picked":"SKIP","floor":20.0},{"not_picked":["Dodge and Roll","Choke"],"picked":"Blur","floor":22.0},{"not_picked":["Deflect","Blade Dance","Heel Hook"],"picked":"SKIP","floor":24},{"not_picked":["Distraction","Cloak And Dagger","Flechettes+1"],"picked":"SKIP","floor":30},{"not_picked":["All Out Attack","Blade Dance"],"picked":"Crippling Poison","floor":31}],"player_experience":124046,"relics_obtained":[{"floor":7.0,"key":"Pear"},{"floor":9.0,"key":"Bag of Marbles"},{"floor":10.0,"key":"Orichalcum"},{"floor":24,"key":"WingedGreaves"},{"floor":26,"key":"Snake Skull"}],"event_choices":[{"damage_healed":0.0,"max_hp_gain":0.0,"max_hp_loss":0.0,"gold_gain":100.0,"event_name":"Golden Shrine","player_choice":"Pray","floor":2.0,"gold_loss":0.0,"damage_taken":0.0},{"damage_healed":0.0,"max_hp_gain":0.0,"max_hp_loss":0.0,"gold_gain":0.0,"cards_transformed":["Strike_G"],"event_name":"Transmorgrifier","player_choice":"Transformed","floor":5.0,"gold_loss":0.0,"damage_taken":0.0,"cards_obtained":["PiercingWail"]},{"damage_healed":0.0,"max_hp_gain":0.0,"max_hp_loss":0.0,"gold_gain":75.0,"event_name":"World of Goop","player_choice":"Gather Gold","floor":12.0,"gold_loss":0.0,"damage_taken":11.0},{"cards_removed":["Defend_G"],"damage_healed":0.0,"max_hp_gain":0.0,"max_hp_loss":0.0,"gold_gain":0.0,"event_name":"Purifier","player_choice":"Purged","floor":14.0,"gold_loss":0.0,"damage_taken":0.0},{"cards_removed":["Wraith Form v2"],"damage_healed":21.0,"max_hp_gain":10.0,"max_hp_loss":0.0,"gold_gain":0.0,"event_name":"Bonfire Elementals","player_choice":"Offered Rare","floor":19.0,"gold_loss":0.0,"damage_taken":0.0}],"is_beta":false,"boss_relics":[{"not_picked":["WristBlade","Calling Bell"],"picked":"Astrolabe"}],"items_purged_floors":[3,21],"is_endless":false,"potions_floor_spawned":[7,10,22,30,31],"killed_by":"Champ","ascension_level":11}