{"gold_per_floor":[113,127,140,157,5,5,21,21,47,47,61,75,75,93,93,219,219,242,242,19,33,33,33,46,46,46,46,8,8,58,72,72,72],"floor_reached":33,"playtime":7689,"items_purged":[],"score":239,"play_id":"9f88a34a-57f4-417a-923f-d97002658178","local_time":"20190325023623","is_ascension_mode":false,"campfire_choices":[{"data":"Envenom","floor":6,"key":"SMITH"},{"data":"Well Laid Plans","floor":10,"key":"SMITH"},{"data":"Noxious Fumes","floor":13,"key":"SMITH"},{"floor":15,"key":"REST"},{"floor":23,"key":"REST"},{"floor":27,"key":"REST"},{"data":"Neutralize","floor":29,"key":"SMITH"},{"floor":32,"key":"REST"}],"neow_cost":"NONE","seed_source_timestamp":38624549438945,"circlet_count":0,"master_deck":["Defend_G","Defend_G","Defend_G","Defend_G","Defend_G","Strike_G","Strike_G","Strike_G","Strike_G","Strike_G","Survivor","Neutralize+1","Acrobatics","Well Laid Plans+1","Blade Dance","Riddle With Holes","Expertise","Envenom+1","Blur","Injury","Outmaneuver","Noxious Fumes+1","Quick Slash","Corpse Explosion","Catalyst+1","RitualDagger","Catalyst","Underhanded Strike","Dagger Spray+1","Noxious Fumes","Flechettes"],"relics":["Ring of the Snake","Bloody Idol","WristBlade","Regal Pillow","WingedGreaves","Bag of Preparation"],"potions_floor_usage":[11,18,24,24,24,33],"damage_taken":[{"damage":0,"enemies":"2 Louse","floor":1,"turns":4},{"damage":0,"enemies":"Small Slimes","floor":2,"turns":6},{"damage":0,"enemies":"Jaw Worm","floor":3,"turns":6},{"damage":2,"enemies":"3 Louse","floor":4,"turns":3},{"damage":0,"enemies":"Looter","floor":7,"turns":4},{"damage":5,"enemies":"Large Slime","floor":11,"turns":7},{"damage":6,"enemies":"3 Louse","floor":12,"turns":5},{"damage":5,"enemies":"Looter","floor":14,"turns":5},{"damage":54,"enemies":"Slime Boss","floor":16,"turns":13},{"damage":36,"enemies":"2 Thieves","floor":18,"turns":4},{"damage":17,"enemies":"3 Byrds","floor":21,"turns":7},{"damage":45,"enemies":"Centurion and Healer","floor":24,"turns":8},{"damage":54,"enemies":"Snake Plant","floor":31,"turns":6},{"damage":74,"enemies":"Automaton","floor":33,"turns":6}],"seed_played":"-5934026411683386701","potions_obtained":[{"floor":3,"key":"Energy Potion"},{"floor":12,"key":"SpeedPotion"},{"floor":14,"key":"SpeedPotion"},{"floor":16,"key":"FearPotion"},{"floor":21,"key":"SteroidPotion"},{"floor":31,"key":"SteroidPotion"}],"is_trial":false,"path_per_floor":["M","M","M","M","$","R","M","?","T","R","M","M","R","M","R","B",null,"M","?","$","M","?","R","M","?","T","R","$","R","T","M","R","B"],"character_chosen":"THE_SILENT","items_purchased":["Envenom","Regal Pillow","Catalyst","Noxious Fumes"],"campfire_rested":4,"item_purchase_floors":[5,20,20,28],"current_hp_per_floor":[70,70,70,68,68,68,68,68,68,68,63,57,57,52,70,16,70,34,28,28,11,11,47,7,30,30,66,66,66,70,21,57,0],"gold":72,"neow_bonus":"THREE_CARDS","is_prod":false,"is_daily":false,"chose_seed":false,"campfire_upgraded":4,"win_rate":0,"timestamp":1553445383,"path_taken":["M","M","M","M","$","R","M","?","T","R","M","M","R","M","R","BOSS","M","?","$","M","?","R","M","?","T","R","$","R","?","?","R","BOSS"],"build_version":"2019-01-23","purchased_purges":0,"victory":false,"max_hp_per_floor":[70,70,70,70,70,70,70,70,70,70,70,70,70,70,70,70,70,70,70,70,70,70,70,70,70,70,70,70,70,70,70,70,70],"card_choices":[{"not_picked":["Deadly Poison","Sucker Punch"],"picked":"Acrobatics","floor":0},{"not_picked":["Dagger Spray","Deadly Poison"],"picked":"Well Laid Plans","floor":1},{"not_picked":["Sucker Punch","Deflect"],"picked":"Blade Dance","floor":2},{"not_picked":["Quick Slash","Catalyst"],"picked":"Riddle With Holes","floor":3},{"not_picked":["Sucker Punch","Dash"],"picked":"Expertise","floor":4},{"not_picked":["Heel Hook","Dagger Throw"],"picked":"Blur","floor":7},{"not_picked":["Venomology","Finisher"],"picked":"Outmaneuver","floor":11},{"not_picked":["Choke","Acrobatics"],"picked":"Noxious Fumes","floor":12},{"not_picked":["Dash","Riddle With Holes"],"picked":"Quick Slash","floor":14},{"not_picked":["Tools of the Trade","Malaise"],"picked":"Corpse Explosion","floor":16},{"not_picked":["Underhanded Strike","Deflect+1"],"picked":"Catalyst+1","floor":18},{"not_picked":["Acrobatics","Sucker Punch"],"picked":"Underhanded Strike","floor":21},{"not_picked":["Prepared","Poisoned Stab"],"picked":"Dagger Spray+1","floor":24},{"not_picked":["Sucker Punch","All Out Attack"],"picked":"Flechettes","floor":31}],"player_experience":103843,"relics_obtained":[{"floor":26,"key":"WingedGreaves"},{"floor":30,"key":"Bag of Preparation"}],"event_choices":[{"damage_healed":0,"gold_gain":0,"player_choice":"Take Wound","damage_taken":0,"relics_obtained":["Golden Idol"],"max_hp_gain":0,"max_hp_loss":0,"event_name":"Golden Idol","floor":8,"gold_loss":0,"cards_obtained":["Injury"]},{"damage_healed":0,"gold_gain":0,"player_choice":"Joined the Cult","damage_taken":6,"max_hp_gain":0,"max_hp_loss":0,"event_name":"Nest","floor":19,"gold_loss":0,"cards_obtained":["RitualDagger"]},{"damage_healed":0,"gold_gain":0,"player_choice":"Gave Idol","damage_taken":0,"relics_obtained":["Bloody Idol"],"max_hp_gain":0,"max_hp_loss":0,"event_name":"Forgotten Altar","floor":22,"relics_lost":["Golden Idol"],"gold_loss":0},{"damage_healed":23,"gold_gain":0,"player_choice":"Heal","damage_taken":0,"max_hp_gain":0,"max_hp_loss":0,"event_name":"The Library","floor":25,"gold_loss":0}],"is_beta":false,"boss_relics":[{"not_picked":["Ectoplasm","Snecko Eye"],"picked":"WristBlade"}],"items_purged_floors":[],"is_endless":false,"potions_floor_spawned":[3,12,14,16,21,31],"killed_by":"Automaton","ascension_level":0}