{"gold_per_floor":[119,119,130,142,142,168,168,196,196,196],"floor_reached":10,"playtime":1087,"items_purged":[],"score":84,"play_id":"f6e39378-491e-4128-96c5-a293b620e54f","local_time":"20190714210337","is_ascension_mode":true,"campfire_choices":[{"data":"Strike_B","floor":7,"key":"PURGE"}],"neow_cost":"NONE","seed_source_timestamp":205999365248083,"circlet_count":0,"master_deck":["Strike_B","Strike_B","Defend_B","Defend_B","Defend_B","Defend_B","Zap+1","Dualcast","Heatsinks","Cold Snap","Hologram","Machine Learning","Seek"],"relics":["Cracked Core","Peace Pipe","Dodecahedron","Shovel"],"potions_floor_usage":[10],"damage_taken":[{"damage":2,"enemies":"Jaw Worm","floor":1,"turns":3},{"damage":1,"enemies":"Small Slimes","floor":3,"turns":3},{"damage":0,"enemies":"Cultist","floor":4,"turns":3},{"damage":19,"enemies":"Gremlin Nob","floor":6,"turns":4},{"damage":36,"enemies":"3 Sentries","floor":8,"turns":12},{"damage":19,"enemies":"Lagavulin","floor":10,"turns":5}],"seed_played":"4768979569391801750","potions_obtained":[{"floor":6,"key":"Weak Potion"}],"is_trial":false,"path_per_floor":["M","?","M","M","?","E","R","E","T","E"],"character_chosen":"DEFECT","items_purchased":[],"campfire_rested":0,"item_purchase_floors":[],"current_hp_per_floor":[73,73,72,72,72,53,53,17,17,0],"gold":196,"neow_bonus":"TRANSFORM_CARD","is_prod":false,"is_daily":false,"chose_seed":false,"campfire_upgraded":0,"win_rate":0,"timestamp":1563131017,"path_taken":["M","?","M","M","?","E","R","E","T","E"],"build_version":"2019-07-05","purchased_purges":0,"victory":false,"max_hp_per_floor":[75,75,75,75,75,75,75,75,75,75],"card_choices":[{"not_picked":["Barrage","Lockon"],"picked":"Cold Snap","floor":1},{"not_picked":["Conserve Battery","Cold Snap"],"picked":"Hologram","floor":3},{"not_picked":["Double Energy","Sunder"],"picked":"Machine Learning","floor":4},{"not_picked":["Rebound","Steam Power","Consume"],"picked":"SKIP","floor":6},{"not_picked":["Leap","Turbo"],"picked":"Seek","floor":8}],"player_experience":47516,"relics_obtained":[{"floor":6,"key":"Peace Pipe"},{"floor":8,"key":"Dodecahedron"},{"floor":9,"key":"Shovel"}],"event_choices":[{"damage_healed":0,"gold_gain":0,"player_choice":"Ignored","damage_taken":0,"max_hp_gain":0,"max_hp_loss":0,"event_name":"Liars Game","floor":2,"gold_loss":0},{"damage_healed":0,"gold_gain":0,"player_choice":"Upgraded","damage_taken":0,"max_hp_gain":0,"max_hp_loss":0,"event_name":"Upgrade Shrine","floor":5,"gold_loss":0,"cards_upgraded":["Zap"]}],"is_beta":false,"boss_relics":[],"items_purged_floors":[],"is_endless":false,"potions_floor_spawned":[6],"killed_by":"Lagavulin","ascension_level":2}