{"gold_per_floor":[117,129,143,143,155,155,186,186,210,210,235,235,252,312,312,417,417,436,436,455,455,465,465,308,407,407,407,424,439,439,456,456,555,555,573,1572,830,843,843,873,901,901,971,526,539,539,539,550,550,550],"floor_reached":50,"playtime":2123,"items_purged":["Normality","Normality"],"score":688,"play_id":"61e80f07-0d34-418a-a4fb-8d5764792fbe","local_time":"20190503162546","is_ascension_mode":true,"campfire_choices":[{"data":"Cleave","floor":6.0,"key":"SMITH"},{"data":"Body Slam","floor":8.0,"key":"SMITH"},{"data":"Pommel Strike","floor":10.0,"key":"SMITH"},{"data":"Spot Weakness","floor":15.0,"key":"SMITH"},{"data":"Double Tap","floor":23.0,"key":"SMITH"},{"floor":27.0,"key":"REST"},{"data":"Warcry","floor":30.0,"key":"SMITH"},{"data":"Fiend Fire","floor":32.0,"key":"SMITH"},{"floor":40.0,"key":"DIG"},{"floor":47.0,"key":"DIG"},{"floor":49.0,"key":"REST"}],"neow_cost":"NONE","seed_source_timestamp":0,"circlet_count":0,"master_deck":["Strike_R+1","Defend_R","Defend_R","Defend_R","Bash","Iron Wave","Impervious","Cleave+1","Pommel Strike+1","Body Slam+1","Rampage","Wild Strike","Double Tap+1","Spot Weakness+1","Fiend Fire+1","Infernal Blade+1","Havoc+1","Double Tap+1","Rage+1","Thunderclap","Warcry+1","Impervious","Power Through","Brutality","Cleave+1","Evolve","Armaments+1","Clothesline","Corruption","Warcry","Clothesline+1","Shrug It Off+1"],"special_seed":0,"relics":["Burning Blood","Bag of Marbles","Oddly Smooth Stone","Art of War","Whetstone","Calipers","Astrolabe","Nilry\u0027s Codex","Bag of Preparation","Shuriken","Velvet Choker","Turnip","Shovel","Tiny Chest","Dream Catcher","Singing Bowl","Medical Kit","Pen Nib"],"potions_floor_usage":[50,50,50],"damage_taken":[{"damage":8.0,"enemies":"2 Louse","floor":1.0,"turns":3.0},{"damage":12.0,"enemies":"Small Slimes","floor":2.0,"turns":5.0},{"damage":2.0,"enemies":"Jaw Worm","floor":3.0,"turns":5.0},{"damage":0.0,"enemies":"Lots of Slimes","floor":5.0,"turns":1.0},{"damage":14.0,"enemies":"Gremlin Nob","floor":7.0,"turns":5.0},{"damage":4.0,"enemies":"3 Sentries","floor":11.0,"turns":5.0},{"damage":9.0,"enemies":"3 Louse","floor":13.0,"turns":3.0},{"damage":13.0,"enemies":"Lagavulin Event","floor":14.0,"turns":3.0},{"damage":0.0,"enemies":"Slime Boss","floor":16.0,"turns":6.0},{"damage":0.0,"enemies":"Spheric Guardian","floor":18.0,"turns":3.0},{"damage":5.0,"enemies":"3 Byrds","floor":20.0,"turns":4.0},{"damage":24.0,"enemies":"Shelled Parasite and Fungi","floor":22.0,"turns":5.0},{"damage":0.0,"enemies":"3 Cultists","floor":28.0,"turns":4.0},{"damage":18.0,"enemies":"Snecko","floor":29.0,"turns":4.0},{"damage":12.0,"enemies":"Cultist and Chosen","floor":31.0,"turns":4.0},{"damage":66.0,"enemies":"Collector","floor":33.0,"turns":9.0},{"damage":10.0,"enemies":"3 Darklings","floor":35.0,"turns":2.0},{"damage":8.0,"enemies":"Orb Walker","floor":38.0,"turns":3.0},{"damage":13.0,"enemies":"Reptomancer","floor":41.0,"turns":5.0},{"damage":5.0,"enemies":"Sphere and 2 Shapes","floor":45.0,"turns":3.0},{"damage":12.0,"enemies":"4 Shapes","floor":48.0,"turns":1.0},{"damage":77,"enemies":"Donu and Deca","floor":50,"turns":10}],"seed_played":"6519204446777457169","potions_obtained":[{"floor":0.0,"key":"EntropicBrew"},{"floor":0.0,"key":"Dexterity Potion"},{"floor":0.0,"key":"FairyPotion"},{"floor":3.0,"key":"SteroidPotion"},{"floor":13.0,"key":"Dexterity Potion"},{"floor":22.0,"key":"SpeedPotion"},{"floor":33.0,"key":"GamblersBrew"},{"floor":38.0,"key":"Weak Potion"},{"floor":41.0,"key":"Dexterity Potion"},{"floor":45.0,"key":"SkillPotion"}],"is_trial":false,"path_per_floor":["M","M","M","?","M","R","E","R","T","R","E","?","M","?","R","B",null,"M","?","M","?","M","R","$","?","T","R","M","M","R","M","R","B",null,"M","?","$","M","?","R","E","?","T","$","M","?","R","M","R","B"],"character_chosen":"IRONCLAD","items_purchased":["Bag of Preparation","Turnip","Shovel","Evolve","Medical Kit","Corruption","Warcry","Flex"],"campfire_rested":2,"item_purchase_floors":[24,37,37,37,44,44,44,44],"current_hp_per_floor":[78,72,76,69,75,75,67,67,67,67,69,69,66,59,59,65,76,80,64,65,62,44,44,44,44,44,68,74,62,62,56,56,14,64,60,60,60,58,58,58,51,51,51,51,52,57,57,51,77,0],"gold":550,"neow_bonus":"THREE_SMALL_POTIONS","is_prod":false,"is_daily":false,"chose_seed":false,"campfire_upgraded":7,"win_rate":0,"timestamp":1556864746,"path_taken":["M","M","M","?","M","R","E","R","T","R","E","?","M","?","R","BOSS","M","?","M","?","?","R","$","?","T","R","M","M","R","M","R","BOSS","M","?","$","M","?","R","E","?","T","$","M","?","R","M","R","BOSS"],"build_version":"2019-01-23","purchased_purges":2,"victory":false,"max_hp_per_floor":[80,80,80,80,80,80,80,80,80,80,80,80,80,80,80,80,80,80,80,80,80,80,80,80,80,80,80,80,80,80,80,80,80,80,80,80,80,80,80,80,80,80,80,80,80,80,80,80,82,82],"card_choices":[{"not_picked":["Bloodletting","Disarm"],"picked":"Iron Wave","floor":1.0},{"not_picked":["Headbutt","Pommel Strike"],"picked":"Impervious","floor":2.0},{"not_picked":["Rage","Heavy Blade"],"picked":"Cleave","floor":3.0},{"not_picked":["Corruption","Clothesline"],"picked":"Pommel Strike","floor":5.0},{"not_picked":["Anger","Rampage"],"picked":"Body Slam","floor":7.0},{"not_picked":["Sentinel","Flex"],"picked":"Rampage","floor":11.0},{"not_picked":["Blood for Blood","Clash"],"picked":"Double Tap","floor":13.0},{"not_picked":["Whirlwind","Twin Strike"],"picked":"Spot Weakness","floor":14.0},{"not_picked":["Dark Embrace","Barricade"],"picked":"Fiend Fire","floor":16.0},{"not_picked":["Flex","Perfected Strike"],"picked":"Rage+1","floor":18.0},{"not_picked":["Pommel Strike","True Grit"],"picked":"Thunderclap","floor":20.0},{"not_picked":["Iron Wave","Hemokinesis"],"picked":"Warcry","floor":22.0},{"not_picked":["Sword Boomerang","Thunderclap","Fire Breathing"],"picked":"SKIP","floor":28.0},{"not_picked":["Flex","Clothesline"],"picked":"Impervious","floor":29.0},{"not_picked":["Carnage","Dropkick"],"picked":"Power Through","floor":31.0},{"not_picked":["Berserk","Barricade"],"picked":"Brutality","floor":33.0},{"not_picked":["Corruption","Flex+1"],"picked":"Cleave+1","floor":35.0},{"not_picked":["Thunderclap","Twin Strike+1"],"picked":"Armaments+1","floor":38.0},{"not_picked":["Pommel Strike","Disarm"],"picked":"Clothesline","floor":41.0},{"not_picked":["Flex+1","Clash"],"picked":"Clothesline+1","floor":45.0},{"not_picked":["Fire Breathing+1","Perfected Strike+1"],"picked":"Shrug It Off+1","floor":48.0},{"not_picked":["Heavy Blade","Berserk","Clash"],"picked":"Singing Bowl","floor":49.0}],"player_experience":599591,"relics_obtained":[{"floor":7.0,"key":"Oddly Smooth Stone"},{"floor":9.0,"key":"Art of War"},{"floor":11.0,"key":"Whetstone"},{"floor":19.0,"key":"Nilry\u0027s Codex"},{"floor":26.0,"key":"Shuriken"},{"floor":40.0,"key":"Tiny Chest"},{"floor":41.0,"key":"Dream Catcher"},{"floor":43.0,"key":"Singing Bowl"},{"floor":47.0,"key":"Pen Nib"}],"event_choices":[{"damage_healed":0.0,"max_hp_gain":0.0,"max_hp_loss":0.0,"gold_gain":0.0,"event_name":"Scrap Ooze","player_choice":"Success","floor":4.0,"gold_loss":0.0,"damage_taken":7.0,"relics_obtained":["Bag of Marbles"]},{"damage_healed":0.0,"max_hp_gain":0.0,"max_hp_loss":0.0,"gold_gain":0.0,"cards_transformed":["Strike_R"],"event_name":"Living Wall","player_choice":"Change","floor":12.0,"gold_loss":0.0,"damage_taken":0.0,"cards_obtained":["Wild Strike"]},{"damage_healed":0.0,"max_hp_gain":0.0,"max_hp_loss":0.0,"gold_gain":0.0,"event_name":"Dead Adventurer","player_choice":"Searched \u00273\u0027 times","floor":14.0,"gold_loss":0.0,"damage_taken":0.0,"relics_obtained":["Calipers"]},{"damage_healed":0.0,"max_hp_gain":0.0,"max_hp_loss":0.0,"gold_gain":0.0,"event_name":"Cursed Tome","player_choice":"Obtained Book","floor":19.0,"gold_loss":0.0,"damage_taken":16.0},{"damage_healed":0.0,"max_hp_gain":0.0,"max_hp_loss":0.0,"gold_gain":0.0,"event_name":"Designer","player_choice":"Punched","floor":21.0,"gold_loss":0.0,"damage_taken":3.0},{"damage_healed":0.0,"max_hp_gain":0.0,"max_hp_loss":0.0,"gold_gain":99.0,"event_name":"Nest","player_choice":"Stole From Cult","floor":25.0,"gold_loss":0.0,"damage_taken":0.0},{"damage_healed":0.0,"max_hp_gain":0.0,"max_hp_loss":0.0,"gold_gain":999.0,"event_name":"MindBloom","player_choice":"Gold","floor":36.0,"gold_loss":0.0,"damage_taken":0.0,"cards_obtained":["Normality","Normality"]},{"damage_healed":0.0,"max_hp_gain":0.0,"max_hp_loss":0.0,"gold_gain":0.0,"event_name":"Mysterious Sphere","player_choice":"Ignored","floor":39.0,"gold_loss":0.0,"damage_taken":0.0},{"cards_removed":["Defend_R"],"damage_healed":0.0,"max_hp_gain":0.0,"max_hp_loss":0.0,"gold_gain":0.0,"event_name":"Falling","player_choice":"Removed Skill","floor":42.0,"gold_loss":0.0,"damage_taken":0.0},{"cards_removed":["Flex"],"damage_healed":5.0,"max_hp_gain":0.0,"max_hp_loss":0.0,"gold_gain":0.0,"event_name":"Bonfire Elementals","player_choice":"Offered Common","floor":46.0,"gold_loss":0.0,"damage_taken":0.0},{"cards_removed":["Flex"],"damage_healed":5.0,"max_hp_gain":0.0,"max_hp_loss":0.0,"gold_gain":0.0,"event_name":"Bonfire Elementals","player_choice":"Offered Special","floor":46.0,"gold_loss":0.0,"damage_taken":0.0}],"is_beta":false,"boss_relics":[{"not_picked":["Runic Pyramid","Busted Crown"],"picked":"Astrolabe"},{"not_picked":["White Beast Statue","Orrery"],"picked":"Velvet Choker"}],"items_purged_floors":[37,44],"is_endless":false,"potions_floor_spawned":[3,7,13,22,29,33,38,41,45],"killed_by":"Donu and Deca","ascension_level":5}