{"path_per_floor":["M","M","$","?","M","E","?","M","T","M","R","E","M","?","R","B",null,"M","M","?","?","$","R"],"character_chosen":"THE_SILENT","items_purchased":["Outmaneuver"],"gold_per_floor":[117,137,62,137,149,182,182,193,216,229,229,256,271,271,271,376,376,387,398,398,398,246,246],"floor_reached":24,"campfire_rested":3,"playtime":1115,"current_hp_per_floor":[35,34,34,23,23,7,7,6,6,6,27,12,5,28,49,11,70,52,20,20,4,4,25],"items_purged":["Strike_G","Strike_G"],"gold":246,"score":227,"play_id":"9bda2683-1d13-44d1-815b-f963714f5dc4","local_time":"20180322014147","is_prod":false,"is_daily":false,"is_ascension_mode":true,"campfire_upgraded":0,"timestamp":1521697307,"path_taken":["M","M","$","?","M","E","?","M","T","M","R","E","M","?","R","BOSS","M","M","?","?","$","R","E"],"build_version":"2018-03-15v3","purchased_purges":2,"victory":false,"master_deck":["Defend_G","Defend_G","Strike_G","Survivor","Neutralize","Deadly Poison","Bouncing Flask","Poisoned Stab","Noxious Fumes","Deadly Poison","Finisher+1","Flying Knee+1","Envenom","Leg Sweep+1","Prepared+1","All Out Attack+1","Bane+1","Bane+1","Outmaneuver"],"max_hp_per_floor":[70,70,70,70,70,70,70,70,70,70,70,70,70,70,70,70,70,70,70,70,70,70,70],"relics":["Ring of the Snake","Ancient Tea Set","Molten Egg 2","Astrolabe","Nloth\u0027s Gift","Enchiridion"],"card_choices":[{"not_picked":["Terror","Flechettes"],"picked":"Deadly Poison"},{"not_picked":["Riddle With Holes","Sucker Punch"],"picked":"Bouncing Flask"},{"not_picked":["Riddle With Holes","Prepared"],"picked":"Poisoned Stab"},{"not_picked":["Flying Knee","Bullet Time"],"picked":"Noxious Fumes"},{"not_picked":["Escape Plan","Endless Agony"],"picked":"Deadly Poison"},{"not_picked":["Outmaneuver","Sucker Punch"],"picked":"Finisher"},{"not_picked":["Escape Plan","Quick Slash"],"picked":"Flying Knee"},{"not_picked":["Burst","Bullet Time"],"picked":"Envenom"},{"not_picked":["Acrobatics","Riddle With Holes"],"picked":"Bane"},{"not_picked":["PiercingWail","Acrobatics"],"picked":"Bane"}],"player_experience":72801,"potions_floor_usage":[6,10,10,12,16,16],"damage_taken":[{"damage":0,"enemies":"2 Louse","floor":1,"turns":4},{"damage":1,"enemies":"Jaw Worm","floor":2,"turns":4},{"damage":0,"enemies":"Cultist","floor":5,"turns":3},{"damage":16,"enemies":"Gremlin Nob","floor":6,"turns":3},{"damage":1,"enemies":"Blue Slaver","floor":8,"turns":4},{"damage":0,"enemies":"Exordium Thugs","floor":10,"turns":5},{"damage":15,"enemies":"3 Sentries","floor":12,"turns":6},{"damage":7,"enemies":"2 Fungi Beasts","floor":13,"turns":3},{"damage":38,"enemies":"Hexaghost","floor":16,"turns":6},{"damage":18,"enemies":"Shell Parasite","floor":18,"turns":6},{"damage":32,"enemies":"Spheric Guardian","floor":19,"turns":5},{"damage":26,"enemies":"Slavers","floor":24,"turns":2}],"event_choices":[{"event_name":"World of Goop","player_choice":"Gather Gold","floor":4,"damage_taken":0},{"event_name":"The Lab","player_choice":"Got Potions","floor":7,"damage_taken":0},{"event_name":"Big Fish","player_choice":"Banana","floor":14,"damage_taken":0},{"event_name":"N\u0027loth","player_choice":"Traded a Singing Bowl","floor":20,"damage_taken":0},{"event_name":"Cursed Tome","player_choice":"Obtained Book","floor":21,"damage_taken":0}],"boss_relics":[{"not_picked":["Runic Pyramid","Lizard Tail"],"picked":"Astrolabe"}],"potions_floor_spawned":[1,12,13],"seed_played":"8484963050077748317","killed_by":"Slavers","ascension_level":2,"is_trial":false}