{"gold_per_floor":[110,122,140,140,140,140,169,169,194,213,488,488],"floor_reached":12,"playtime":353,"items_purged":[],"score":90,"play_id":"97fb195f-10de-4988-b7cd-c6637b5542cb","local_time":"20190429110259","is_ascension_mode":true,"campfire_choices":[{"data":"Genetic Algorithm","floor":6,"key":"SMITH"},{"floor":8,"key":"REST"}],"neow_cost":"PERCENT_DAMAGE","seed_source_timestamp":24926064129243,"circlet_count":0,"master_deck":["Strike_B","Strike_B","Strike_B","Defend_B","Defend_B","Defend_B","Defend_B","Zap","Dualcast","Thunder Strike","Compile Driver","Genetic Algorithm+1","Storm","Buffer","Loop","Leap+1","Regret"],"relics":["Cracked Core","Oddly Smooth Stone","Toxic Egg 2","Art of War"],"potions_floor_usage":[7,12,12],"damage_taken":[{"damage":0,"enemies":"Cultist","floor":1,"turns":3},{"damage":2,"enemies":"Jaw Worm","floor":2,"turns":3},{"damage":1,"enemies":"2 Louse","floor":3,"turns":3},{"damage":30,"enemies":"Gremlin Nob","floor":7,"turns":5},{"damage":0,"enemies":"Large Slime","floor":10,"turns":5},{"damage":36,"enemies":"3 Sentries","floor":12,"turns":4}],"seed_played":"6206437086162245664","potions_obtained":[{"floor":2,"key":"Swift Potion"},{"floor":3,"key":"Poison Potion"},{"floor":7,"key":"PowerPotion"}],"is_trial":false,"path_per_floor":["M","M","M","?","?","R","E","R","T","M","?","E"],"character_chosen":"DEFECT","items_purchased":[],"campfire_rested":1,"item_purchase_floors":[],"current_hp_per_floor":[54,52,51,39,39,39,9,31,31,31,31,0],"gold":488,"neow_bonus":"THREE_RARE_CARDS","is_prod":false,"is_daily":false,"chose_seed":false,"campfire_upgraded":1,"win_rate":0,"timestamp":1556499779,"path_taken":["M","M","M","?","?","R","E","R","T","?","?","E"],"build_version":"2019-01-23","purchased_purges":0,"victory":false,"max_hp_per_floor":[75,75,75,75,75,75,75,75,75,75,75,75],"card_choices":[{"not_picked":["Meteor Strike","Multi-Cast"],"picked":"Thunder Strike","floor":0},{"not_picked":["Beam Cell","Aggregate"],"picked":"Compile Driver","floor":1},{"not_picked":["Double Energy","Heatsinks"],"picked":"Genetic Algorithm","floor":2},{"not_picked":["Beam Cell","Barrage"],"picked":"Storm","floor":3},{"not_picked":["Sweeping Beam","Steam"],"picked":"Loop","floor":7},{"not_picked":["Barrage","Sweeping Beam"],"picked":"Leap+1","floor":10}],"player_experience":504544,"relics_obtained":[{"floor":7,"key":"Toxic Egg 2"},{"floor":9,"key":"Art of War"}],"event_choices":[{"damage_healed":0,"gold_gain":0,"player_choice":"Success","damage_taken":12,"relics_obtained":["Oddly Smooth Stone"],"max_hp_gain":0,"max_hp_loss":0,"event_name":"Scrap Ooze","floor":4,"gold_loss":0},{"damage_healed":0,"gold_gain":0,"cards_transformed":["Strike_B"],"player_choice":"Transformed","damage_taken":0,"max_hp_gain":0,"max_hp_loss":0,"event_name":"Transmorgrifier","floor":5,"gold_loss":0,"cards_obtained":["Buffer"]},{"damage_healed":0,"gold_gain":275,"player_choice":"Desecrate","damage_taken":0,"max_hp_gain":0,"max_hp_loss":0,"event_name":"Golden Shrine","floor":11,"gold_loss":0,"cards_obtained":["Regret"]}],"is_beta":false,"boss_relics":[],"items_purged_floors":[],"is_endless":false,"potions_floor_spawned":[2,3,7],"killed_by":"3 Sentries","ascension_level":3}