{"gold_per_floor":[116,191,211,226,241,266,278,290,313,313,313,313,348,63,63,142,142,161,175,186,186,186,186,186,186,268,286,311,311,339,350,350,421,421,435,447,464,482,156,156,176,176,176,186,217,217,249,261,261,261],"floor_reached":50,"playtime":4621,"items_purged":["Strike_G","Noxious Fumes"],"score":1013,"play_id":"f64c22d8-0b4f-4458-a38e-dd29bafcdc7f","local_time":"20181219010921","is_ascension_mode":true,"campfire_choices":[{"floor":11.0,"key":"REST"},{"floor":15.0,"key":"REST"},{"floor":23.0,"key":"RECALL"},{"data":"The Bomb","floor":25.0,"key":"SMITH"},{"data":"A Thousand Cuts","floor":32.0,"key":"SMITH"},{"data":"Backflip","floor":40.0,"key":"SMITH"},{"data":"Malaise","floor":46.0,"key":"SMITH"},{"data":"Distraction","floor":49.0,"key":"SMITH"}],"neow_cost":"NONE","seed_source_timestamp":448178888747326,"circlet_count":0,"master_deck":["AscendersBane","Defend_G","Defend_G","Defend_G","Defend_G","Defend_G","Survivor","Neutralize","Sucker Punch","Backflip","Flying Knee","Crippling Poison","PiercingWail","Escape Plan","The Bomb+1","A Thousand Cuts+1","Terror","Bite","Bite","Bite","Bite","Bite","Escape Plan","Backflip+1","Malaise+1","Quick Slash+1","Bullet Time","Backflip+1","Deadly Poison+1","Distraction+1"],"special_seed":0,"relics":["Ring of the Snake","Oddly Smooth Stone","Pocketwatch","Orichalcum","Mercury Hourglass","Dead Branch","HoveringKite","The Courier","Meat on the Bone","Happy Flower","Strawberry","Coffee Dripper","Thread and Needle","GremlinMask","Ninja Scroll","Art of War","Ancient Tea Set"],"potions_floor_usage":[50,50],"damage_taken":[{"damage":5.0,"enemies":"Small Slimes","floor":1.0,"turns":5.0},{"damage":1.0,"enemies":"Jaw Worm","floor":3.0,"turns":5.0},{"damage":0.0,"enemies":"2 Louse","floor":4.0,"turns":4.0},{"damage":5.0,"enemies":"2 Fungi Beasts","floor":5.0,"turns":5.0},{"damage":30.0,"enemies":"3 Sentries","floor":6.0,"turns":11.0},{"damage":4.0,"enemies":"Gremlin Gang","floor":7.0,"turns":5.0},{"damage":0.0,"enemies":"Blue Slaver","floor":8.0,"turns":5.0},{"damage":4.0,"enemies":"Lagavulin","floor":13.0,"turns":7.0},{"damage":19.0,"enemies":"Slime Boss","floor":16.0,"turns":8.0},{"damage":8.0,"enemies":"Spheric Guardian","floor":18.0,"turns":6.0},{"damage":6.0,"enemies":"3 Byrds","floor":19.0,"turns":4.0},{"damage":8.0,"enemies":"Shelled Parasite and Fungi","floor":20.0,"turns":4.0},{"damage":28.0,"enemies":"Snake Plant","floor":27.0,"turns":4.0},{"damage":13.0,"enemies":"Slavers","floor":28.0,"turns":7.0},{"damage":33.0,"enemies":"Gremlin Leader","floor":30.0,"turns":7.0},{"damage":10.0,"enemies":"Cultist and Chosen","floor":31.0,"turns":8.0},{"damage":46.0,"enemies":"Automaton","floor":33.0,"turns":9.0},{"damage":6.0,"enemies":"3 Darklings","floor":35.0,"turns":3.0},{"damage":8.0,"enemies":"Orb Walker","floor":36.0,"turns":3.0},{"damage":33.0,"enemies":"Spire Growth","floor":37.0,"turns":6.0},{"damage":9.0,"enemies":"Sphere and 2 Shapes","floor":38.0,"turns":3.0},{"damage":4.0,"enemies":"Jaw Worm Horde","floor":41.0,"turns":3.0},{"damage":10.0,"enemies":"3 Darklings","floor":44.0,"turns":6.0},{"damage":0.0,"enemies":"Nemesis","floor":45.0,"turns":7.0},{"damage":31.0,"enemies":"Giant Head","floor":47.0,"turns":10.0},{"damage":8.0,"enemies":"Spire Growth","floor":48.0,"turns":6.0},{"damage":65,"enemies":"Awakened One","floor":50,"turns":12}],"seed_played":"-5430919103126442716","potions_obtained":[{"floor":4.0,"key":"Energy Potion"},{"floor":7.0,"key":"Dexterity Potion"},{"floor":8.0,"key":"EntropicBrew"},{"floor":13.0,"key":"Weak Potion"},{"floor":19.0,"key":"Weak Potion"},{"floor":20.0,"key":"Explosive Potion"},{"floor":30.0,"key":"Explosive Potion"},{"floor":33.0,"key":"FearPotion"},{"floor":36.0,"key":"AttackPotion"},{"floor":38.0,"key":"Energy Potion"},{"floor":47.0,"key":"SpeedPotion"}],"is_trial":false,"path_per_floor":["M","?","M","M","M","E","M","M","T","?","R","T","E","$","R","B",null,"M","M","M","?","T","R","T","R","T","M","E","?","E","M","R","B",null,"M","M","M","M","$","R","M","?","T","M","E","R","E","M","R","B"],"character_chosen":"THE_SILENT","items_purchased":["Escape Plan","The Bomb","Thread and Needle"],"campfire_rested":2,"item_purchase_floors":[14,14,39],"current_hp_per_floor":[54,43,42,42,37,7,3,3,3,3,22,22,18,18,37,18,54,46,40,32,32,32,32,32,32,32,26,25,40,32,38,38,26,46,46,44,29,36,36,36,34,34,34,36,50,50,30,32,32,0],"gold":261,"neow_bonus":"RANDOM_COMMON_RELIC","is_prod":false,"is_daily":false,"chose_seed":false,"campfire_upgraded":5,"win_rate":0,"timestamp":1545199761,"path_taken":["M","?","M","M","M","E","M","M","T","?","R","?","E","$","R","BOSS","M","M","M","?","?","R","?","R","T","?","E","?","E","M","R","BOSS","M","M","M","M","$","R","M","?","T","M","E","R","E","?","R","BOSS"],"build_version":"2018-12-13","purchased_purges":2,"victory":false,"max_hp_per_floor":[66,66,66,66,66,66,66,66,66,66,66,66,66,66,66,66,66,66,66,66,46,46,46,46,46,46,46,46,46,53,53,53,53,53,53,53,53,53,53,53,53,53,53,53,53,53,53,53,53,53],"card_choices":[{"not_picked":["Dagger Throw","Masterful Stab"],"picked":"Sucker Punch","floor":1.0},{"not_picked":["Concentrate","Flechettes"],"picked":"Backflip","floor":3.0},{"not_picked":["Deadly Poison","Bane","Infinite Blades"],"picked":"SKIP","floor":4.0},{"not_picked":["Slice","Underhanded Strike"],"picked":"Flying Knee","floor":5.0},{"not_picked":["Catalyst","Underhanded Strike"],"picked":"Crippling Poison","floor":6.0},{"not_picked":["Burst","Distraction","Dagger Throw"],"picked":"SKIP","floor":7.0},{"not_picked":["Accuracy","Choke"],"picked":"Noxious Fumes","floor":8.0},{"not_picked":["Deflect","Crippling Poison"],"picked":"PiercingWail","floor":13.0},{"not_picked":["Bullet Time","Venomology"],"picked":"A Thousand Cuts","floor":16.0},{"not_picked":["Flying Knee","Catalyst"],"picked":"Terror","floor":18.0},{"not_picked":["Catalyst","Cloak And Dagger","Blade Dance"],"picked":"SKIP","floor":19.0},{"not_picked":["Bouncing Flask+1","Dagger Throw","Expertise"],"picked":"SKIP","floor":20.0},{"not_picked":["Flechettes","Slice"],"picked":"Escape Plan","floor":27.0},{"not_picked":["Dodge and Roll","Riddle With Holes+1"],"picked":"Backflip","floor":28.0},{"not_picked":["Poisoned Stab","Deadly Poison"],"picked":"Malaise","floor":30.0},{"not_picked":["Dagger Throw","Backflip"],"picked":"Quick Slash+1","floor":31.0},{"not_picked":["Glass Knife","Grand Finale"],"picked":"Bullet Time","floor":33.0},{"not_picked":["Blade Dance","Deflect","Finisher+1"],"picked":"SKIP","floor":35.0},{"not_picked":["Dagger Throw","Slice"],"picked":"Backflip+1","floor":36.0},{"not_picked":["Doppelganger","Acrobatics","Riddle With Holes"],"picked":"SKIP","floor":37.0},{"not_picked":["Predator","Accuracy"],"picked":"Deadly Poison+1","floor":38.0},{"not_picked":["Deadly Poison+1","Prepared","Flying Knee"],"picked":"SKIP","floor":41.0},{"not_picked":["Deflect","Dagger Throw","Concentrate"],"picked":"SKIP","floor":44.0},{"not_picked":["Outmaneuver+1","Bane","Dodge and Roll"],"picked":"SKIP","floor":45.0},{"not_picked":["Deflect","Expertise","Bane"],"picked":"SKIP","floor":47.0},{"not_picked":["Bullet Time","Sucker Punch"],"picked":"Distraction","floor":48.0}],"player_experience":898735,"relics_obtained":[{"floor":6.0,"key":"Pocketwatch"},{"floor":9.0,"key":"Orichalcum"},{"floor":12.0,"key":"Mercury Hourglass"},{"floor":13.0,"key":"Dead Branch"},{"floor":22.0,"key":"The Courier"},{"floor":26.0,"key":"Meat on the Bone"},{"floor":28.0,"key":"Happy Flower"},{"floor":30.0,"key":"Strawberry"},{"floor":43.0,"key":"Ninja Scroll"},{"floor":45.0,"key":"Art of War"},{"floor":47.0,"key":"Ancient Tea Set"}],"event_choices":[{"damage_healed":0.0,"max_hp_gain":0.0,"max_hp_loss":0.0,"gold_gain":75.0,"event_name":"World of Goop","player_choice":"Gather Gold","floor":2.0,"gold_loss":0.0,"damage_taken":11.0},{"damage_healed":0.0,"max_hp_gain":0.0,"max_hp_loss":0.0,"gold_gain":0.0,"event_name":"Shining Light","player_choice":"Ignored","floor":10.0,"gold_loss":0.0,"damage_taken":0.0},{"damage_healed":0.0,"max_hp_gain":0.0,"max_hp_loss":20.0,"gold_gain":0.0,"event_name":"Vampires","player_choice":"Became a vampire","floor":21.0,"gold_loss":0.0,"damage_taken":0.0,"cards_obtained":["Bite","Bite","Bite","Bite","Bite"]},{"damage_healed":15.0,"max_hp_gain":0.0,"max_hp_loss":0.0,"gold_gain":0.0,"event_name":"The Library","player_choice":"Heal","floor":29.0,"gold_loss":0.0,"damage_taken":0.0},{"damage_healed":0.0,"max_hp_gain":0.0,"max_hp_loss":0.0,"gold_gain":0.0,"event_name":"FaceTrader","player_choice":"Trade","floor":42.0,"gold_loss":0.0,"damage_taken":0.0,"relics_obtained":["GremlinMask"]}],"is_beta":false,"boss_relics":[{"not_picked":["Snecko Eye","Ring of the Serpent"],"picked":"HoveringKite"},{"not_picked":["Velvet Choker","Lizard Tail"],"picked":"Coffee Dripper"}],"items_purged_floors":[14,39],"is_endless":false,"potions_floor_spawned":[4,7,8,13,19,20,30,33,36,38,47],"killed_by":"Awakened One","ascension_level":14}