{"gold_per_floor":[117,127,127,146,158,158,189,200,223,240,250,60,60],"floor_reached":13,"playtime":718,"items_purged":[],"score":89,"play_id":"e2dab3e5-491f-4e2b-b73d-7b2a6cb1e1b6","local_time":"20190322131134","is_ascension_mode":false,"campfire_choices":[{"data":"Zap","floor":6,"key":"SMITH"}],"neow_cost":"NONE","seed_source_timestamp":78029402177967,"circlet_count":0,"master_deck":["Strike_B","Strike_B","Strike_B","Strike_B","Defend_B","Defend_B","Defend_B","Defend_B","Zap+1","Dualcast","Undo","Rebound","Static Discharge","Thunder Strike","Coolheaded","Fusion","Turbo","Undo","Beam Cell","Loop","Auto Shields"],"relics":["Cracked Core","NeowsBlessing","Dream Catcher","Pen Nib"],"potions_floor_usage":[13,13],"damage_taken":[{"damage":0,"enemies":"Cultist","floor":1,"turns":1},{"damage":0,"enemies":"Jaw Worm","floor":2,"turns":1},{"damage":0,"enemies":"2 Louse","floor":4,"turns":1},{"damage":12,"enemies":"Exordium Thugs","floor":5,"turns":5},{"damage":17,"enemies":"3 Sentries","floor":7,"turns":6},{"damage":18,"enemies":"Gremlin Gang","floor":8,"turns":4},{"damage":4,"enemies":"Red Slaver","floor":10,"turns":4},{"damage":29,"enemies":"Exordium Thugs","floor":11,"turns":5},{"damage":33,"enemies":"Gremlin Nob","floor":13,"turns":4}],"seed_played":"2718690920134927115","potions_obtained":[{"floor":1,"key":"EssenceOfSteel"},{"floor":2,"key":"Strength Potion"},{"floor":4,"key":"FearPotion"},{"floor":10,"key":"FairyPotion"}],"is_trial":false,"path_per_floor":["M","M","$","M","M","R","E","M","T","M","M","$","E"],"character_chosen":"DEFECT","items_purchased":["Beam Cell","Loop","Auto Shields"],"campfire_rested":0,"item_purchase_floors":[12,12,12],"current_hp_per_floor":[75,75,75,75,63,63,46,28,28,24,7,7,0],"gold":60,"neow_bonus":"THREE_ENEMY_KILL","is_prod":false,"is_daily":false,"chose_seed":false,"campfire_upgraded":1,"win_rate":0.0,"timestamp":1553224294,"path_taken":["M","M","?","M","M","R","E","M","T","M","M","?","E"],"build_version":"2019-01-23","purchased_purges":0,"victory":false,"max_hp_per_floor":[75,75,75,75,75,75,75,75,75,75,75,75,75],"card_choices":[{"not_picked":["Tempest","Stack"],"picked":"Undo","floor":1},{"not_picked":["Steam","Streamline"],"picked":"Rebound","floor":2},{"not_picked":["Steam","Go for the Eyes"],"picked":"Static Discharge","floor":4},{"not_picked":["Scrape","Stack"],"picked":"Thunder Strike","floor":5},{"not_picked":["Go for the Eyes","Thunder Strike"],"picked":"Coolheaded","floor":7},{"not_picked":["Stack","Melter"],"picked":"Fusion","floor":8},{"not_picked":["Rebound","Self Repair"],"picked":"Turbo","floor":10},{"not_picked":["Turbo","Lockon"],"picked":"Undo","floor":11}],"player_experience":37309,"relics_obtained":[{"floor":7,"key":"Dream Catcher"},{"floor":9,"key":"Pen Nib"}],"event_choices":[],"is_beta":false,"boss_relics":[],"items_purged_floors":[],"is_endless":false,"potions_floor_spawned":[1,2,4,5,10],"killed_by":"Gremlin Nob","ascension_level":0}