{"gold_per_floor":[111,126,48,123,136,171,188,188,188,2,13,45,59,59,59,184,184,209,185,198,147,147,147,172,192,192,192,206,229,229,243,243,362,362,383,401,424,549,474,474,474,495,569,246,246,284,19,19,19,19],"floor_reached":51,"playtime":5628,"items_purged":["Defend_R","Strike_R","Strike_R"],"score":743,"play_id":"7f823a42-36a9-4aff-85fd-4a800883331a","local_time":"20190910030007","is_ascension_mode":false,"campfire_choices":[{"data":"Pommel Strike","floor":8,"key":"SMITH"},{"data":"Barricade","floor":15,"key":"SMITH"},{"floor":23,"key":"REST"},{"data":"Armaments","floor":30,"key":"SMITH"},{"floor":32,"key":"REST"},{"data":"Demon Form","floor":40,"key":"SMITH"},{"data":"Warcry","floor":49,"key":"SMITH"}],"neow_cost":"NONE","seed_source_timestamp":1939247325050900,"circlet_count":0,"master_deck":["Defend_R","Defend_R","Defend_R","Bash","Iron Wave","Iron Wave","Iron Wave","Pommel Strike+1","Cleave","Flex","Intimidate","Barricade+1","Pommel Strike","Shrug It Off","Clothesline","Flame Barrier","Impervious","Hemokinesis+1","Cleave+1","Impervious+1","Body Slam","Warcry+1","Armaments+1","Warcry","Body Slam+1","Body Slam","Warcry","Power Through+1","Shockwave","Demon Form+1","True Grit+1","Good Instincts","Rampage+1","Feel No Pain","Impervious","Impervious"],"relics":["Burning Blood","Torii","StoneCalendar","Bird Faced Urn","Golden Idol","Astrolabe","Meat on the Bone","Velvet Choker","Mango","Bottled Tornado","Dream Catcher"],"potions_floor_usage":[12,13,25,29,31,33,48,50],"damage_taken":[{"damage":3,"enemies":"Jaw Worm","floor":1,"turns":4},{"damage":10,"enemies":"Small Slimes","floor":2,"turns":4},{"damage":0,"enemies":"2 Louse","floor":5,"turns":2},{"damage":26,"enemies":"3 Sentries","floor":6,"turns":8},{"damage":2,"enemies":"Blue Slaver","floor":7,"turns":4},{"damage":1,"enemies":"3 Louse","floor":11,"turns":4},{"damage":18,"enemies":"Gremlin Nob","floor":12,"turns":5},{"damage":13,"enemies":"Red Slaver","floor":13,"turns":6},{"damage":15,"enemies":"Hexaghost","floor":16,"turns":16},{"damage":21,"enemies":"3 Byrds","floor":18,"turns":5},{"damage":24,"enemies":"2 Thieves","floor":19,"turns":5},{"damage":34,"enemies":"Snecko","floor":20,"turns":7},{"damage":19,"enemies":"Shelled Parasite and Fungi","floor":24,"turns":8},{"damage":11,"enemies":"3 Cultists","floor":25,"turns":7},{"damage":5,"enemies":"Cultist and Chosen","floor":28,"turns":7},{"damage":34,"enemies":"Snake Plant","floor":29,"turns":7},{"damage":21,"enemies":"Centurion and Healer","floor":31,"turns":7},{"damage":11,"enemies":"Champ","floor":33,"turns":17},{"damage":20,"enemies":"Orb Walker","floor":35,"turns":3},{"damage":24,"enemies":"3 Darklings","floor":36,"turns":7},{"damage":15,"enemies":"Transient","floor":37,"turns":5},{"damage":13,"enemies":"Mind Bloom Boss Battle","floor":38,"turns":7},{"damage":27,"enemies":"Jaw Worm Horde","floor":42,"turns":7},{"damage":3,"enemies":"Giant Head","floor":46,"turns":7},{"damage":0,"enemies":"3 Darklings","floor":48,"turns":1},{"damage":42,"enemies":"Awakened One","floor":50,"turns":12}],"seed_played":"-3867736245831302914","potions_obtained":[{"floor":1,"key":"BloodPotion"},{"floor":6,"key":"SpeedPotion"},{"floor":11,"key":"Block Potion"},{"floor":16,"key":"SteroidPotion"},{"floor":19,"key":"PowerPotion"},{"floor":29,"key":"Fruit Juice"},{"floor":31,"key":"EssenceOfSteel"},{"floor":35,"key":"SmokeBomb"},{"floor":38,"key":"FairyPotion"}],"is_trial":false,"path_per_floor":["M","M","$","?","M","E","M","R","T","$","M","E","M","?","R","B",null,"M","M","M","$","?","R","M","M","T","?","M","M","R","M","R","B",null,"M","M","M","?","$","R","?","M","T","$","?","E","$","M","R","B",null],"character_chosen":"IRONCLAD","items_purchased":["Pommel Strike","Cleave","Barricade","Pommel Strike","Armaments","Feel No Pain","Impervious","Impervious"],"campfire_rested":2,"item_purchase_floors":[3,3,10,10,21,44,44,47],"current_hp_per_floor":[80,76,76,65,71,51,55,55,55,55,60,48,63,43,43,36,80,65,49,23,23,14,38,27,24,24,24,39,30,30,29,54,51,85,71,57,60,71,71,71,71,66,66,66,66,73,73,79,79,63],"gold":19,"neow_bonus":"THREE_CARDS","is_prod":false,"is_daily":false,"chose_seed":false,"campfire_upgraded":5,"win_rate":0.0,"timestamp":1568052007,"path_taken":["M","M","$","?","M","E","M","R","T","$","M","E","M","?","R","BOSS","M","M","M","$","?","R","M","M","T","?","M","M","R","M","R","BOSS","M","M","M","?","$","R","?","M","T","?","?","E","$","?","R","BOSS"],"build_version":"2019-07-17","purchased_purges":3,"victory":true,"max_hp_per_floor":[80,80,80,80,80,80,80,80,80,80,80,80,80,80,80,80,80,80,80,80,80,80,80,80,80,80,80,80,85,85,85,85,85,85,85,85,85,99,99,99,99,99,99,99,99,99,99,99,99,99],"card_choices":[{"not_picked":["Twin Strike","Burning Pact"],"picked":"Iron Wave","floor":0},{"not_picked":["Bloodletting","Disarm"],"picked":"Iron Wave","floor":1},{"not_picked":["Warcry","Flex"],"picked":"Iron Wave","floor":2},{"not_picked":["Thunderclap","Headbutt"],"picked":"Flex","floor":5},{"not_picked":["Flex","Cleave","True Grit"],"picked":"SKIP","floor":6},{"not_picked":["Flex","Reckless Charge"],"picked":"Intimidate","floor":7},{"not_picked":["Sever Soul","Reckless Charge"],"picked":"Shrug It Off","floor":11},{"not_picked":["Reckless Charge","Feel No Pain"],"picked":"Clothesline","floor":12},{"not_picked":["Perfected Strike","Brutality"],"picked":"Flame Barrier","floor":13},{"not_picked":["Reaper","Fiend Fire"],"picked":"Impervious","floor":16},{"not_picked":["Perfected Strike","Bloodletting"],"picked":"Body Slam","floor":18},{"not_picked":["Perfected Strike","Uppercut","Cleave"],"picked":"SKIP","floor":19},{"not_picked":["Headbutt","Clash"],"picked":"Warcry","floor":20},{"not_picked":["Shrug It Off","Pommel Strike"],"picked":"Warcry","floor":24},{"not_picked":["Shrug It Off","Flex"],"picked":"Body Slam+1","floor":25},{"not_picked":["Headbutt","Uppercut"],"picked":"Warcry","floor":28},{"not_picked":["Hemokinesis","Warcry"],"picked":"Power Through+1","floor":29},{"not_picked":["Sever Soul+1","Intimidate"],"picked":"Shockwave","floor":31},{"not_picked":["Double Tap","Offering"],"picked":"Demon Form","floor":33},{"not_picked":["Iron Wave","Cleave+1","Sword Boomerang+1"],"picked":"SKIP","floor":35},{"not_picked":["Infernal Blade","Warcry"],"picked":"True Grit+1","floor":36},{"not_picked":["Double Tap","Clothesline+1","Hemokinesis"],"picked":"SKIP","floor":37},{"not_picked":["Enlightenment","Trip"],"picked":"Good Instincts","floor":41},{"not_picked":["Clothesline+1","Dropkick+1"],"picked":"Rampage+1","floor":42},{"not_picked":["Fire Breathing+1","Flame Barrier","Thunderclap"],"picked":"SKIP","floor":46}],"player_experience":2322,"relics_obtained":[{"floor":6,"key":"Torii"},{"floor":9,"key":"StoneCalendar"},{"floor":12,"key":"Bird Faced Urn"},{"floor":26,"key":"Meat on the Bone"},{"floor":38,"key":"Mango"},{"floor":43,"key":"Bottled Tornado"},{"floor":46,"key":"Dream Catcher"}],"event_choices":[{"damage_healed":0,"gold_gain":75,"player_choice":"Gather Gold","damage_taken":11,"max_hp_gain":0,"max_hp_loss":0,"event_name":"World of Goop","floor":4,"gold_loss":0},{"damage_healed":0,"gold_gain":0,"player_choice":"Take Damage","damage_taken":20,"relics_obtained":["Golden Idol"],"max_hp_gain":0,"max_hp_loss":0,"event_name":"Golden Idol","floor":14,"gold_loss":0},{"damage_healed":0,"gold_gain":0,"player_choice":"Stopped","damage_taken":9,"max_hp_gain":0,"max_hp_loss":0,"event_name":"Cursed Tome","floor":22,"gold_loss":0},{"damage_healed":0,"gold_gain":0,"player_choice":"Read","damage_taken":0,"max_hp_gain":0,"max_hp_loss":0,"event_name":"The Library","floor":27,"gold_loss":0,"cards_obtained":["Body Slam"]},{"damage_healed":0,"gold_gain":0,"player_choice":"Fight","damage_taken":0,"max_hp_gain":0,"max_hp_loss":0,"event_name":"MindBloom","floor":38,"gold_loss":0},{"damage_healed":0,"gold_gain":0,"player_choice":"Memory 1","damage_taken":0,"max_hp_gain":0,"max_hp_loss":0,"event_name":"SensoryStone","floor":41,"gold_loss":0},{"damage_healed":0,"gold_gain":0,"player_choice":"Ignored","damage_taken":0,"max_hp_gain":0,"max_hp_loss":0,"event_name":"Tomb of Lord Red Mask","floor":45,"gold_loss":0}],"is_beta":false,"boss_relics":[{"not_picked":["Calling Bell","Runic Dome"],"picked":"Astrolabe"},{"not_picked":["Sozu","Orrery"],"picked":"Velvet Choker"}],"items_purged_floors":[39,44,47],"is_endless":false,"potions_floor_spawned":[1,6,11,16,19,29,31,35,38],"ascension_level":0}