{"gold_per_floor":[109,184,200,200,200,200,238,238,290,321,333,381,412,37,37,160,160,181,201,116,129,129,129,167,167,167,167,200,221,221,221,221,324,324,344,361,361,2,16,16,69,69,119,29,49,49,49],"floor_reached":47,"playtime":2046,"items_purged":[],"score":645,"play_id":"df4d7d2c-f49c-4899-b6ca-38c91b73f8ab","local_time":"20190519185346","is_ascension_mode":true,"campfire_choices":[{"data":"Neutralize","floor":6,"key":"SMITH"},{"floor":8,"key":"REST"},{"floor":11,"key":"REST"},{"data":"Caltrops","floor":15,"key":"SMITH"},{"floor":23,"key":"REST"},{"data":"Sucker Punch","floor":25,"key":"SMITH"},{"data":"Footwork","floor":27,"key":"SMITH"},{"floor":30,"key":"REST"},{"data":"Die Die Die","floor":32,"key":"SMITH"},{"data":"Panacea","floor":40,"key":"SMITH"},{"data":"Wraith Form v2","floor":42,"key":"SMITH"},{"data":"Leg Sweep","floor":46,"key":"SMITH"}],"neow_cost":"NONE","seed_source_timestamp":23685077073800,"circlet_count":0,"master_deck":["Defend_G","Defend_G","Defend_G","Defend_G","Defend_G","Strike_G+1","Strike_G","Strike_G","Strike_G","Strike_G","Survivor","Neutralize+1","Panacea+1","Skewer","Quick Slash","Dagger Spray","Footwork+1","Distraction","Caltrops+1","Backstab","Leg Sweep+1","Die Die Die+1","Deflect","Tactician+1","RitualDagger","Sucker Punch+1","Choke+1","Dagger Throw+1","Wraith Form v2+1","Flechettes","Blur+1","Cloak And Dagger+1","Good Instincts+1","Dagger Spray+1","Footwork+1","Finisher"],"relics":["Ring of the Snake","Bloody Idol","Omamori","Regal Pillow","MawBank","PreservedInsect","Meat on the Bone","Cursed Key","Lantern","Sundial","Bottled Tornado","Ancient Tea Set","Eternal Feather","Toxic Egg 2","Thread and Needle","Bag of Preparation"],"potions_floor_usage":[12,16,24,28,29,39,41],"damage_taken":[{"damage":1,"enemies":"Cultist","floor":1,"turns":5},{"damage":1,"enemies":"Jaw Worm","floor":3,"turns":4},{"damage":26,"enemies":"Gremlin Nob","floor":7,"turns":5},{"damage":20,"enemies":"3 Sentries","floor":10,"turns":7},{"damage":5,"enemies":"Gremlin Nob","floor":12,"turns":6},{"damage":0,"enemies":"2 Louse","floor":13,"turns":1},{"damage":16,"enemies":"Hexaghost","floor":16,"turns":11},{"damage":23,"enemies":"Spheric Guardian","floor":18,"turns":6},{"damage":0,"enemies":"3 Byrds","floor":19,"turns":2},{"damage":8,"enemies":"3 Cultists","floor":21,"turns":6},{"damage":19,"enemies":"Slavers","floor":24,"turns":4},{"damage":1,"enemies":"Book of Stabbing","floor":28,"turns":5},{"damage":26,"enemies":"Sentry and Sphere","floor":29,"turns":7},{"damage":61,"enemies":"Collector","floor":33,"turns":16},{"damage":0,"enemies":"3 Shapes","floor":35,"turns":2},{"damage":24,"enemies":"3 Darklings","floor":36,"turns":6},{"damage":26,"enemies":"Jaw Worm Horde","floor":39,"turns":6},{"damage":10,"enemies":"2 Orb Walkers","floor":41,"turns":5},{"damage":4,"enemies":"Writhing Mass","floor":45,"turns":8},{"damage":72,"enemies":"Giant Head","floor":47,"turns":10}],"seed_played":"8646667779308578112","potions_obtained":[{"floor":10,"key":"Block Potion"},{"floor":12,"key":"PowerPotion"},{"floor":19,"key":"EssenceOfSteel"},{"floor":21,"key":"AttackPotion"},{"floor":24,"key":"Block Potion"},{"floor":35,"key":"Fire Potion"},{"floor":39,"key":"Swift Potion"},{"floor":41,"key":"FearPotion"},{"floor":45,"key":"SteroidPotion"}],"is_trial":false,"path_per_floor":["M","?","M","?","?","R","E","R","T","E","R","E","M","$","R","B",null,"M","M","?","M","?","R","E","R","T","R","E","M","R","?","R","B",null,"M","M","?","$","M","R","?","R","T","?","M","R","E"],"character_chosen":"THE_SILENT","items_purchased":["Backstab","Leg Sweep","Meat on the Bone","Toxic Egg 2","Cloak And Dagger+1","Good Instincts+1"],"campfire_rested":4,"item_purchase_floors":[14,14,14,38,38,38],"current_hp_per_floor":[62,51,50,50,50,50,24,45,45,25,61,56,56,56,56,40,63,40,40,40,44,38,70,51,51,51,51,50,36,70,70,70,26,59,64,45,63,63,42,60,55,70,70,70,70,70,0],"gold":49,"neow_bonus":"RANDOM_COLORLESS","is_prod":false,"is_daily":false,"chose_seed":false,"campfire_upgraded":8,"win_rate":0,"timestamp":1558256026,"path_taken":["M","?","M","?","?","R","E","R","T","E","R","E","M","?","R","BOSS","M","M","?","M","?","R","E","R","T","R","E","M","R","?","R","BOSS","M","M","?","$","M","R","?","R","T","?","?","R","E"],"build_version":"2019-01-23","purchased_purges":0,"victory":false,"max_hp_per_floor":[70,70,70,70,70,70,70,70,70,70,70,70,70,70,70,70,70,70,70,70,70,70,70,70,70,70,70,70,70,70,70,70,70,70,70,70,70,70,70,70,70,70,70,70,70,70,70],"card_choices":[{"not_picked":["Dodge and Roll","Blade Dance"],"picked":"Skewer","floor":1},{"not_picked":["Dash","Backflip"],"picked":"Quick Slash","floor":3},{"not_picked":["Underhanded Strike","Corpse Explosion"],"picked":"Dagger Spray","floor":7},{"not_picked":["All Out Attack","Outmaneuver"],"picked":"Footwork","floor":10},{"not_picked":["Dagger Spray","Calculated Gamble"],"picked":"Distraction","floor":12},{"not_picked":["Deadly Poison","Blur"],"picked":"Caltrops","floor":13},{"not_picked":["Doppelganger","Venomology"],"picked":"Die Die Die","floor":16},{"not_picked":["Terror+1","Caltrops","Blade Dance"],"picked":"SKIP","floor":18},{"not_picked":["Distraction","Dodge and Roll"],"picked":"Deflect","floor":19},{"not_picked":["Choke","Underhanded Strike"],"picked":"Tactician+1","floor":21},{"not_picked":["Flying Knee","A Thousand Cuts"],"picked":"Sucker Punch","floor":24},{"not_picked":["Sucker Punch","Blade Dance"],"picked":"Choke+1","floor":28},{"not_picked":["Predator","Masterful Stab+1"],"picked":"Dagger Throw+1","floor":29},{"not_picked":["A Thousand Cuts","Glass Knife"],"picked":"Wraith Form v2","floor":33},{"not_picked":["Bane+1","Underhanded Strike"],"picked":"Flechettes","floor":35},{"not_picked":["Dagger Spray","Quick Slash"],"picked":"Blur+1","floor":36},{"not_picked":["Concentrate+1","Blade Dance+1"],"picked":"Dagger Spray+1","floor":39},{"not_picked":["Crippling Poison+1","Outmaneuver+1"],"picked":"Footwork+1","floor":41},{"not_picked":["Well Laid Plans","Outmaneuver+1"],"picked":"Finisher","floor":45}],"player_experience":665116,"relics_obtained":[{"floor":7,"key":"Omamori"},{"floor":9,"key":"Regal Pillow"},{"floor":10,"key":"MawBank"},{"floor":12,"key":"PreservedInsect"},{"floor":24,"key":"Sundial"},{"floor":26,"key":"Bottled Tornado"},{"floor":28,"key":"Ancient Tea Set"},{"floor":41,"key":"Thread and Needle"},{"floor":43,"key":"Bag of Preparation"}],"event_choices":[{"damage_healed":0,"gold_gain":75,"player_choice":"Gather Gold","damage_taken":11,"max_hp_gain":0,"max_hp_loss":0,"event_name":"World of Goop","floor":2,"gold_loss":0},{"damage_healed":0,"gold_gain":0,"player_choice":"Take Wound","damage_taken":0,"relics_obtained":["Golden Idol"],"max_hp_gain":0,"max_hp_loss":0,"event_name":"Golden Idol","floor":4,"gold_loss":0,"cards_obtained":["Injury"]},{"cards_removed":["Injury"],"damage_healed":0,"gold_gain":0,"player_choice":"Forget","damage_taken":0,"max_hp_gain":0,"max_hp_loss":0,"event_name":"Living Wall","floor":5,"gold_loss":0},{"damage_healed":0,"gold_gain":0,"player_choice":"Obtained Relic","damage_taken":0,"relics_obtained":["Lantern"],"max_hp_gain":0,"max_hp_loss":0,"event_name":"Addict","floor":20,"gold_loss":85},{"damage_healed":0,"gold_gain":0,"player_choice":"Joined the Cult","damage_taken":6,"max_hp_gain":0,"max_hp_loss":0,"event_name":"Nest","floor":22,"gold_loss":0,"cards_obtained":["RitualDagger"]},{"damage_healed":0,"gold_gain":0,"player_choice":"Gave Idol","damage_taken":0,"relics_obtained":["Bloody Idol"],"max_hp_gain":0,"max_hp_loss":0,"event_name":"Forgotten Altar","floor":31,"relics_lost":["Golden Idol"],"gold_loss":0},{"damage_healed":18,"gold_gain":0,"player_choice":"Writhe","damage_taken":0,"max_hp_gain":0,"max_hp_loss":0,"event_name":"Winding Halls","floor":37,"gold_loss":0,"cards_obtained":["Writhe"]},{"damage_healed":0,"gold_gain":0,"player_choice":"Fight","damage_taken":0,"max_hp_gain":0,"max_hp_loss":0,"event_name":"Mysterious Sphere","floor":41,"gold_loss":0},{"cards_removed":["Clumsy"],"damage_healed":0,"gold_gain":0,"player_choice":"Upgrade and Remove","damage_taken":0,"max_hp_gain":0,"max_hp_loss":0,"event_name":"Designer","floor":44,"gold_loss":90,"cards_upgraded":["Strike_G"]}],"is_beta":false,"boss_relics":[{"not_picked":["Lizard Tail","Sozu"],"picked":"Cursed Key"},{"not_picked":["Pandora\u0027s Box","Runic Pyramid"],"picked":"Eternal Feather"}],"items_purged_floors":[],"is_endless":false,"potions_floor_spawned":[10,12,19,21,24,35,39,41,45],"killed_by":"Giant Head","ascension_level":6}