{"gold_per_floor":[117,117,48,48,48,48,64,64,64,105,129,129,153,171,171,295,295,313,110,110,134,148,148,192,208,208,239,164,182,182,226,226,350,350,366,385,401,414,73,113,113,173,173,173,193,193,193,208,208,208],"floor_reached":51,"playtime":2363,"items_purged":["Pain"],"score":1026,"play_id":"0abd1d9f-a7c5-44fc-85c3-7d401bb79b5d","local_time":"20180801182748","is_ascension_mode":true,"campfire_choices":[{"data":"1","floor":6,"key":"LIFT"},{"data":"2","floor":12,"key":"LIFT"},{"data":"3","floor":15,"key":"LIFT"},{"data":"Inflame","floor":23,"key":"SMITH"},{"data":"True Grit","floor":30,"key":"SMITH"},{"data":"Flame Barrier","floor":32,"key":"SMITH"},{"data":"Heavy Blade","floor":41,"key":"SMITH"},{"data":"Heavy Blade","floor":44,"key":"SMITH"},{"data":"Second Wind","floor":49,"key":"SMITH"}],"neow_cost":"NONE","seed_source_timestamp":1810122044131339,"circlet_count":0,"master_deck":["Strike_R","Strike_R","Strike_R","Strike_R","Strike_R","Defend_R","Defend_R","Defend_R","Defend_R+1","Bash+1","Perfected Strike+1","Battle Trance","Twin Strike","Inflame+1","Sword Boomerang","Shrug It Off","Power Through","Impervious+1","Flame Barrier+1","Uppercut","Heavy Blade+1","Pommel Strike","Body Slam+1","Second Wind+1","True Grit+1","Berserk","Heavy Blade+1","Shockwave+1","Heavy Blade+1","Perfected Strike+1","Heavy Blade+1","Inflame+1","Dropkick+1","Pummel+1","Enlightenment+1","Heavy Blade+1"],"relics":["Burning Blood","NeowsBlessing","Girya","Golden Idol","Ornamental Fan","Bottled Lightning","Cursed Key","HandDrill","Gremlin Horn","StoneCalendar","Dream Catcher","Omamori","Vajra","Runic Pyramid","War Paint","Ancient Tea Set","Dodecahedron","Sundial","Molten Egg 2"],"potions_floor_usage":[14,24,27,33,33,50,50],"damage_taken":[{"damage":0,"enemies":"Jaw Worm","floor":1,"turns":1},{"damage":0,"enemies":"Cultist","floor":7,"turns":1},{"damage":0,"enemies":"Gremlin Nob","floor":10,"turns":1},{"damage":1,"enemies":"2 Louse","floor":11,"turns":2},{"damage":8,"enemies":"2 Fungi Beasts","floor":13,"turns":3},{"damage":16,"enemies":"Lots of Slimes","floor":14,"turns":4},{"damage":12,"enemies":"Slime Boss","floor":16,"turns":7},{"damage":4,"enemies":"3 Byrds","floor":18,"turns":4},{"damage":0,"enemies":"2 Thieves","floor":21,"turns":3},{"damage":23,"enemies":"Centurion and Healer","floor":22,"turns":4},{"damage":12,"enemies":"Slavers","floor":24,"turns":4},{"damage":0,"enemies":"Slaver and Parasite","floor":25,"turns":2},{"damage":6,"enemies":"Book of Stabbing","floor":27,"turns":3},{"damage":0,"enemies":"Cultist and Chosen","floor":29,"turns":4},{"damage":17,"enemies":"Slavers","floor":31,"turns":4},{"damage":39,"enemies":"Collector","floor":33,"turns":4},{"damage":0,"enemies":"Flame Bruiser 1 Orb","floor":35,"turns":3},{"damage":0,"enemies":"3 Shapes","floor":36,"turns":2},{"damage":2,"enemies":"Sphere and 2 Shapes","floor":37,"turns":5},{"damage":16,"enemies":"Transient","floor":38,"turns":5},{"damage":8,"enemies":"Nemesis","floor":40,"turns":5},{"damage":4,"floor":42,"turns":3},{"damage":0,"enemies":"Flame Bruiser 2 Orb","floor":45,"turns":2},{"damage":7,"enemies":"Maw","floor":48,"turns":4},{"damage":48,"enemies":"Time Eater","floor":50,"turns":5}],"seed_played":"7161418373897633444","potions_obtained":[{"floor":7,"key":"LiquidBronze"},{"floor":10,"key":"FearPotion"},{"floor":11,"key":"SkillPotion"},{"floor":18,"key":"Fire Potion"},{"floor":24,"key":"Explosive Potion"},{"floor":25,"key":"Weak Potion"},{"floor":33,"key":"FearPotion"},{"floor":38,"key":"FairyPotion"},{"floor":40,"key":"FearPotion"}],"is_trial":false,"path_per_floor":["M","?","$","?","?","R","M","?","T","E","M","R","M","M","R","B",null,"M","$","?","M","M","R","E","M","T","E","$","M","R","E","R","B",null,"M","M","M","M","$","E","R","?","T","R","M","?","?","M","R","B"],"character_chosen":"IRONCLAD","items_purchased":["Battle Trance","HandDrill","War Paint","Heavy Blade","Ancient Tea Set"],"campfire_rested":0,"item_purchase_floors":[3,19,39,39,39],"current_hp_per_floor":[78,66,66,66,66,66,72,72,72,74,74,74,72,62,62,56,70,72,72,72,74,57,57,51,57,57,57,57,63,63,52,52,19,60,66,72,74,64,64,62,62,64,64,64,70,70,70,69,69,27],"gold":208,"neow_bonus":"THREE_ENEMY_KILL","is_prod":false,"is_daily":false,"chose_seed":false,"campfire_upgraded":6,"win_rate":0,"timestamp":1533162468,"path_taken":["M","?","$","?","?","R","M","?","T","E","M","R","M","M","R","BOSS","M","$","?","M","M","R","E","M","T","E","$","M","R","E","R","BOSS","M","?","M","M","$","E","R","?","T","R","?","?","?","M","R","BOSS"],"build_version":"2018-07-26","purchased_purges":1,"victory":true,"max_hp_per_floor":[80,80,80,80,80,80,80,74,74,74,74,74,74,74,74,74,74,74,74,74,74,74,74,74,74,74,74,74,74,74,74,74,74,74,74,74,74,74,74,74,74,74,74,74,74,74,74,74,74,74],"card_choices":[{"not_picked":["Sword Boomerang","Seeing Red"],"picked":"Perfected Strike","floor":1},{"not_picked":["Dual Wield","Warcry"],"picked":"Twin Strike","floor":7},{"not_picked":["Shrug It Off","Clothesline"],"picked":"Inflame","floor":10},{"not_picked":["Anger","Dark Embrace"],"picked":"Sword Boomerang","floor":11},{"not_picked":["Searing Blow","Evolve"],"picked":"Shrug It Off","floor":13},{"not_picked":["Corruption","Iron Wave"],"picked":"Power Through","floor":14},{"not_picked":["Juggernaut","Fiend Fire"],"picked":"Impervious","floor":16},{"not_picked":["Feel No Pain","Headbutt+1"],"picked":"Flame Barrier","floor":18},{"not_picked":["True Grit","Power Through"],"picked":"Uppercut","floor":21},{"not_picked":["Burning Pact","Armaments"],"picked":"Heavy Blade+1","floor":22},{"not_picked":["Combust","Headbutt+1"],"picked":"Pommel Strike","floor":24},{"not_picked":["Fire Breathing","Carnage"],"picked":"Body Slam+1","floor":25},{"not_picked":["Perfected Strike","Bloodletting"],"picked":"Second Wind","floor":27},{"not_picked":["Rupture","Bloodletting"],"picked":"True Grit","floor":29},{"not_picked":["Hemokinesis","Havoc","Feed"],"picked":"SKIP","floor":31},{"not_picked":["Fiend Fire","Offering"],"picked":"Berserk","floor":33},{"not_picked":["Warcry+1","Sentinel+1"],"picked":"Heavy Blade","floor":35},{"not_picked":["Anger+1","Reckless Charge"],"picked":"Shockwave+1","floor":36},{"not_picked":["Perfected Strike+1","Inflame+1"],"picked":"Heavy Blade+1","floor":37},{"not_picked":["Exhume","Havoc+1"],"picked":"Perfected Strike+1","floor":38},{"not_picked":["Disarm+1","Thunderclap"],"picked":"Inflame+1","floor":40},{"not_picked":["Spot Weakness","Infernal Blade"],"picked":"Dropkick+1","floor":42},{"not_picked":["Thunderclap+1","Clothesline+1"],"picked":"Pummel+1","floor":45},{"not_picked":["Dramatic Entrance+1","Finesse"],"picked":"Enlightenment","floor":46},{"not_picked":["Second Wind","Pummel+1"],"picked":"Heavy Blade+1","floor":48}],"player_experience":338276,"relics_obtained":[{"floor":9,"key":"Ornamental Fan"},{"floor":10,"key":"Bottled Lightning"},{"floor":24,"key":"StoneCalendar"},{"floor":26,"key":"Dream Catcher"},{"floor":27,"key":"Omamori"},{"floor":31,"key":"Vajra"},{"floor":40,"key":"Dodecahedron"},{"floor":42,"key":"Sundial"},{"floor":43,"key":"Molten Egg 2"}],"event_choices":[{"event_name":"Scrap Ooze","player_choice":"success","floor":2,"damage_taken":12},{"event_name":"Living Wall","player_choice":"Grow","floor":4,"damage_taken":0},{"event_name":"Upgrade Shrine","player_choice":"Upgraded","floor":5,"damage_taken":0},{"event_name":"Golden Idol","player_choice":"Lose Max HP","floor":8,"damage_taken":0},{"event_name":"The Mausoleum","player_choice":"Yes","floor":20,"damage_taken":0},{"event_name":"Mysterious Sphere","player_choice":"Fight","floor":42,"damage_taken":0},{"event_name":"SensoryStone","player_choice":"Memory 1","floor":46,"damage_taken":0},{"event_name":"Accursed Blacksmith","player_choice":"Forge","floor":47,"damage_taken":0}],"is_beta":false,"boss_relics":[{"not_picked":["Runic Dome","Lizard Tail"],"picked":"Cursed Key"},{"not_picked":["Snecko Eye","Pandora\u0027s Box"],"picked":"Runic Pyramid"}],"items_purged_floors":[28],"is_endless":false,"potions_floor_spawned":[7,10,11,18,24,25,33,38,40,48],"ascension_level":6}