{"gold_per_floor":[110,75,93,40,40,76,76,119,119,119,119,140,180,30,30,30],"floor_reached":16,"playtime":915,"items_purged":[],"score":186,"play_id":"6d2feb24-20b6-46db-9c4b-74dd2172b9fc","local_time":"20190702171747","is_ascension_mode":true,"campfire_choices":[{"data":"Neutralize","floor":7,"key":"SMITH"},{"floor":10,"key":"REST"},{"data":"1","floor":15,"key":"LIFT"}],"neow_cost":"NONE","seed_source_timestamp":8202175043161,"circlet_count":0,"master_deck":["AscendersBane","Strike_G","Strike_G","Strike_G","Strike_G","Strike_G","Defend_G","Defend_G","Defend_G","Defend_G","Defend_G","Survivor","Neutralize+1","Quick Slash","Cloak And Dagger+1","Cloak And Dagger","Deadly Poison","Backflip","Leg Sweep","Poisoned Stab"],"relics":["Black Star","Golden Idol","Calipers","Omamori","Anchor","PreservedInsect","Girya","Centennial Puzzle","Strawberry","Bag of Marbles"],"potions_floor_usage":[6,16],"damage_taken":[{"damage":11,"enemies":"Small Slimes","floor":1,"turns":5},{"damage":3,"enemies":"Cultist","floor":3,"turns":4},{"damage":14,"enemies":"3 Sentries","floor":6,"turns":14},{"damage":21,"enemies":"Lagavulin","floor":8,"turns":9},{"damage":0,"enemies":"Jaw Worm","floor":12,"turns":4},{"damage":11,"enemies":"3 Sentries","floor":13,"turns":9},{"damage":45,"enemies":"Slime Boss","floor":16,"turns":10}],"seed_played":"-3025187572451892331","potions_obtained":[{"floor":3,"key":"SkillPotion"},{"floor":13,"key":"PowerPotion"}],"is_trial":false,"path_per_floor":["M","?","M","$","?","E","R","E","T","R","?","M","E","$","R","B"],"character_chosen":"THE_SILENT","items_purchased":["Cloak And Dagger","Bag of Marbles"],"campfire_rested":1,"item_purchase_floors":[4,14],"current_hp_per_floor":[52,69,66,66,65,51,51,30,30,49,49,49,45,45,45,0],"gold":30,"neow_bonus":"BOSS_RELIC","is_prod":false,"is_daily":false,"chose_seed":false,"campfire_upgraded":1,"win_rate":0,"timestamp":1562051867,"path_taken":["M","?","M","$","?","E","R","E","T","R","?","?","E","?","R","BOSS"],"build_version":"2019-07-01","purchased_purges":0,"victory":false,"max_hp_per_floor":[70,70,70,70,65,65,65,65,65,65,65,65,72,72,72,72],"card_choices":[{"not_picked":["Endless Agony","Dodge and Roll"],"picked":"Quick Slash","floor":1},{"not_picked":["Setup","Acrobatics"],"picked":"Cloak And Dagger","floor":3},{"not_picked":["Bane","Calculated Gamble"],"picked":"Deadly Poison","floor":6},{"not_picked":["Prepared","Underhanded Strike"],"picked":"Backflip","floor":8},{"not_picked":["Deflect","All Out Attack"],"picked":"Leg Sweep","floor":12},{"not_picked":["Prepared","Choke"],"picked":"Poisoned Stab","floor":13}],"player_experience":892483,"relics_obtained":[{"floor":6,"key":"Calipers"},{"floor":6,"key":"Omamori"},{"floor":8,"key":"Anchor"},{"floor":8,"key":"PreservedInsect"},{"floor":9,"key":"Girya"},{"floor":13,"key":"Centennial Puzzle"},{"floor":13,"key":"Strawberry"}],"event_choices":[{"damage_healed":17,"gold_gain":0,"player_choice":"Healed","damage_taken":0,"max_hp_gain":0,"max_hp_loss":0,"event_name":"The Cleric","floor":2,"gold_loss":35},{"damage_healed":0,"gold_gain":0,"player_choice":"Lose Max HP","damage_taken":0,"relics_obtained":["Golden Idol"],"max_hp_gain":0,"max_hp_loss":5,"event_name":"Golden Idol","floor":5,"gold_loss":0},{"damage_healed":0,"gold_gain":0,"player_choice":"Forge","damage_taken":0,"max_hp_gain":0,"max_hp_loss":0,"event_name":"Accursed Blacksmith","floor":11,"gold_loss":0,"cards_upgraded":["Cloak And Dagger"]}],"is_beta":false,"boss_relics":[],"items_purged_floors":[],"is_endless":false,"potions_floor_spawned":[3,13],"killed_by":"Slime Boss","ascension_level":12}