{"gold_per_floor":[165,182,71,85,100,100,116,116,169,203,203,203,222,241,241,241],"floor_reached":16,"playtime":3594,"items_purged":["Strike_G"],"score":161,"play_id":"4408ceb8-346a-41ca-96c5-c8337d734fea","local_time":"20181123131539","is_ascension_mode":true,"campfire_choices":[{"data":"Footwork","floor":6,"key":"SMITH"},{"data":"Deflect","floor":8,"key":"SMITH"},{"floor":11,"key":"REST"},{"floor":15,"key":"REST"}],"neow_cost":"NONE","seed_source_timestamp":402141355471566,"circlet_count":0,"master_deck":["AscendersBane","Defend_G","Defend_G","Defend_G","Defend_G","Defend_G","Strike_G","Strike_G","Strike_G","Survivor+1","Neutralize","Cloak And Dagger","Quick Slash","Calculated Gamble","Footwork+1","Escape Plan","Deflect+1","Adrenaline","Predator"],"relics":["Tiny House","Lantern","Singing Bowl"],"potions_floor_usage":[5,7,10,16],"damage_taken":[{"damage":5,"enemies":"2 Louse","floor":1,"turns":5},{"damage":7,"enemies":"Jaw Worm","floor":2,"turns":4},{"damage":1,"enemies":"Small Slimes","floor":4,"turns":4},{"damage":8,"enemies":"Exordium Wildlife","floor":5,"turns":6},{"damage":0,"enemies":"Looter","floor":7,"turns":4},{"damage":39,"enemies":"Lagavulin","floor":10,"turns":13},{"damage":10,"enemies":"Gremlin Gang","floor":13,"turns":10},{"damage":0,"enemies":"3 Louse","floor":14,"turns":4},{"damage":45,"enemies":"Slime Boss","floor":16,"turns":13}],"seed_played":"-4881637133291293662","potions_obtained":[{"floor":0,"key":"SkillPotion"},{"floor":4,"key":"Explosive Potion"},{"floor":5,"key":"EssenceOfSteel"},{"floor":13,"key":"Weak Potion"}],"is_trial":false,"path_per_floor":["M","M","$","M","M","R","M","R","T","E","R","?","M","M","R","B"],"character_chosen":"THE_SILENT","items_purchased":["Footwork"],"campfire_rested":2,"item_purchase_floors":[3],"current_hp_per_floor":[63,56,56,55,47,47,47,47,47,8,30,23,13,15,38,0],"gold":241,"neow_bonus":"BOSS_RELIC","is_prod":false,"is_daily":false,"chose_seed":false,"campfire_upgraded":2,"win_rate":0,"timestamp":1542996939,"path_taken":["M","M","$","M","M","R","M","R","T","E","R","?","M","M","R","BOSS"],"build_version":"2018-11-15","purchased_purges":1,"victory":false,"max_hp_per_floor":[75,75,75,75,75,75,75,75,75,75,75,75,75,77,77,77],"card_choices":[{"not_picked":["Acrobatics","Terror"],"picked":"Cloak And Dagger","floor":0},{"not_picked":["Dagger Spray","Sucker Punch"],"picked":"Quick Slash","floor":1},{"not_picked":["Cloak And Dagger","Quick Slash"],"picked":"Calculated Gamble","floor":2},{"not_picked":["Deflect","Dagger Spray"],"picked":"Escape Plan","floor":4},{"not_picked":["Concentrate","Slice"],"picked":"Deflect","floor":5},{"not_picked":["Catalyst","Poisoned Stab","Blade Dance"],"picked":"SKIP","floor":7},{"not_picked":["Catalyst","Dodge and Roll"],"picked":"Adrenaline","floor":10},{"not_picked":["Slice","Infinite Blades"],"picked":"Predator","floor":13},{"not_picked":["Quick Slash","Bane","Slice"],"picked":"Singing Bowl","floor":14}],"player_experience":693663,"relics_obtained":[{"floor":9,"key":"Lantern"},{"floor":10,"key":"Singing Bowl"}],"event_choices":[{"cards_removed":["Strike_G"],"damage_healed":0,"gold_gain":0,"player_choice":"Card Removal","damage_taken":7,"max_hp_gain":0,"max_hp_loss":0,"event_name":"Golden Wing","floor":12,"gold_loss":0}],"is_beta":false,"boss_relics":[],"items_purged_floors":[3],"is_endless":false,"potions_floor_spawned":[4,5,13],"killed_by":"Slime Boss","ascension_level":11}