{"gold_per_floor":[116,131,142,160,235,235,260,272,272,286,286,313,313,324,324,398,398,413,148,161,161,176,176,176],"floor_reached":24,"playtime":2006,"items_purged":[],"score":399,"play_id":"ebfb8adc-db68-42c9-884b-d6ab398f00ee","local_time":"20190531002556","is_ascension_mode":true,"campfire_choices":[{"data":"Perfected Strike","floor":6.0,"key":"SMITH"},{"floor":11.0,"key":"REST"},{"data":"Cleave","floor":15.0,"key":"SMITH"},{"data":"Corruption","floor":23.0,"key":"SMITH"}],"neow_cost":"NONE","seed_source_timestamp":963605332925208,"circlet_count":0,"master_deck":["AscendersBane","Strike_R","Strike_R","Strike_R","Strike_R","Defend_R","Defend_R","Defend_R","Defend_R","Bash+1","Thunderclap","Flame Barrier","Perfected Strike+1","Shockwave","Cleave+1","Corruption+1","Shrug It Off","Shrug It Off","Offering","Armaments","Rage","Twin Strike","Reaper","Wild Strike+1"],"special_seed":0,"relics":["Burning Blood","Smiling Mask","Mercury Hourglass","Boot","Black Star","Blood Vial"],"potions_floor_usage":[],"damage_taken":[{"damage":7.0,"enemies":"Jaw Worm","floor":1.0,"turns":3.0},{"damage":7.0,"enemies":"Small Slimes","floor":2.0,"turns":3.0},{"damage":1.0,"enemies":"Cultist","floor":3.0,"turns":4.0},{"damage":10.0,"enemies":"2 Fungi Beasts","floor":4.0,"turns":4.0},{"damage":24.0,"enemies":"Gremlin Nob","floor":7.0,"turns":4.0},{"damage":11.0,"enemies":"Looter","floor":8.0,"turns":3.0},{"damage":16.0,"enemies":"Large Slime","floor":10.0,"turns":5.0},{"damage":10.0,"enemies":"Lagavulin","floor":12.0,"turns":5.0},{"damage":4.0,"enemies":"Exordium Thugs","floor":14.0,"turns":3.0},{"damage":32.0,"enemies":"Slime Boss","floor":16.0,"turns":9.0},{"damage":0.0,"enemies":"3 Byrds","floor":18.0,"turns":4.0},{"damage":16.0,"enemies":"2 Thieves","floor":20.0,"turns":2.0},{"damage":22.0,"enemies":"Snecko","floor":22.0,"turns":5.0},{"damage":60,"enemies":"Book of Stabbing","floor":24,"turns":6}],"seed_played":"-8183093725897598214","potions_obtained":[{"floor":1.0,"key":"GamblersBrew"},{"floor":4.0,"key":"Ancient Potion"},{"floor":7.0,"key":"GamblersBrew"},{"floor":14.0,"key":"GamblersBrew"},{"floor":16.0,"key":"Explosive Potion"},{"floor":18.0,"key":"AttackPotion"},{"floor":20.0,"key":"Energy Potion"}],"is_trial":false,"path_per_floor":["M","M","M","M","?","R","E","M","T","M","R","E","?","M","R","B",null,"M","$","M","?","M","R","E"],"character_chosen":"IRONCLAD","items_purchased":["Blood Vial","Rage","Twin Strike"],"campfire_rested":1,"item_purchase_floors":[19,19,19],"current_hp_per_floor":[67,66,71,67,56,56,38,33,33,23,45,41,41,43,43,17,61,67,67,59,59,51,51,0],"gold":176,"neow_bonus":"UPGRADE_CARD","is_prod":false,"is_daily":false,"chose_seed":false,"campfire_upgraded":3,"win_rate":0,"timestamp":1559276756,"path_taken":["M","M","M","M","?","R","E","M","T","M","R","E","?","M","R","BOSS","M","$","?","?","M","R","E"],"build_version":"2019-01-23","purchased_purges":0,"victory":false,"max_hp_per_floor":[75,75,75,75,75,75,75,75,75,75,75,75,75,75,75,75,75,75,75,75,75,75,75,75],"card_choices":[{"not_picked":["Rupture","Flex"],"picked":"Thunderclap","floor":1.0},{"not_picked":["Rage","Battle Trance"],"picked":"Flame Barrier","floor":2.0},{"not_picked":["Armaments","Thunderclap"],"picked":"Perfected Strike","floor":3.0},{"not_picked":["Spot Weakness","Searing Blow"],"picked":"Shockwave","floor":4.0},{"not_picked":["Rampage","Flame Barrier"],"picked":"Cleave","floor":7.0},{"not_picked":["Rupture","Sentinel","Feel No Pain"],"picked":"SKIP","floor":8.0},{"not_picked":["Sword Boomerang","Searing Blow"],"picked":"Corruption","floor":10.0},{"not_picked":["Second Wind","Iron Wave"],"picked":"Shrug It Off","floor":12.0},{"not_picked":["Sword Boomerang","Iron Wave"],"picked":"Shrug It Off","floor":14.0},{"not_picked":["Berserk","Limit Break"],"picked":"Offering","floor":16.0},{"not_picked":["Headbutt","Warcry"],"picked":"Armaments","floor":18.0},{"not_picked":["Heavy Blade","Entrench"],"picked":"Reaper","floor":20.0},{"not_picked":["Battle Trance","Reckless Charge"],"picked":"Wild Strike+1","floor":22.0}],"player_experience":1583693,"relics_obtained":[{"floor":7.0,"key":"Smiling Mask"},{"floor":9.0,"key":"Mercury Hourglass"},{"floor":12.0,"key":"Boot"}],"event_choices":[{"damage_healed":0.0,"max_hp_gain":0.0,"max_hp_loss":0.0,"gold_gain":75.0,"event_name":"World of Goop","player_choice":"Gather Gold","floor":5.0,"gold_loss":0.0,"damage_taken":11.0},{"cards_removed":["Strike_R"],"damage_healed":0.0,"max_hp_gain":0.0,"max_hp_loss":0.0,"gold_gain":0.0,"event_name":"Wheel of Change","player_choice":"Card Removal","floor":13.0,"gold_loss":0.0,"damage_taken":0.0},{"damage_healed":0.0,"max_hp_gain":0.0,"max_hp_loss":0.0,"gold_gain":0.0,"event_name":"Beggar","player_choice":"Ignored","floor":21.0,"gold_loss":0.0,"damage_taken":0.0}],"is_beta":false,"boss_relics":[{"not_picked":["Velvet Choker","Runic Pyramid"],"picked":"Black Star"}],"items_purged_floors":[],"is_endless":false,"potions_floor_spawned":[1,4,7,14,16,18,20],"killed_by":"Book of Stabbing","ascension_level":18}