{"gold_per_floor":[115,115,115,130,150,150,165,67,117,117,131,131,169,169,169,169],"floor_reached":16,"playtime":1379,"items_purged":[],"score":100,"play_id":"f947226d-4895-4c93-ab7e-56beff0c3f87","local_time":"20190902171446","is_ascension_mode":false,"campfire_choices":[{"data":"Bash","floor":6,"key":"SMITH"},{"data":"Body Slam","floor":10,"key":"SMITH"},{"data":"Armaments","floor":12,"key":"SMITH"},{"floor":15,"key":"REST"}],"neow_cost":"NONE","seed_source_timestamp":32399515806300,"circlet_count":0,"master_deck":["Strike_R","Strike_R","Strike_R","Strike_R","Strike_R","Defend_R","Defend_R","Defend_R","Defend_R","Bash+1","Limit Break","Heavy Blade","Shrug It Off","Armaments+1","Shrug It Off","Body Slam+1","True Grit"],"relics":["Burning Blood","Golden Idol","Anchor","Centennial Puzzle"],"potions_floor_usage":[13],"damage_taken":[{"damage":6,"enemies":"Small Slimes","floor":1,"turns":5},{"damage":1,"enemies":"Jaw Worm","floor":4,"turns":3},{"damage":0,"enemies":"Cultist","floor":5,"turns":3},{"damage":22,"enemies":"Lots of Slimes","floor":7,"turns":6},{"damage":5,"enemies":"Looter","floor":11,"turns":3},{"damage":23,"enemies":"Lagavulin","floor":13,"turns":12},{"damage":72,"enemies":"Slime Boss","floor":16,"turns":10}],"seed_played":"-7489086115113209168","potions_obtained":[{"floor":5,"key":"Ancient Potion"},{"floor":7,"key":"Ancient Potion"},{"floor":11,"key":"Ancient Potion"},{"floor":13,"key":"Energy Potion"}],"is_trial":false,"path_per_floor":["M","?","?","M","M","R","M","$","T","R","M","R","E","?","R","B"],"character_chosen":"IRONCLAD","items_purchased":["Shrug It Off","Body Slam"],"campfire_rested":1,"item_purchase_floors":[8,8],"current_hp_per_floor":[80,85,64,69,75,75,59,59,59,59,60,60,43,43,68,0],"gold":169,"neow_bonus":"ONE_RANDOM_RARE_CARD","is_prod":false,"is_daily":false,"chose_seed":false,"campfire_upgraded":3,"win_rate":0,"timestamp":1567440886,"path_taken":["M","?","?","M","?","R","?","?","T","R","M","R","E","?","R","BOSS"],"build_version":"2019-07-17","purchased_purges":0,"victory":false,"max_hp_per_floor":[80,85,85,85,85,85,85,85,85,85,85,85,85,85,85,85],"card_choices":[{"not_picked":["Thunderclap","Flex"],"picked":"Heavy Blade","floor":1},{"not_picked":["Headbutt","Sever Soul"],"picked":"Shrug It Off","floor":4},{"not_picked":["Sentinel","Burning Pact","Reckless Charge"],"picked":"SKIP","floor":5},{"not_picked":["Double Tap","Havoc"],"picked":"Armaments","floor":7},{"not_picked":["Headbutt","Perfected Strike","Burning Pact"],"picked":"SKIP","floor":11},{"not_picked":["Infernal Blade","Seeing Red"],"picked":"True Grit","floor":13}],"player_experience":137494,"relics_obtained":[{"floor":9,"key":"Anchor"},{"floor":13,"key":"Centennial Puzzle"}],"event_choices":[{"damage_healed":0,"gold_gain":0,"player_choice":"Donut","damage_taken":0,"max_hp_gain":5,"max_hp_loss":0,"event_name":"Big Fish","floor":2,"gold_loss":0},{"damage_healed":0,"gold_gain":0,"player_choice":"Take Damage","damage_taken":21,"relics_obtained":["Golden Idol"],"max_hp_gain":0,"max_hp_loss":0,"event_name":"Golden Idol","floor":3,"gold_loss":0},{"damage_healed":0,"gold_gain":0,"player_choice":"Fled","damage_taken":0,"max_hp_gain":0,"max_hp_loss":0,"event_name":"Scrap Ooze","floor":14,"gold_loss":0}],"is_beta":false,"boss_relics":[],"items_purged_floors":[],"is_endless":false,"potions_floor_spawned":[5,7,11,13],"killed_by":"Slime Boss","ascension_level":0}