{"gold_per_floor":[19,38,38,55,75,75,75,110,110,129,129,54,54,86,86,183,183,196,196,216,216],"floor_reached":21,"playtime":971,"items_purged":["Strike_B"],"score":302,"play_id":"0b702595-9ef8-4e6d-9343-475db35c043f","local_time":"20181208134415","is_ascension_mode":true,"campfire_choices":[{"data":"Loop","floor":6,"key":"SMITH"},{"floor":11,"key":"REST"},{"data":"Barrage","floor":13,"key":"SMITH"},{"data":"White Noise","floor":15,"key":"SMITH"}],"neow_cost":"NO_GOLD","seed_source_timestamp":390077231451399,"circlet_count":0,"master_deck":["AscendersBane","Defend_B","Defend_B","Defend_B","Defend_B","Zap","Dualcast","Force Field","Blizzard","Conserve Battery","Loop+1","Cold Snap","Darkness","Coolheaded","Barrage+1","White Noise+1","Seek","Compile Driver","Coolheaded"],"relics":["Cracked Core","Kunai","Darkstone Periapt","Prayer Wheel","Sozu"],"potions_floor_usage":[5,16],"damage_taken":[{"damage":8,"enemies":"Jaw Worm","floor":1,"turns":4},{"damage":4,"enemies":"2 Louse","floor":2,"turns":3},{"damage":6,"enemies":"Small Slimes","floor":4,"turns":4},{"damage":1,"enemies":"3 Louse","floor":5,"turns":3},{"damage":16,"enemies":"Gremlin Nob","floor":8,"turns":5},{"damage":7,"enemies":"Red Slaver","floor":10,"turns":3},{"damage":8,"enemies":"Lagavulin","floor":14,"turns":5},{"damage":36,"enemies":"Slime Boss","floor":16,"turns":10},{"damage":17,"enemies":"Shell Parasite","floor":18,"turns":5},{"damage":30,"enemies":"Colosseum Slavers","floor":19,"turns":5},{"damage":0,"enemies":"Spheric Guardian","floor":20,"turns":4},{"damage":10,"enemies":"Chosen and Byrds","floor":21,"turns":4}],"seed_played":"8206871998897552526","potions_obtained":[{"floor":2,"key":"Energy Potion"},{"floor":10,"key":"Explosive Potion"},{"floor":16,"key":"Strength Potion"}],"is_trial":false,"path_per_floor":["M","M","?","M","M","R","?","E","T","M","R","$","R","E","R","B",null,"M","?","M","M"],"character_chosen":"DEFECT","items_purchased":[],"campfire_rested":1,"item_purchase_floors":[],"current_hp_per_floor":[60,56,56,50,49,49,49,33,33,26,48,48,48,40,40,4,57,40,10,10,0],"gold":216,"neow_bonus":"TRANSFORM_TWO_CARDS","is_prod":false,"is_daily":false,"chose_seed":false,"campfire_upgraded":3,"win_rate":0,"timestamp":1544294655,"path_taken":["M","M","?","M","M","R","?","E","T","M","R","$","R","E","R","BOSS","M","?","M","M"],"build_version":"2018-12-06","purchased_purges":1,"victory":false,"max_hp_per_floor":[75,75,75,75,75,75,75,75,75,75,75,75,75,75,75,75,75,75,75,75,75],"card_choices":[{"not_picked":["Lockon","Reprogram"],"picked":"Conserve Battery","floor":1},{"not_picked":["Tempest","Doom and Gloom"],"picked":"Loop","floor":2},{"not_picked":["Steam","Conserve Battery"],"picked":"Darkness","floor":4},{"not_picked":["Beam Cell","Doom and Gloom"],"picked":"Coolheaded","floor":5},{"not_picked":["Doom and Gloom","Melter","Ball Lightning"],"picked":"SKIP","floor":8},{"not_picked":["Gash","Sweeping Beam"],"picked":"Barrage","floor":10},{"not_picked":["Sunder","BootSequence"],"picked":"White Noise","floor":14},{"not_picked":["Amplify","Core Surge"],"picked":"Seek","floor":16},{"not_picked":["Ball Lightning","Conserve Battery"],"picked":"Compile Driver","floor":18},{"not_picked":["Coolheaded","Go for the Eyes","Cold Snap"],"picked":"SKIP","floor":18},{"not_picked":["Go for the Eyes","Cold Snap"],"picked":"Coolheaded","floor":18},{"not_picked":["Steam","Stack","Gash"],"picked":"SKIP","floor":20},{"not_picked":["Fusion","Ball Lightning","Rebound"],"picked":"SKIP","floor":20}],"player_experience":815300,"relics_obtained":[{"floor":8,"key":"Kunai"},{"floor":9,"key":"Darkstone Periapt"},{"floor":14,"key":"Prayer Wheel"}],"event_choices":[{"damage_healed":0,"gold_gain":0,"cards_transformed":["Strike_B"],"player_choice":"Change","damage_taken":0,"max_hp_gain":0,"max_hp_loss":0,"event_name":"Living Wall","floor":3,"gold_loss":0,"cards_obtained":["Cold Snap"]},{"damage_healed":0,"gold_gain":0,"player_choice":"Ignored","damage_taken":0,"max_hp_gain":0,"max_hp_loss":0,"event_name":"Golden Wing","floor":7,"gold_loss":0},{"damage_healed":0,"gold_gain":0,"player_choice":"Fight","damage_taken":0,"max_hp_gain":0,"max_hp_loss":0,"event_name":"Colosseum","floor":19,"gold_loss":0},{"damage_healed":0,"gold_gain":0,"player_choice":"Fled From Nobs","damage_taken":0,"max_hp_gain":0,"max_hp_loss":0,"event_name":"Colosseum","floor":19,"gold_loss":0}],"is_beta":false,"boss_relics":[{"not_picked":["Pandora\u0027s Box","Astrolabe"],"picked":"Sozu"}],"items_purged_floors":[12],"is_endless":false,"potions_floor_spawned":[2,10,16,18,19,20],"killed_by":"Chosen and Byrds","ascension_level":12}