{"gold_per_floor":[117,117,117,134,150,178,178,189,189,189,189,189,208,218,218,218],"floor_reached":16,"playtime":740,"items_purged":[],"score":204,"play_id":"3c246392-fd12-4d01-806f-83a17ed5d6f3","local_time":"20190506051303","is_ascension_mode":true,"campfire_choices":[{"floor":7,"key":"REST"},{"floor":10,"key":"REST"},{"data":"Finisher","floor":15,"key":"SMITH"}],"neow_cost":"NONE","seed_source_timestamp":1018338423185382,"circlet_count":0,"master_deck":["AscendersBane","Defend_G","Defend_G","Defend_G","Defend_G","Defend_G","Strike_G","Strike_G","Strike_G","Strike_G","Strike_G","Survivor","Neutralize","Finisher+1","Dagger Throw","Dagger Throw","Prepared+1","Setup+1","Prepared+1"],"relics":["Ring of the Snake","NeowsBlessing","Toxic Egg 2","Unceasing Top","Tough Bandages","Question Card","Gremlin Horn"],"potions_floor_usage":[6,16],"damage_taken":[{"damage":0,"enemies":"2 Louse","floor":1,"turns":1},{"damage":0,"enemies":"Jaw Worm","floor":4,"turns":1},{"damage":0,"enemies":"Small Slimes","floor":5,"turns":1},{"damage":24,"enemies":"Gremlin Nob","floor":6,"turns":4},{"damage":24,"enemies":"Exordium Thugs","floor":8,"turns":6},{"damage":0,"enemies":"3 Louse","floor":13,"turns":3},{"damage":0,"enemies":"Blue Slaver","floor":14,"turns":3},{"damage":34,"enemies":"Hexaghost","floor":16,"turns":11}],"seed_played":"-6974447531493529137","potions_obtained":[{"floor":4,"key":"Poison Potion"},{"floor":6,"key":"FairyPotion"},{"floor":13,"key":"PowerPotion"}],"is_trial":false,"path_per_floor":["M","?","?","M","M","E","R","M","T","R","T","T","M","M","R","B"],"character_chosen":"THE_SILENT","items_purchased":[],"campfire_rested":2,"item_purchase_floors":[],"current_hp_per_floor":[59,64,29,29,29,5,26,2,2,23,23,23,23,23,23,0],"gold":218,"neow_bonus":"THREE_ENEMY_KILL","is_prod":false,"is_daily":false,"chose_seed":false,"campfire_upgraded":1,"win_rate":0,"timestamp":1557133983,"path_taken":["M","?","?","?","M","E","R","M","T","R","?","?","M","M","R","BOSS"],"build_version":"2019-01-23","purchased_purges":0,"victory":false,"max_hp_per_floor":[66,71,71,71,71,71,71,71,71,71,71,71,71,71,71,71],"card_choices":[{"not_picked":["Backflip","Endless Agony"],"picked":"Finisher","floor":1},{"not_picked":["Backflip+1","Skewer"],"picked":"Dagger Throw","floor":4},{"not_picked":["Accuracy","Quick Slash"],"picked":"Dagger Throw","floor":5},{"not_picked":["PiercingWail+1","Bullet Time+1"],"picked":"Prepared+1","floor":6},{"not_picked":["Dagger Throw","Heel Hook","Eviscerate"],"picked":"SKIP","floor":8},{"not_picked":["Poisoned Stab","Skewer","Dash"],"picked":"Setup+1","floor":13},{"not_picked":["Outmaneuver+1","PiercingWail+1","Riddle With Holes"],"picked":"Prepared+1","floor":14}],"player_experience":1446568,"relics_obtained":[{"floor":6,"key":"Unceasing Top"},{"floor":9,"key":"Tough Bandages"},{"floor":11,"key":"Question Card"},{"floor":12,"key":"Gremlin Horn"}],"event_choices":[{"damage_healed":0,"gold_gain":0,"player_choice":"Donut","damage_taken":0,"max_hp_gain":5,"max_hp_loss":0,"event_name":"Big Fish","floor":2,"gold_loss":0},{"damage_healed":0,"gold_gain":0,"player_choice":"Success","damage_taken":35,"relics_obtained":["Toxic Egg 2"],"max_hp_gain":0,"max_hp_loss":0,"event_name":"Scrap Ooze","floor":3,"gold_loss":0}],"is_beta":false,"boss_relics":[],"items_purged_floors":[],"is_endless":false,"potions_floor_spawned":[4,6,13],"killed_by":"Hexaghost","ascension_level":20}