{"gold_per_floor":[117,42,52,52,66,66,97,97,122,157,174,204,204,216,216,294,294,306,318,318,331,364,398,409,409,409,409,420,447,467,482,482,482],"floor_reached":33,"playtime":2596,"items_purged":["Strike_R"],"score":603,"play_id":"2c62200f-49c3-48fd-be66-7918361c173d","local_time":"20190513215608","is_ascension_mode":true,"campfire_choices":[{"data":"Clothesline","floor":6,"key":"SMITH"},{"floor":8,"key":"REST"},{"floor":13,"key":"REST"},{"data":"Immolate","floor":15,"key":"SMITH"},{"data":"Shrug It Off","floor":25,"key":"SMITH"},{"floor":32,"key":"REST"}],"neow_cost":"NONE","seed_source_timestamp":695696441674600,"circlet_count":0,"master_deck":["AscendersBane","Strike_R","Strike_R","Strike_R","Strike_R","Defend_R","Defend_R","Defend_R","Defend_R","Bash","Battle Trance","Clothesline+1","Immolate+1","Shrug It Off+1","Offering","True Grit+1","Rampage","Barricade+1","Combust+1","Regret","Inflame+1","Ghostly Armor","Burning Pact"],"relics":["Burning Blood","Ancient Tea Set","Orichalcum","Frozen Egg 2","Red Skull","Cursed Key","Red Mask","Incense Burner","Thread and Needle","Blood Vial"],"potions_floor_usage":[12,33,33],"damage_taken":[{"damage":11,"enemies":"2 Louse","floor":1,"turns":3},{"damage":6,"enemies":"Cultist","floor":3,"turns":3},{"damage":4,"enemies":"Jaw Worm","floor":5,"turns":5},{"damage":59,"enemies":"3 Sentries","floor":7,"turns":14},{"damage":42,"enemies":"Lagavulin","floor":10,"turns":7},{"damage":17,"enemies":"Exordium Wildlife","floor":11,"turns":4},{"damage":12,"enemies":"Gremlin Nob","floor":12,"turns":4},{"damage":0,"enemies":"Blue Slaver","floor":14,"turns":1},{"damage":30,"enemies":"Slime Boss","floor":16,"turns":7},{"damage":6,"enemies":"Chosen","floor":18,"turns":3},{"damage":18,"enemies":"Shell Parasite","floor":19,"turns":4},{"damage":15,"enemies":"Snake Plant","floor":21,"turns":5},{"damage":6,"enemies":"Masked Bandits","floor":22,"turns":2},{"damage":17,"enemies":"Slavers","floor":23,"turns":3},{"damage":17,"enemies":"Snecko","floor":24,"turns":9},{"damage":11,"enemies":"Centurion and Healer","floor":28,"turns":5},{"damage":32,"enemies":"Gremlin Leader","floor":29,"turns":5},{"damage":8,"enemies":"3 Cultists","floor":30,"turns":3},{"damage":2,"enemies":"Snake Plant","floor":31,"turns":3},{"damage":53,"enemies":"Collector","floor":33,"turns":8}],"seed_played":"-6130882342997866408","potions_obtained":[{"floor":3,"key":"FairyPotion"},{"floor":7,"key":"Explosive Potion"},{"floor":12,"key":"SteroidPotion"},{"floor":14,"key":"BloodPotion"},{"floor":22,"key":"FearPotion"},{"floor":31,"key":"Ancient Potion"}],"is_trial":false,"path_per_floor":["M","$","M","$","M","R","E","R","T","E","M","E","R","M","R","B",null,"M","M","?","M","?","E","M","R","T","?","M","E","M","M","R","B"],"character_chosen":"IRONCLAD","items_purchased":[],"campfire_rested":3,"item_purchase_floors":[],"current_hp_per_floor":[70,70,70,70,72,72,19,43,43,7,14,8,32,38,38,14,65,65,53,82,73,73,62,51,51,51,51,46,20,20,26,50,0],"gold":482,"neow_bonus":"TEN_PERCENT_HP_BONUS","is_prod":false,"is_daily":false,"chose_seed":false,"campfire_upgraded":3,"win_rate":0,"timestamp":1557809768,"path_taken":["M","$","M","$","M","R","E","R","T","E","M","E","R","M","R","BOSS","M","M","?","?","?","E","M","R","T","?","M","E","M","M","R","BOSS"],"build_version":"2019-01-23","purchased_purges":1,"victory":false,"max_hp_per_floor":[82,82,82,82,82,82,82,82,82,82,82,82,82,82,82,82,82,82,82,82,82,82,82,82,82,82,82,82,82,82,82,82,82],"card_choices":[{"not_picked":["Warcry","Pummel"],"picked":"Battle Trance","floor":1},{"not_picked":["Thunderclap","Armaments"],"picked":"Clothesline","floor":3},{"not_picked":["True Grit","Seeing Red","Dark Embrace"],"picked":"SKIP","floor":5},{"not_picked":["Perfected Strike","Dropkick"],"picked":"Immolate","floor":7},{"not_picked":["Power Through","Flame Barrier"],"picked":"Shrug It Off","floor":10},{"not_picked":["Warcry","Sword Boomerang","Hemokinesis"],"picked":"SKIP","floor":11},{"not_picked":["Flex","Wild Strike","Heavy Blade"],"picked":"SKIP","floor":12},{"not_picked":["Infernal Blade","Clash","Reckless Charge"],"picked":"SKIP","floor":14},{"not_picked":["Juggernaut+1","Immolate"],"picked":"Offering","floor":16},{"not_picked":["Fire Breathing+1","Perfected Strike"],"picked":"Ghostly Armor","floor":18},{"not_picked":["Perfected Strike","Twin Strike"],"picked":"True Grit+1","floor":19},{"not_picked":["Heavy Blade","Berserk+1","Perfected Strike"],"picked":"SKIP","floor":21},{"not_picked":["Feel No Pain+1","Armaments"],"picked":"Rampage","floor":22},{"not_picked":["Body Slam","Sever Soul+1"],"picked":"Barricade+1","floor":23},{"not_picked":["True Grit","Flex"],"picked":"Combust+1","floor":24},{"not_picked":["True Grit","Clothesline"],"picked":"Inflame+1","floor":28},{"not_picked":["Pummel","Barricade+1","Brutality+1"],"picked":"SKIP","floor":29},{"not_picked":["Pummel","Barricade+1","Brutality+1"],"picked":"SKIP","floor":29},{"not_picked":["Clash","True Grit"],"picked":"Ghostly Armor","floor":30},{"not_picked":["Thunderclap","Pummel+1"],"picked":"Burning Pact","floor":31}],"player_experience":478987,"relics_obtained":[{"floor":7,"key":"Ancient Tea Set"},{"floor":9,"key":"Orichalcum"},{"floor":10,"key":"Frozen Egg 2"},{"floor":12,"key":"Red Skull"},{"floor":22,"key":"Red Mask"},{"floor":23,"key":"Incense Burner"},{"floor":26,"key":"Thread and Needle"},{"floor":29,"key":"Blood Vial"}],"event_choices":[{"cards_removed":["Ghostly Armor"],"damage_healed":29,"gold_gain":0,"player_choice":"Offered Uncommon","damage_taken":0,"max_hp_gain":0,"max_hp_loss":0,"event_name":"Bonfire Elementals","floor":20,"gold_loss":0},{"damage_healed":0,"gold_gain":0,"player_choice":"Fought Bandits","damage_taken":0,"max_hp_gain":0,"max_hp_loss":0,"event_name":"Masked Bandits","floor":22,"gold_loss":0},{"damage_healed":0,"gold_gain":0,"player_choice":"Ignored","damage_taken":0,"max_hp_gain":0,"max_hp_loss":0,"event_name":"The Mausoleum","floor":27,"gold_loss":0}],"is_beta":false,"boss_relics":[{"not_picked":["Runic Pyramid","Philosopher\u0027s Stone"],"picked":"Cursed Key"}],"items_purged_floors":[2],"is_endless":false,"potions_floor_spawned":[3,7,12,14,18,22,24,29,31],"killed_by":"Collector","ascension_level":19}