{"gold_per_floor":[113,131,56,56,67,67,94,94,174,174,188,188,188,198,198,297,297,307,320,183,183,194,222,222,222,246,246,258,173,2,36,36,135,135,151,251,268,268,283,311,311,328,328,328,328,82,82,96,96,96],"floor_reached":50,"playtime":2346,"items_purged":["Strike_B","Strike_B","Writhe","Strike_B"],"score":853,"play_id":"709efc20-79cc-4a65-bf9c-e7afe5d4213e","local_time":"20181204123024","is_ascension_mode":true,"campfire_choices":[{"data":"FTL","floor":6,"key":"SMITH"},{"data":"FTL","floor":8,"key":"SMITH"},{"data":"Beam Cell","floor":10,"key":"SMITH"},{"floor":15,"key":"REST"},{"data":"White Noise","floor":24,"key":"SMITH"},{"data":"Scrape","floor":27,"key":"SMITH"},{"floor":32,"key":"REST"},{"data":"Stack","floor":41,"key":"SMITH"},{"data":"Hologram","floor":45,"key":"SMITH"},{"data":"Seek","floor":49,"key":"SMITH"}],"neow_cost":"NONE","seed_source_timestamp":38662285279478,"circlet_count":0,"master_deck":["AscendersBane","Defend_B","Defend_B","Defend_B","Defend_B","Zap+1","Dualcast","All For One+1","Beam Cell+1","FTL+1","FTL+1","Seek+1","Hologram+1","Scrape+1","Stack+1","White Noise+1","Undo+1","Gash","Gash","Conserve Battery+1","Buffer","Gash","Deep Breath","Madness","Madness"],"relics":["Cracked Core","Vajra","Dodecahedron","Letter Opener","Eternal Feather","Pear","Omamori","Regal Pillow","Sundial","Smiling Mask","Sozu","Prayer Wheel","Juzu Bracelet","Thread and Needle","TheAbacus","Bird Faced Urn"],"potions_floor_usage":[16,16,18,23,23,31],"damage_taken":[{"damage":4,"enemies":"Jaw Worm","floor":1,"turns":4},{"damage":0,"enemies":"Cultist","floor":2,"turns":2},{"damage":0,"enemies":"2 Louse","floor":5,"turns":1},{"damage":30,"enemies":"Lagavulin","floor":7,"turns":5},{"damage":0,"enemies":"Blue Slaver","floor":11,"turns":2},{"damage":0,"enemies":"3 Louse","floor":14,"turns":2},{"damage":15,"enemies":"The Guardian","floor":16,"turns":7},{"damage":0,"enemies":"Chosen","floor":18,"turns":1},{"damage":2,"enemies":"3 Byrds","floor":19,"turns":3},{"damage":26,"enemies":"Centurion and Healer","floor":22,"turns":4},{"damage":7,"enemies":"Gremlin Leader","floor":23,"turns":3},{"damage":29,"enemies":"Snake Plant","floor":28,"turns":3},{"damage":15,"enemies":"Book of Stabbing","floor":31,"turns":4},{"damage":67,"enemies":"Automaton","floor":33,"turns":8},{"damage":0,"enemies":"3 Shapes","floor":35,"turns":4},{"damage":0,"enemies":"Mind Bloom Boss Battle","floor":36,"turns":6},{"damage":0,"enemies":"Orb Walker","floor":37,"turns":2},{"damage":0,"enemies":"Maw","floor":39,"turns":5},{"damage":0,"enemies":"Giant Head","floor":40,"turns":6},{"damage":0,"enemies":"Jaw Worm Horde","floor":42,"turns":3},{"damage":30,"enemies":"Writhing Mass","floor":48,"turns":6},{"damage":79,"enemies":"Time Eater","floor":50,"turns":7}],"seed_played":"-8245768801108183114","potions_obtained":[{"floor":1,"key":"EssenceOfSteel"},{"floor":7,"key":"Swift Potion"},{"floor":16,"key":"Fire Potion"},{"floor":18,"key":"Poison Potion"},{"floor":22,"key":"Poison Potion"},{"floor":23,"key":"SpeedPotion"}],"is_trial":false,"path_per_floor":["M","M","$","?","M","R","E","R","T","R","M","?","?","M","R","B",null,"M","M","$","?","M","E","R","?","T","R","M","?","$","E","R","B",null,"M","?","M","?","M","E","R","M","T","?","R","$","T","M","R","B"],"character_chosen":"DEFECT","items_purchased":["White Noise","Gash","TheAbacus"],"campfire_rested":2,"item_purchase_floors":[20,30,46],"current_hp_per_floor":[64,64,64,64,64,64,34,34,34,34,34,34,22,22,44,29,64,64,62,62,72,46,39,51,51,51,63,34,34,34,19,71,4,65,65,65,65,65,65,65,77,77,77,66,81,81,81,55,70,0],"gold":96,"neow_bonus":"TRANSFORM_CARD","is_prod":false,"is_daily":false,"chose_seed":false,"campfire_upgraded":8,"win_rate":0,"timestamp":1543944624,"path_taken":["M","M","$","?","?","R","E","R","T","R","M","?","?","M","R","BOSS","M","M","$","?","M","E","R","?","T","R","M","?","$","E","R","BOSS","M","?","M","?","M","E","R","M","T","?","R","?","?","M","R","BOSS"],"build_version":"2018-11-15","purchased_purges":4,"victory":false,"max_hp_per_floor":[75,75,75,75,75,75,75,75,75,75,75,75,75,75,75,75,75,75,75,75,85,85,85,85,85,85,85,85,85,85,85,85,85,85,85,85,85,85,85,85,85,85,85,85,85,85,85,85,85,85],"card_choices":[{"not_picked":["Consume","Turbo"],"picked":"Beam Cell","floor":1},{"not_picked":["Sweeping Beam","White Noise"],"picked":"FTL","floor":2},{"not_picked":["Compile Driver","Thunder Strike"],"picked":"FTL","floor":5},{"not_picked":["Heatsinks","Turbo"],"picked":"Seek","floor":7},{"not_picked":["Streamline","Stack"],"picked":"Hologram","floor":11},{"not_picked":["Stack","White Noise"],"picked":"Scrape","floor":14},{"not_picked":["Ball Lightning+1","Rebound","Static Discharge"],"picked":"SKIP","floor":18},{"not_picked":["Tempest","Blizzard"],"picked":"Stack","floor":19},{"not_picked":["Storm","Hologram"],"picked":"Undo+1","floor":22},{"not_picked":["BootSequence","Redo"],"picked":"Gash","floor":23},{"not_picked":["Cold Snap","Compile Driver","Reboot"],"picked":"SKIP","floor":28},{"not_picked":["Defragment","Static Discharge+1"],"picked":"Conserve Battery+1","floor":31},{"not_picked":["Multi-Cast","Creative AI"],"picked":"Buffer","floor":33},{"not_picked":["Aggregate","Melter","Hologram"],"picked":"SKIP","floor":35},{"not_picked":["Turbo","Rip and Tear+1"],"picked":"Gash","floor":36},{"not_picked":["Steam","Compile Driver+1","Conserve Battery"],"picked":"SKIP","floor":37},{"not_picked":["Hello World+1","Ball Lightning","Barrage"],"picked":"SKIP","floor":37},{"not_picked":["Panacea","Mind Blast"],"picked":"Deep Breath","floor":38},{"not_picked":["Turbo+1","Reboot","Ball Lightning"],"picked":"SKIP","floor":39},{"not_picked":["Streamline","Beam Cell+1","Conserve Battery"],"picked":"SKIP","floor":39},{"not_picked":["Tempest","Barrage","Reinforced Body+1"],"picked":"SKIP","floor":40},{"not_picked":["Leap+1","Genetic Algorithm+1","Recycle"],"picked":"SKIP","floor":42},{"not_picked":["Streamline","Steam+1","White Noise+1"],"picked":"SKIP","floor":42},{"not_picked":["Steam","Turbo","Streamline+1"],"picked":"SKIP","floor":48},{"not_picked":["Beam Cell+1","Turbo","Stack"],"picked":"SKIP","floor":48}],"player_experience":799711,"relics_obtained":[{"floor":7,"key":"Vajra"},{"floor":9,"key":"Dodecahedron"},{"floor":23,"key":"Omamori"},{"floor":26,"key":"Regal Pillow"},{"floor":31,"key":"Smiling Mask"},{"floor":36,"key":"Prayer Wheel"},{"floor":40,"key":"Juzu Bracelet"},{"floor":43,"key":"Thread and Needle"},{"floor":47,"key":"Bird Faced Urn"}],"event_choices":[{"damage_healed":0,"gold_gain":0,"player_choice":"Forge","damage_taken":0,"max_hp_gain":0,"max_hp_loss":0,"event_name":"Accursed Blacksmith","floor":4,"gold_loss":0,"cards_upgraded":["All For One"]},{"damage_healed":0,"gold_gain":0,"player_choice":"Grow","damage_taken":0,"max_hp_gain":0,"max_hp_loss":0,"event_name":"Living Wall","floor":12,"gold_loss":0,"cards_upgraded":["Zap"]},{"damage_healed":0,"gold_gain":0,"player_choice":"Success","damage_taken":12,"relics_obtained":["Letter Opener"],"max_hp_gain":0,"max_hp_loss":0,"event_name":"Scrap Ooze","floor":13,"gold_loss":0},{"damage_healed":0,"gold_gain":0,"player_choice":"Opened","damage_taken":0,"relics_obtained":["Pear"],"max_hp_gain":0,"max_hp_loss":0,"event_name":"The Mausoleum","floor":21,"gold_loss":0,"cards_obtained":["Writhe"]},{"damage_healed":0,"gold_gain":0,"player_choice":"Ignored","damage_taken":0,"max_hp_gain":0,"max_hp_loss":0,"event_name":"Vampires","floor":25,"gold_loss":0},{"damage_healed":0,"gold_gain":0,"player_choice":"Obtained Relic","damage_taken":0,"relics_obtained":["Sundial"],"max_hp_gain":0,"max_hp_loss":0,"event_name":"Addict","floor":29,"gold_loss":85},{"damage_healed":0,"gold_gain":0,"player_choice":"Fight","damage_taken":0,"max_hp_gain":0,"max_hp_loss":0,"event_name":"MindBloom","floor":36,"gold_loss":0},{"damage_healed":0,"gold_gain":0,"player_choice":"Memory 1","damage_taken":0,"max_hp_gain":0,"max_hp_loss":0,"event_name":"SensoryStone","floor":38,"gold_loss":0},{"damage_healed":0,"gold_gain":0,"player_choice":"Embrace Madness","damage_taken":11,"max_hp_gain":0,"max_hp_loss":0,"event_name":"Winding Halls","floor":44,"gold_loss":0,"cards_obtained":["Madness","Madness"]}],"is_beta":false,"boss_relics":[{"not_picked":["Calling Bell","Runic Pyramid"],"picked":"Eternal Feather"},{"not_picked":["Philosopher\u0027s Stone","Orrery"],"picked":"Sozu"}],"items_purged_floors":[3,20,30,46],"is_endless":false,"potions_floor_spawned":[1,7,16,18,22,23,39,40,42,48],"killed_by":"Time Eater","ascension_level":12}