{"gold_per_floor":[116,131,281,15,30,30,46,46,93,153,153,187,200,216,216,295,295,268,288,299,9,25,25],"floor_reached":23,"playtime":1619,"items_purged":["Doubt"],"score":410,"play_id":"ec4943e5-03a9-4886-ba24-dc9668b9bfbb","local_time":"20181230100657","is_ascension_mode":true,"campfire_choices":[{"data":"Dagger Spray","floor":6.0,"key":"SMITH"},{"data":"Neutralize","floor":8.0,"key":"SMITH"},{"floor":15.0,"key":"REST"}],"neow_cost":"NONE","seed_source_timestamp":0,"circlet_count":0,"master_deck":["AscendersBane","Defend_G","Defend_G","Defend_G","Defend_G","Defend_G","Strike_G","Strike_G","Strike_G","Strike_G","Strike_G","Survivor","Neutralize+1","Tools of the Trade","Dagger Spray+1","Poisoned Stab","Flying Knee","Backflip","After Image","PiercingWail","Die Die Die","Dodge and Roll","Skewer","Backstab","Footwork"],"special_seed":0,"relics":["Ring of the Snake","Oddly Smooth Stone","Bag of Preparation","Tiny Chest","Bottled Flame","Runic Pyramid","PreservedInsect"],"potions_floor_usage":[22,23],"damage_taken":[{"damage":0.0,"enemies":"2 Louse","floor":1.0,"turns":2.0},{"damage":0.0,"enemies":"Jaw Worm","floor":2.0,"turns":5.0},{"damage":3.0,"enemies":"Small Slimes","floor":5.0,"turns":3.0},{"damage":0.0,"enemies":"Red Slaver","floor":7.0,"turns":4.0},{"damage":30.0,"enemies":"Gremlin Nob","floor":10.0,"turns":4.0},{"damage":13.0,"enemies":"Lagavulin","floor":12.0,"turns":6.0},{"damage":1.0,"enemies":"2 Fungi Beasts","floor":13.0,"turns":4.0},{"damage":0.0,"enemies":"Looter","floor":14.0,"turns":4.0},{"damage":8.0,"enemies":"The Guardian","floor":16.0,"turns":17.0},{"damage":12.0,"enemies":"2 Thieves","floor":18.0,"turns":4.0},{"damage":6.0,"enemies":"3 Byrds","floor":19.0,"turns":6.0},{"damage":10.0,"enemies":"Snake Plant","floor":20.0,"turns":9.0},{"damage":2,"enemies":"Cultist and Chosen","floor":22,"turns":9},{"damage":29,"enemies":"Book of Stabbing","floor":23,"turns":5}],"seed_played":"9175101922210286558","potions_obtained":[{"floor":10.0,"key":"AttackPotion"},{"floor":12.0,"key":"Poison Potion"},{"floor":13.0,"key":"SpeedPotion"},{"floor":20.0,"key":"AttackPotion"}],"is_trial":false,"path_per_floor":["M","M","?","$","M","R","M","R","T","E","?","E","M","M","R","B",null,"M","M","M","$","M","E"],"character_chosen":"THE_SILENT","items_purchased":["Oddly Smooth Stone","Poisoned Stab","PreservedInsect","Footwork","FearPotion"],"campfire_rested":1,"item_purchase_floors":[4,4,21,21,21],"current_hp_per_floor":[59,59,59,59,56,56,56,56,56,26,26,13,12,12,31,23,55,43,37,27,27,25,0],"gold":25,"neow_bonus":"ONE_RANDOM_RARE_CARD","is_prod":false,"is_daily":false,"chose_seed":false,"campfire_upgraded":2,"win_rate":0,"timestamp":1546182417,"path_taken":["M","M","?","$","M","R","M","R","T","E","?","E","M","M","R","BOSS","M","M","M","$","M","E"],"build_version":"2018-12-20","purchased_purges":1,"victory":false,"max_hp_per_floor":[66,66,66,66,66,66,66,66,66,66,66,66,66,66,66,66,66,66,66,66,66,66,66],"card_choices":[{"not_picked":["Dodge and Roll","Poisoned Stab"],"picked":"Dagger Spray","floor":1.0},{"not_picked":["Acrobatics","Bane","Backflip"],"picked":"SKIP","floor":2.0},{"not_picked":["Endless Agony","Acrobatics"],"picked":"Flying Knee","floor":5.0},{"not_picked":["Poisoned Stab","Eviscerate","Sucker Punch"],"picked":"SKIP","floor":7.0},{"not_picked":["Flechettes","Flying Knee"],"picked":"Backflip","floor":10.0},{"not_picked":["Setup","Dodge and Roll"],"picked":"After Image","floor":12.0},{"not_picked":["Prepared","Sucker Punch","Concentrate"],"picked":"SKIP","floor":13.0},{"not_picked":["Backflip","Accuracy"],"picked":"PiercingWail","floor":14.0},{"not_picked":["Malaise","A Thousand Cuts"],"picked":"Die Die Die","floor":16.0},{"not_picked":["Distraction","Deflect"],"picked":"Dodge and Roll","floor":18.0},{"not_picked":["Acrobatics","Blade Dance"],"picked":"Skewer","floor":19.0},{"not_picked":["Quick Slash","Blade Dance"],"picked":"Backstab","floor":20.0},{"not_picked":["Night Terror","Expertise","Prepared"],"picked":"SKIP","floor":22}],"player_experience":1124388,"relics_obtained":[{"floor":9.0,"key":"Bag of Preparation"},{"floor":10.0,"key":"Tiny Chest"},{"floor":12.0,"key":"Bottled Flame"}],"event_choices":[{"damage_healed":0.0,"max_hp_gain":0.0,"max_hp_loss":0.0,"gold_gain":150.0,"event_name":"Liars Game","player_choice":"AGREE","floor":3.0,"gold_loss":0.0,"damage_taken":0.0,"cards_obtained":["Doubt"]},{"damage_healed":0.0,"max_hp_gain":0.0,"max_hp_loss":0.0,"gold_gain":0.0,"event_name":"Shining Light","player_choice":"Ignored","floor":11.0,"gold_loss":0.0,"damage_taken":0.0}],"is_beta":false,"boss_relics":[{"not_picked":["Coffee Dripper","Velvet Choker"],"picked":"Runic Pyramid"}],"items_purged_floors":[4],"is_endless":false,"potions_floor_spawned":[10,12,13,20],"killed_by":"Book of Stabbing","ascension_level":20}