{"path_per_floor":["M","?","$","M","?","M","E","R","T","M","M","$","R","E","R","B",null,"M","T","M","M","$","R","M","M","T"],"character_chosen":"IRONCLAD","items_purchased":["Molten Egg 2","Uppercut","Vajra"],"gold_per_floor":[112,287,31,49,49,64,104,104,104,119,135,58,58,94,94,223,223,244,244,257,275,127,127,140,154,202],"floor_reached":27,"campfire_rested":4,"playtime":1388,"current_hp_per_floor":[80,80,80,80,60,66,41,65,65,55,30,30,54,33,57,58,80,60,60,70,19,19,44,26,12,12],"items_purged":[],"gold":202,"score":225,"play_id":"a73d1620-cf12-4090-b698-459d099e965b","local_time":"20180319022312","is_prod":false,"is_daily":false,"is_ascension_mode":false,"campfire_upgraded":0,"timestamp":1521440592,"path_taken":["M","?","$","M","?","M","E","R","T","M","M","$","R","E","R","BOSS","M","?","M","M","?","R","M","M","T","M"],"build_version":"2018-03-15v3","purchased_purges":0,"victory":false,"master_deck":["Strike_R","Strike_R","Strike_R","Strike_R","Strike_R","Defend_R","Defend_R","Defend_R","Defend_R","Bash","Demon Form","Doubt","Battle Trance","Headbutt+1","Rampage+1","Perfected Strike+1","Carnage+1","Uppercut+1","Bludgeon+1","Feed+1","Ghostly Armor","Clothesline+1","Iron Wave+1","Clash+1","Power Through"],"max_hp_per_floor":[80,80,80,80,80,80,80,80,80,80,80,80,80,80,80,80,80,80,80,84,84,84,84,84,84,84],"relics":["Burning Blood","NeowsBlessing","Molten Egg 2","Golden Idol","Bronze Scales","Girya","Darkstone Periapt","Runic Cube","Charon\u0027s Ashes","Vajra","Dream Catcher"],"card_choices":[{"not_picked":["Sword Boomerang","Headbutt"],"picked":"Demon Form"},{"not_picked":["Flex","Clothesline"],"picked":"Battle Trance"},{"not_picked":["Rupture","Body Slam"],"picked":"Headbutt"},{"not_picked":["Body Slam","Anger"],"picked":"Rampage"},{"not_picked":["Anger","Flex"],"picked":"Perfected Strike"},{"not_picked":["Whirlwind","Cleave"],"picked":"Carnage"},{"not_picked":["Metallicize","Dual Wield"],"picked":"Bludgeon"},{"not_picked":["Barricade","Juggernaut"],"picked":"Feed"},{"not_picked":["Sword Boomerang","Searing Blow"],"picked":"Ghostly Armor"},{"not_picked":["Thunderclap","Pummel"],"picked":"Clothesline"},{"not_picked":["Headbutt","Armaments"],"picked":"Iron Wave"},{"not_picked":["Intimidate","Warcry"],"picked":"Clash"},{"not_picked":["Hemokinesis","Sword Boomerang"],"picked":"Power Through"}],"player_experience":3828,"potions_floor_usage":[7,16,16,27,27],"damage_taken":[{"damage":0,"enemies":"Jaw Worm","floor":1,"turns":1},{"damage":0,"enemies":"2 Louse","floor":4,"turns":1},{"damage":0,"enemies":"Small Slimes","floor":6,"turns":1},{"damage":40,"enemies":"Lagavulin","floor":7,"turns":6},{"damage":16,"enemies":"Red Slaver","floor":10,"turns":3},{"damage":31,"enemies":"Exordium Thugs","floor":11,"turns":4},{"damage":27,"enemies":"3 Sentries","floor":14,"turns":5},{"damage":20,"enemies":"Slime Boss","floor":16,"turns":9},{"damage":26,"enemies":"Shell Parasite","floor":18,"turns":4},{"damage":0,"enemies":"Chosen","floor":20,"turns":3},{"damage":57,"enemies":"Slaver and Parasite","floor":21,"turns":7},{"damage":24,"enemies":"3 Cultists","floor":24,"turns":6},{"damage":20,"enemies":"Snake Plant","floor":25,"turns":3},{"damage":14,"enemies":"Centurion and Healer","floor":27,"turns":4}],"event_choices":[{"event_name":"Liars Game","player_choice":"agreed","floor":2,"damage_taken":0},{"event_name":"Golden Idol","player_choice":"Take Damage","floor":5,"damage_taken":0}],"boss_relics":[{"not_picked":["Philosopher\u0027s Stone","Calling Bell"],"picked":"Runic Cube"}],"potions_floor_spawned":[1,11,14,16,18],"seed_played":"-4831360172092311925","killed_by":"Centurion and Healer","ascension_level":0,"is_trial":false}