{"gold_per_floor":[115,115,115,75,0,31,55,86,112,1,1,37,37,53,53,143,143,168,186,207,257,277,277,297,4,28,67,67,106,106,125,125,224,224,244,294,312,312,312,347,347,368,368,388,3,23,23,43,43,43],"floor_reached":51,"playtime":2483,"items_purged":["Strike_B","Parasite"],"score":1613,"play_id":"9b2b44ed-9202-449b-9e57-4f855e656a66","local_time":"20190909183054","is_ascension_mode":true,"campfire_choices":[{"floor":13,"key":"REST"},{"data":"Defragment","floor":15,"key":"SMITH"},{"floor":23,"key":"REST"},{"data":"Capacitor","floor":28,"key":"SMITH"},{"data":"Defragment","floor":30,"key":"SMITH"},{"floor":32,"key":"REST"},{"data":"Self Repair","floor":41,"key":"SMITH"},{"floor":47,"key":"REST"},{"data":"Storm","floor":49,"key":"SMITH"}],"neow_cost":"NONE","seed_source_timestamp":10323843090191,"circlet_count":0,"master_deck":["AscendersBane","Strike_B","Strike_B","Defend_B","Defend_B","Defend_B","Defend_B+1","Zap+1","Dualcast","Hologram+1","Sunder","White Noise","Self Repair+1","Defragment+1","White Noise+1","Electrodynamics","Chill+1","Defragment+1","Coolheaded+1","Reinforced Body+1","Hologram+1","Capacitor+1","Consume+1","Hologram+1","Barrage","Creative AI","White Noise+1","Cold Snap","Fission+1","Storm+1","Turbo+1","Panache","Redo+1","Hologram+1","White Noise+1"],"relics":["Cracked Core","NeowsBlessing","Bronze Scales","Odd Mushroom","Juzu Bracelet","War Paint","Golden Idol","Toxic Egg 2","Cursed Key","Lee\u0027s Waffle","Pen Nib","Darkstone Periapt","Mummified Hand","Inserter","Omamori","FossilizedHelix"],"potions_floor_usage":[8,8,20,22,29,33,42,50],"damage_taken":[{"damage":0,"enemies":"Small Slimes","floor":1,"turns":1},{"damage":0,"enemies":"3 Sentries","floor":6,"turns":1},{"damage":0,"enemies":"The Mushroom Lair","floor":7,"turns":1},{"damage":22,"enemies":"Lagavulin","floor":8,"turns":5},{"damage":34,"enemies":"Gremlin Nob","floor":12,"turns":4},{"damage":4,"enemies":"Jaw Worm","floor":14,"turns":3},{"damage":22,"enemies":"The Guardian","floor":16,"turns":10},{"damage":0,"enemies":"3 Byrds","floor":18,"turns":1},{"damage":19,"enemies":"Shell Parasite","floor":19,"turns":4},{"damage":27,"enemies":"Cultist and Chosen","floor":20,"turns":9},{"damage":15,"enemies":"Centurion and Healer","floor":22,"turns":3},{"damage":22,"enemies":"Snake Plant","floor":24,"turns":3},{"damage":22,"enemies":"Slavers","floor":27,"turns":3},{"damage":9,"enemies":"Gremlin Leader","floor":29,"turns":6},{"damage":13,"enemies":"Shelled Parasite and Fungi","floor":31,"turns":6},{"damage":17,"enemies":"Champ","floor":33,"turns":10},{"damage":8,"enemies":"3 Shapes","floor":35,"turns":4},{"damage":11,"enemies":"3 Darklings","floor":37,"turns":4},{"damage":11,"enemies":"Giant Head","floor":40,"turns":8},{"damage":31,"enemies":"Spire Growth","floor":42,"turns":5},{"damage":0,"enemies":"Transient","floor":44,"turns":6},{"damage":2,"enemies":"Writhing Mass","floor":46,"turns":5},{"damage":0,"enemies":"Sphere and 2 Shapes","floor":48,"turns":4},{"damage":0,"enemies":"Awakened One","floor":50,"turns":6}],"seed_played":"-6088543924174233843","potions_obtained":[{"floor":6,"key":"SteroidPotion"},{"floor":7,"key":"Energy Potion"},{"floor":12,"key":"Fire Potion"},{"floor":19,"key":"SkillPotion"},{"floor":20,"key":"SpeedPotion"},{"floor":24,"key":"SpeedPotion"},{"floor":27,"key":"PowerPotion"},{"floor":31,"key":"SkillPotion"},{"floor":40,"key":"GamblersBrew"},{"floor":44,"key":"LiquidBronze"},{"floor":46,"key":"FocusPotion"}],"is_trial":false,"path_per_floor":["M","?","?","$","?","E","?","E","T","$","?","E","R","M","R","B",null,"M","M","M","?","M","R","M","$","T","E","R","E","R","M","R","B",null,"M","?","M","?","?","E","R","M","T","M","$","M","R","M","R","B",null],"character_chosen":"DEFECT","items_purchased":["Sunder","Defragment","Lee\u0027s Waffle","Capacitor","Panache","Redo+1","Hologram+1"],"campfire_rested":4,"item_purchase_floors":[4,10,25,25,45,45,45],"current_hp_per_floor":[64,64,69,69,69,69,69,47,47,47,47,27,47,50,50,35,61,61,49,29,29,14,34,12,76,76,54,54,52,52,46,68,58,72,71,64,53,53,53,49,49,28,28,38,38,36,57,67,67,73],"gold":43,"neow_bonus":"THREE_ENEMY_KILL","is_prod":false,"is_daily":false,"chose_seed":false,"campfire_upgraded":5,"win_rate":0,"timestamp":1568017854,"path_taken":["M","?","?","$","?","E","?","E","T","$","?","E","R","M","R","BOSS","M","M","M","?","M","R","M","$","T","E","R","E","R","M","R","BOSS","M","?","M","?","?","E","R","M","T","M","$","M","R","M","R","BOSS"],"build_version":"2019-07-17","purchased_purges":2,"victory":true,"max_hp_per_floor":[71,71,76,76,76,76,76,76,76,76,69,69,69,69,69,69,69,69,69,69,69,69,69,69,76,76,76,76,76,76,76,76,76,76,76,76,76,76,76,76,76,76,76,76,73,73,73,73,73,73],"card_choices":[{"not_picked":["Go for the Eyes","Scrape"],"picked":"Hologram","floor":1},{"not_picked":["Rebound","Barrage"],"picked":"White Noise","floor":6},{"not_picked":["Streamline","Darkness"],"picked":"Gash","floor":7},{"not_picked":["Gash","Fusion"],"picked":"Self Repair","floor":8},{"not_picked":["Beam Cell","Gash"],"picked":"White Noise","floor":12},{"not_picked":["Meteor Strike","Lockon","Streamline"],"picked":"SKIP","floor":14},{"not_picked":["All For One","Thunder Strike"],"picked":"Electrodynamics","floor":16},{"not_picked":["Sunder","White Noise+1"],"picked":"Chill+1","floor":18},{"not_picked":["Turbo+1","Go for the Eyes"],"picked":"Defragment","floor":19},{"not_picked":["Steam+1","Redo+1"],"picked":"Coolheaded+1","floor":20},{"not_picked":["Gash","Recycle+1"],"picked":"Reinforced Body+1","floor":22},{"not_picked":["Steam Power+1","Beam Cell+1"],"picked":"Hologram+1","floor":24},{"not_picked":["Streamline","Doom and Gloom"],"picked":"Consume+1","floor":27},{"not_picked":["Conserve Battery+1","Consume+1"],"picked":"Hologram+1","floor":29},{"not_picked":["Defragment","Self Repair"],"picked":"Barrage","floor":31},{"not_picked":["Buffer","Multi-Cast+1"],"picked":"Creative AI","floor":33},{"not_picked":["Barrage+1","Conserve Battery+1"],"picked":"White Noise+1","floor":35},{"not_picked":["Coolheaded+1","Reinforced Body+1"],"picked":"Cold Snap","floor":37},{"not_picked":["Stack+1","Sweeping Beam"],"picked":"Fission+1","floor":40},{"not_picked":["Coolheaded+1","Capacitor"],"picked":"Storm","floor":42},{"not_picked":["Barrage","Stack+1"],"picked":"Turbo+1","floor":44},{"not_picked":["Sweeping Beam+1","Stack+1"],"picked":"White Noise+1","floor":46},{"not_picked":["Consume+1","Barrage","Beam Cell"],"picked":"SKIP","floor":48}],"player_experience":1265142,"relics_obtained":[{"floor":6,"key":"Bronze Scales"},{"floor":7,"key":"Odd Mushroom"},{"floor":8,"key":"Juzu Bracelet"},{"floor":9,"key":"War Paint"},{"floor":12,"key":"Toxic Egg 2"},{"floor":26,"key":"Pen Nib"},{"floor":27,"key":"Darkstone Periapt"},{"floor":29,"key":"Mummified Hand"},{"floor":40,"key":"Omamori"},{"floor":43,"key":"FossilizedHelix"}],"event_choices":[{"damage_healed":0,"gold_gain":0,"player_choice":"Grow","damage_taken":0,"max_hp_gain":0,"max_hp_loss":0,"event_name":"Living Wall","floor":2,"gold_loss":0,"cards_upgraded":["Zap"]},{"damage_healed":0,"gold_gain":0,"player_choice":"Donut","damage_taken":0,"max_hp_gain":5,"max_hp_loss":0,"event_name":"Big Fish","floor":3,"gold_loss":0},{"cards_removed":["Strike_B"],"damage_healed":0,"gold_gain":0,"player_choice":"Card Removal","damage_taken":0,"max_hp_gain":0,"max_hp_loss":0,"event_name":"The Cleric","floor":5,"gold_loss":75},{"damage_healed":0,"gold_gain":0,"player_choice":"Fought Mushrooms","damage_taken":0,"max_hp_gain":0,"max_hp_loss":0,"event_name":"Mushrooms","floor":7,"gold_loss":0},{"damage_healed":0,"gold_gain":0,"player_choice":"Lose Max HP","damage_taken":0,"relics_obtained":["Golden Idol"],"max_hp_gain":0,"max_hp_loss":7,"event_name":"Golden Idol","floor":11,"gold_loss":0},{"damage_healed":0,"gold_gain":50,"player_choice":"Stole From Cult","damage_taken":0,"max_hp_gain":0,"max_hp_loss":0,"event_name":"Nest","floor":21,"gold_loss":0},{"damage_healed":0,"gold_gain":50,"player_choice":"Touch","damage_taken":7,"max_hp_gain":0,"max_hp_loss":0,"event_name":"FaceTrader","floor":36,"gold_loss":0},{"damage_healed":0,"gold_gain":0,"player_choice":"Ignored","damage_taken":0,"max_hp_gain":0,"max_hp_loss":0,"event_name":"SecretPortal","floor":38,"gold_loss":0},{"cards_removed":["Gash"],"damage_healed":0,"gold_gain":0,"player_choice":"Removed Attack","damage_taken":0,"max_hp_gain":0,"max_hp_loss":0,"event_name":"Falling","floor":39,"gold_loss":0}],"is_beta":false,"boss_relics":[{"not_picked":["Philosopher\u0027s Stone","Snecko Eye"],"picked":"Cursed Key"},{"not_picked":["Eternal Feather","Sozu"],"picked":"Inserter"}],"items_purged_floors":[10,45],"is_endless":false,"potions_floor_spawned":[6,7,12,19,20,24,27,31,40,44,46],"ascension_level":18}