{"gold_per_floor":[118,129,141,157,257,291,309,309,334,369,369,9,9,9,9,104,104,122,122,142,142,142,142],"floor_reached":23,"playtime":1126,"items_purged":[],"score":289,"play_id":"8b939221-08cd-4d9d-af2a-e986e6fcb4fb","local_time":"20181027115322","is_ascension_mode":true,"campfire_choices":[{"data":"Cloak And Dagger","floor":8,"key":"SMITH"},{"data":"Corpse Explosion","floor":11,"key":"SMITH"},{"floor":13,"key":"REST"},{"data":"Poisoned Stab","floor":15,"key":"SMITH"}],"neow_cost":"NONE","seed_source_timestamp":75595696465634,"circlet_count":0,"master_deck":["Survivor","Neutralize","Distraction","Eviscerate","Riddle With Holes","Bane","Catalyst","Outmaneuver","Endless Agony","Accuracy","Sucker Punch","Cloak And Dagger+1","Backflip","Finisher+1","Prepared","Poisoned Stab+1","Corpse Explosion+1","Underhanded Strike","Heel Hook","Die Die Die","Crippling Poison"],"relics":["Pandora\u0027s Box","Omamori","Dream Catcher","Orichalcum","Oddly Smooth Stone","Toolbox","Philosopher\u0027s Stone","Enchiridion","MutagenicStrength"],"potions_floor_usage":[4,6,10,16,18],"damage_taken":[{"damage":6,"enemies":"Small Slimes","floor":1,"turns":3},{"damage":0,"enemies":"Cultist","floor":2,"turns":3},{"damage":0,"enemies":"Jaw Worm","floor":3,"turns":3},{"damage":0,"enemies":"2 Fungi Beasts","floor":4,"turns":2},{"damage":16,"enemies":"Lagavulin","floor":6,"turns":4},{"damage":8,"enemies":"Looter","floor":7,"turns":2},{"damage":5,"enemies":"3 Sentries","floor":10,"turns":2},{"damage":14,"enemies":"The Guardian","floor":16,"turns":7},{"damage":8,"enemies":"3 Byrds","floor":18,"turns":4},{"damage":15,"enemies":"2 Thieves","floor":20,"turns":2},{"damage":13,"enemies":"Colosseum Slavers","floor":22,"turns":2},{"damage":11,"enemies":"Chosen and Byrds","floor":23,"turns":4}],"seed_played":"1249231491077228338","potions_obtained":[{"floor":3,"key":"Energy Potion"},{"floor":4,"key":"Weak Potion"},{"floor":6,"key":"Explosive Potion"},{"floor":10,"key":"EssenceOfSteel"},{"floor":16,"key":"Block Potion"}],"is_trial":false,"path_per_floor":["M","M","M","M","?","E","M","R","T","E","R","$","R","?","R","B",null,"M","?","M","?","?"],"character_chosen":"THE_SILENT","items_purchased":["Oddly Smooth Stone","Toolbox"],"campfire_rested":1,"item_purchase_floors":[12,12],"current_hp_per_floor":[57,57,57,57,57,41,33,33,33,28,28,28,49,49,49,35,61,53,37,22,22,9,0],"gold":142,"neow_bonus":"BOSS_RELIC","is_prod":false,"is_daily":false,"chose_seed":false,"campfire_upgraded":3,"win_rate":0,"timestamp":1540655602,"path_taken":["M","M","M","M","?","E","?","R","T","E","R","?","R","?","R","BOSS","M","?","M","?","?","M"],"build_version":"2018-10-25v2","purchased_purges":0,"victory":false,"max_hp_per_floor":[70,70,70,70,70,70,70,70,70,70,70,70,70,70,70,70,70,70,70,70,70,70,70],"card_choices":[{"not_picked":["Flying Knee","Bane"],"picked":"Backflip","floor":1},{"not_picked":["Dash","Underhanded Strike"],"picked":"Finisher","floor":2},{"not_picked":["Wraith Form v2","Masterful Stab"],"picked":"Prepared","floor":3},{"not_picked":["Deadly Poison","Underhanded Strike"],"picked":"Poisoned Stab","floor":4},{"not_picked":["Sucker Punch","Backflip"],"picked":"Corpse Explosion","floor":6},{"not_picked":["Leg Sweep","Predator"],"picked":"Underhanded Strike","floor":7},{"not_picked":["Skewer","Caltrops","PiercingWail"],"picked":"SKIP","floor":10},{"not_picked":["Blur","Dagger Throw"],"picked":"Heel Hook","floor":13},{"not_picked":["Grand Finale","Venomology"],"picked":"Die Die Die","floor":16},{"not_picked":["Catalyst","Dodge and Roll","Dagger Throw"],"picked":"SKIP","floor":18},{"not_picked":["Backstab","Outmaneuver"],"picked":"Crippling Poison","floor":20}],"player_experience":557086,"relics_obtained":[{"floor":6,"key":"Omamori"},{"floor":9,"key":"Dream Catcher"},{"floor":10,"key":"Orichalcum"},{"floor":19,"key":"Enchiridion"}],"event_choices":[{"damage_healed":0,"gold_gain":100,"player_choice":"Pray","damage_taken":0,"max_hp_gain":0,"max_hp_loss":0,"event_name":"Golden Shrine","floor":5,"gold_loss":0},{"damage_healed":0,"gold_gain":0,"player_choice":"Grow","damage_taken":0,"max_hp_gain":0,"max_hp_loss":0,"event_name":"Living Wall","floor":14,"gold_loss":0,"cards_upgraded":["Finisher"]},{"damage_healed":0,"gold_gain":0,"player_choice":"Obtained Book","damage_taken":16,"max_hp_gain":0,"max_hp_loss":0,"event_name":"Cursed Tome","floor":19,"gold_loss":0},{"damage_healed":0,"gold_gain":0,"player_choice":"Inject Mutagens","damage_taken":0,"relics_obtained":["MutagenicStrength"],"max_hp_gain":0,"max_hp_loss":0,"event_name":"Drug Dealer","floor":21,"gold_loss":0},{"damage_healed":0,"gold_gain":0,"player_choice":"Fight","damage_taken":0,"max_hp_gain":0,"max_hp_loss":0,"event_name":"Colosseum","floor":22,"gold_loss":0},{"damage_healed":0,"gold_gain":0,"player_choice":"Fled From Nobs","damage_taken":0,"max_hp_gain":0,"max_hp_loss":0,"event_name":"Colosseum","floor":22,"gold_loss":0}],"is_beta":false,"boss_relics":[{"not_picked":["Astrolabe","Velvet Choker"],"picked":"Philosopher\u0027s Stone"}],"items_purged_floors":[],"is_endless":false,"potions_floor_spawned":[3,4,6,10,16],"killed_by":"Chosen and Byrds","ascension_level":9}