{"gold_per_floor":[116,80,92,92,103,103,134,134,134,169,188,188,207,161,161,235,235,250,175,175,162,179,179,195,230,230,230,230,230,244,256,256,256],"floor_reached":33,"playtime":1833,"items_purged":[],"score":471,"play_id":"59ee5237-d127-4e4a-9fab-2f34fb5595fa","local_time":"20181225124105","is_ascension_mode":true,"campfire_choices":[{"data":"Streamline","floor":6,"key":"SMITH"},{"data":"Defragment","floor":8,"key":"SMITH"},{"floor":15,"key":"REST"},{"floor":23,"key":"REST"},{"floor":27,"key":"REST"},{"floor":32,"key":"REST"}],"neow_cost":"NONE","seed_source_timestamp":0,"circlet_count":0,"master_deck":["AscendersBane","Strike_B","Strike_B","Strike_B","Defend_B","Defend_B","Defend_B","Defend_B","Zap+1","Dualcast","Cold Snap","Defragment+1","Leap","Streamline+1","Coolheaded+1","Chill+1","Multi-Cast+1","Go for the Eyes","Gash+1","Doom and Gloom+1","Stack+1","Beam Cell","Glacier+1"],"special_seed":0,"relics":["Cracked Core","Letter Opener","Toxic Egg 2","Question Card","Sozu","Shovel","Boot"],"potions_floor_usage":[10,13,16,21,33],"damage_taken":[{"damage":0,"enemies":"Small Slimes","floor":1,"turns":2},{"damage":0,"enemies":"2 Louse","floor":3,"turns":2},{"damage":0,"enemies":"Jaw Worm","floor":5,"turns":3},{"damage":18,"enemies":"3 Sentries","floor":7,"turns":7},{"damage":8,"enemies":"Gremlin Nob","floor":10,"turns":3},{"damage":16,"enemies":"Lots of Slimes","floor":11,"turns":4},{"damage":3,"enemies":"Exordium Wildlife","floor":13,"turns":3},{"damage":1,"enemies":"The Guardian","floor":16,"turns":11},{"damage":17,"enemies":"Shell Parasite","floor":18,"turns":9},{"damage":11,"enemies":"2 Thieves","floor":21,"turns":4},{"damage":11,"enemies":"Cultist and Chosen","floor":22,"turns":8},{"damage":10,"enemies":"Centurion and Healer","floor":24,"turns":6},{"damage":31,"enemies":"Book of Stabbing","floor":25,"turns":6},{"damage":4,"enemies":"Snecko","floor":30,"turns":4},{"damage":1,"enemies":"Shelled Parasite and Fungi","floor":31,"turns":5},{"damage":41,"enemies":"Collector","floor":33,"turns":6}],"seed_played":"-877898966296479198","potions_obtained":[{"floor":1,"key":"GamblersBrew"},{"floor":7,"key":"Poison Potion"},{"floor":11,"key":"Poison Potion"},{"floor":13,"key":"Ancient Potion"}],"is_trial":false,"path_per_floor":["M","$","M","?","M","R","E","R","T","E","M","?","M","?","R","B",null,"M","?","?","M","M","R","M","E","T","R","?","?","M","M","R","B"],"character_chosen":"DEFECT","items_purchased":["Defragment"],"campfire_rested":4,"item_purchase_floors":[2],"current_hp_per_floor":[64,64,64,64,64,64,46,46,46,38,22,15,12,12,33,32,61,44,44,30,33,22,43,33,2,2,23,23,23,19,18,39,0],"gold":256,"neow_bonus":"UPGRADE_CARD","is_prod":false,"is_daily":false,"chose_seed":false,"campfire_upgraded":2,"win_rate":0,"timestamp":1545759665,"path_taken":["M","$","M","?","M","R","E","R","T","E","M","?","M","?","R","BOSS","M","?","?","?","M","R","M","E","T","R","?","?","M","M","R","BOSS"],"build_version":"2018-12-20","purchased_purges":0,"victory":false,"max_hp_per_floor":[71,71,71,71,71,71,71,71,71,71,71,71,71,71,71,71,71,71,71,71,71,71,71,71,71,71,71,71,71,71,71,71,71],"card_choices":[{"not_picked":["Auto Shields","Consume"],"picked":"Cold Snap","floor":1},{"not_picked":["Sunder","Recycle"],"picked":"Leap","floor":3},{"not_picked":["Sunder","Steam"],"picked":"Streamline","floor":5},{"not_picked":["Gash","Steam","Cold Snap"],"picked":"SKIP","floor":7},{"not_picked":["Sweeping Beam","FTL","Coolheaded"],"picked":"SKIP","floor":10},{"not_picked":["Leap+1","Compile Driver"],"picked":"Coolheaded+1","floor":11},{"not_picked":["Beam Cell","Steam Power+1","Go for the Eyes"],"picked":"Chill+1","floor":13},{"not_picked":["Creative AI","Hyperbeam","Reboot+1"],"picked":"Multi-Cast+1","floor":16},{"not_picked":["Chill+1","Cold Snap","Redo+1"],"picked":"Go for the Eyes","floor":18},{"not_picked":["Stack+1","Compile Driver","Streamline"],"picked":"Gash+1","floor":21},{"not_picked":["Undo+1","Rebound","Heatsinks"],"picked":"Doom and Gloom+1","floor":22},{"not_picked":["Ball Lightning","Rainbow+1","Gash"],"picked":"Stack+1","floor":24},{"not_picked":["Auto Shields+1","Doom and Gloom","Melter","Blizzard+1"],"picked":"SKIP","floor":25},{"not_picked":["Self Repair","Gash","Static Discharge"],"picked":"Beam Cell","floor":30},{"not_picked":["Beam Cell","Rebound","Gash"],"picked":"Glacier+1","floor":31}],"player_experience":982277,"relics_obtained":[{"floor":7,"key":"Letter Opener"},{"floor":10,"key":"Toxic Egg 2"},{"floor":25,"key":"Shovel"},{"floor":26,"key":"Boot"}],"event_choices":[{"damage_healed":0,"gold_gain":0,"player_choice":"Ignored","damage_taken":0,"max_hp_gain":0,"max_hp_loss":0,"event_name":"Liars Game","floor":4,"gold_loss":0},{"damage_healed":0,"gold_gain":0,"player_choice":"Success","damage_taken":7,"relics_obtained":["Question Card"],"max_hp_gain":0,"max_hp_loss":0,"event_name":"Scrap Ooze","floor":12,"gold_loss":0},{"damage_healed":0,"gold_gain":0,"player_choice":"Left Gold","damage_taken":0,"max_hp_gain":0,"max_hp_loss":0,"event_name":"World of Goop","floor":14,"gold_loss":46},{"cards_removed":["Strike_B"],"damage_healed":0,"gold_gain":0,"player_choice":"Gave Gold","damage_taken":0,"max_hp_gain":0,"max_hp_loss":0,"event_name":"Beggar","floor":19,"gold_loss":75},{"damage_healed":0,"gold_gain":0,"player_choice":"POTION ","damage_taken":14,"max_hp_gain":0,"max_hp_loss":0,"event_name":"Knowing Skull","floor":20,"potions_obtained":["Regen Potion"],"gold_loss":0,"cards_obtained":[]},{"damage_healed":0,"gold_gain":0,"player_choice":"Ignored","damage_taken":0,"max_hp_gain":0,"max_hp_loss":0,"event_name":"Cursed Tome","floor":28,"gold_loss":0},{"damage_healed":0,"gold_gain":0,"player_choice":"Ignored","damage_taken":0,"max_hp_gain":0,"max_hp_loss":0,"event_name":"Ghosts","floor":29,"gold_loss":0}],"is_beta":false,"boss_relics":[{"not_picked":["Velvet Choker","Calling Bell"],"picked":"Sozu"}],"items_purged_floors":[],"is_endless":false,"potions_floor_spawned":[1,7,11,13,21,22,24,30],"killed_by":"Collector","ascension_level":14}