{"gold_per_floor":[115,3,16,27,27,27,53,53,53,53,80,11,21,33,33,130,130,144,164,174,174,174,174],"floor_reached":23,"playtime":1151,"items_purged":["Strike_R"],"score":261,"play_id":"ff0fa7de-75de-4d67-9f05-4da62a798751","local_time":"20180726003433","is_ascension_mode":true,"campfire_choices":[{"data":"Armaments","floor":8,"key":"SMITH"},{"data":"Rampage","floor":10,"key":"SMITH"},{"floor":15,"key":"REST"}],"neow_cost":"NONE","seed_source_timestamp":1228557053907939,"circlet_count":0,"master_deck":["Strike_R","Strike_R","Defend_R","Defend_R","Defend_R","Defend_R","Bash+1","Sword Boomerang","Carnage","Armaments+1","Dual Wield","Rampage+1","Armaments+1","Evolve+1","Spot Weakness","Wild Strike+1","Wild Strike+1"],"relics":["Burning Blood","Du-Vu Doll","Frozen Egg 2","Centennial Puzzle","Sozu"],"potions_floor_usage":[16],"damage_taken":[{"damage":1,"enemies":"Cultist","floor":1,"turns":3},{"damage":0,"enemies":"2 Louse","floor":3,"turns":2},{"damage":0,"enemies":"Small Slimes","floor":4,"turns":3},{"damage":21,"enemies":"3 Sentries","floor":7,"turns":6},{"damage":8,"enemies":"Gremlin Nob","floor":11,"turns":3},{"damage":13,"enemies":"Exordium Thugs","floor":13,"turns":7},{"damage":8,"enemies":"Exordium Wildlife","floor":14,"turns":5},{"damage":31,"enemies":"The Guardian","floor":16,"turns":10},{"damage":19,"enemies":"Spheric Guardian","floor":18,"turns":4},{"damage":17,"enemies":"3 Byrds","floor":19,"turns":5},{"damage":30,"enemies":"Sentry and Sphere","floor":20,"turns":7},{"damage":23,"enemies":"Gremlin Leader","floor":23,"turns":6}],"seed_played":"-7659177544093506728","potions_obtained":[{"floor":4,"key":"Block Potion"},{"floor":13,"key":"Fire Potion"},{"floor":16,"key":"Poison Potion"}],"is_trial":false,"path_per_floor":["M","$","M","M","$","?","E","R","T","R","E","$","M","M","R","B",null,"M","M","M","?","?"],"character_chosen":"IRONCLAD","items_purchased":["Carnage","Evolve+1"],"campfire_rested":1,"item_purchase_floors":[2,12],"current_hp_per_floor":[77,77,80,80,80,73,58,58,58,58,56,56,49,47,71,46,72,59,48,24,24,24,1],"gold":174,"neow_bonus":"UPGRADE_CARD","is_prod":false,"is_daily":false,"chose_seed":false,"campfire_upgraded":2,"win_rate":0,"timestamp":1532579673,"path_taken":["M","$","M","M","?","?","E","R","T","R","E","?","M","M","R","BOSS","M","M","M","?","?","E"],"build_version":"2018-07-19v2","purchased_purges":1,"victory":false,"max_hp_per_floor":[80,80,80,80,80,80,80,80,80,80,80,80,80,80,80,80,80,80,80,80,80,80,80],"card_choices":[{"not_picked":["Body Slam","Heavy Blade"],"picked":"Sword Boomerang","floor":1},{"not_picked":["Evolve","Cleave"],"picked":"Armaments","floor":3},{"not_picked":["Sever Soul","Anger"],"picked":"Dual Wield","floor":4},{"not_picked":["Blood for Blood","Clash"],"picked":"Rampage","floor":7},{"not_picked":["Sentinel","Fiend Fire"],"picked":"Armaments","floor":11},{"not_picked":["Iron Wave","Pummel","Thunderclap"],"picked":"SKIP","floor":13},{"not_picked":["True Grit","Anger"],"picked":"Spot Weakness","floor":14},{"not_picked":["Inflame+1","Sword Boomerang"],"picked":"Wild Strike+1","floor":18},{"not_picked":["Dual Wield","True Grit","Entrench"],"picked":"SKIP","floor":19},{"not_picked":["Iron Wave","Anger"],"picked":"Wild Strike+1","floor":20}],"player_experience":316635,"relics_obtained":[{"floor":7,"key":"Du-Vu Doll"},{"floor":9,"key":"Frozen Egg 2"},{"floor":11,"key":"Centennial Puzzle"}],"event_choices":[{"event_name":"Golden Wing","player_choice":"Card Removal","floor":6,"damage_taken":0},{"event_name":"Back to Basics","player_choice":"Elegance","floor":21,"damage_taken":0},{"event_name":"Upgrade Shrine","player_choice":"Upgraded","floor":22,"damage_taken":0}],"is_beta":false,"boss_relics":[{"not_picked":["Cursed Key","White Beast Statue"],"picked":"Sozu"}],"items_purged_floors":[2],"is_endless":false,"potions_floor_spawned":[4,13,16,18],"killed_by":"Gremlin Leader","ascension_level":6}