{"gold_per_floor":[117,128,25,25,36,70,70,103,129,129,163,163,163,175,175,254,254,273,273,292,292,302,329,83,113,164,72,98,2,2,102,102,176,176,190,190,207,1206,1220,1220,617,646,646,646,681,681,708,708,708,708],"floor_reached":51,"playtime":4041,"items_purged":["Strike_R","Normality"],"score":1669,"play_id":"41a4c14f-38b2-4e2a-ac44-b4653255efb0","local_time":"20190802153700","is_ascension_mode":true,"campfire_choices":[{"data":"Fiend Fire","floor":7.0,"key":"SMITH"},{"data":"Feel No Pain","floor":13.0,"key":"SMITH"},{"data":"Heavy Blade","floor":15.0,"key":"SMITH"},{"data":"Jack Of All Trades","floor":30.0,"key":"SMITH"},{"data":"Limit Break","floor":32.0,"key":"SMITH"},{"data":"Flame Barrier","floor":40.0,"key":"SMITH"},{"data":"Inflame","floor":46,"key":"SMITH"},{"data":"True Grit","floor":49,"key":"SMITH"}],"neow_cost":"NONE","seed_source_timestamp":515462598008280,"circlet_count":0,"master_deck":["AscendersBane","Strike_R+1","Strike_R+1","Strike_R+1","Defend_R+1","Defend_R+1","Defend_R+1","Defend_R+1","Bash","Fiend Fire+1","Feel No Pain+1","Anger","Flame Barrier+1","Shrug It Off","Second Wind","Immolate","Heavy Blade+1","Impervious","Flex+1","Sentinel","Seeing Red+1","Limit Break+1","Jack Of All Trades","Thunderclap","Jack Of All Trades+1","Feed","Disarm+1","Armaments","Power Through","Madness","Madness","Seeing Red+1","Normality","Inflame+1","True Grit+1"],"special_seed":0,"relics":["Burning Blood","Red Skull","Pen Nib","Vajra","PreservedInsect","Runic Pyramid","Bronze Scales","Lantern","Magic Flower","Self Forming Clay","FossilizedHelix","Sundial","Orrery","Kunai","Sling","Ancient Tea Set","Gambling Chip","Turnip","Omamori"],"potions_floor_usage":[45],"damage_taken":[{"damage":0.0,"enemies":"2 Louse","floor":1.0,"turns":2.0},{"damage":1.0,"enemies":"Small Slimes","floor":2.0,"turns":2.0},{"damage":7.0,"enemies":"Jaw Worm","floor":5.0,"turns":2.0},{"damage":27.0,"enemies":"Gremlin Nob","floor":6.0,"turns":4.0},{"damage":6.0,"enemies":"3 Sentries","floor":8.0,"turns":12.0},{"damage":24.0,"enemies":"Lagavulin","floor":11.0,"turns":7.0},{"damage":6.0,"enemies":"Exordium Wildlife","floor":14.0,"turns":3.0},{"damage":10.0,"enemies":"Slime Boss","floor":16.0,"turns":7.0},{"damage":0.0,"enemies":"Spheric Guardian","floor":18.0,"turns":6.0},{"damage":2.0,"enemies":"2 Thieves","floor":20.0,"turns":4.0},{"damage":0.0,"enemies":"Snake Plant","floor":22.0,"turns":2.0},{"damage":13.0,"enemies":"Book of Stabbing","floor":23.0,"turns":5.0},{"damage":0.0,"enemies":"Gremlin Leader","floor":25.0,"turns":5.0},{"damage":0.0,"enemies":"Book of Stabbing","floor":28.0,"turns":3.0},{"damage":11.0,"enemies":"Colosseum Slavers","floor":31.0,"turns":2.0},{"damage":0.0,"enemies":"Colosseum Nobs","floor":31.0,"turns":2.0},{"damage":52.0,"enemies":"Automaton","floor":33.0,"turns":7.0},{"damage":0.0,"enemies":"Orb Walker","floor":35.0,"turns":3.0},{"damage":9.0,"enemies":"3 Shapes","floor":37.0,"turns":4.0},{"damage":22.0,"enemies":"Jaw Worm Horde","floor":39.0,"turns":5.0},{"damage":36.0,"enemies":"Reptomancer","floor":42.0,"turns":7.0},{"damage":0,"enemies":"Nemesis","floor":45,"turns":5},{"damage":29,"enemies":"Reptomancer","floor":47,"turns":4},{"damage":13,"enemies":"Time Eater","floor":50,"turns":7}],"seed_played":"-2989817528920766542","potions_obtained":[{"floor":1.0,"key":"Ancient Potion"},{"floor":2.0,"key":"Explosive Potion"},{"floor":11.0,"key":"BloodPotion"},{"floor":20.0,"key":"AttackPotion"},{"floor":23.0,"key":"Strength Potion"},{"floor":25.0,"key":"SteroidPotion"},{"floor":39.0,"key":"SkillPotion"},{"floor":42.0,"key":"SpeedPotion"},{"floor":45,"key":"SmokeBomb"}],"is_trial":false,"path_per_floor":["M","M","$","?","M","E","R","E","T","?","E","?","R","M","R","B",null,"M","?","M","?","M","E","$","E","T","$","E","$","R","?","R","B",null,"M","?","M","?","M","R","$","E","T","?","E","R","E","?","R","B",null],"character_chosen":"IRONCLAD","items_purchased":["Anger","Limit Break","Lantern","Jack Of All Trades","Jack Of All Trades","Kunai","Sling"],"campfire_rested":0,"item_purchase_floors":[3,24,24,27,29,41,41],"current_hp_per_floor":[74,75,75,68,67,46,46,46,46,46,28,33,33,33,33,29,67,73,73,77,77,80,73,73,79,79,79,80,80,80,80,80,37,69,78,64,69,69,56,56,56,59,59,59,68,68,53,53,53,49],"gold":708,"neow_bonus":"ONE_RANDOM_RARE_CARD","is_prod":false,"is_daily":false,"chose_seed":false,"campfire_upgraded":8,"win_rate":0,"timestamp":1564774620,"path_taken":["M","M","$","?","M","E","R","E","T","?","E","?","R","M","R","BOSS","M","?","M","?","M","E","$","E","T","?","E","$","R","?","R","BOSS","M","?","M","?","M","R","$","E","T","?","E","R","E","?","R","BOSS"],"build_version":"2019-07-17","purchased_purges":2,"victory":true,"max_hp_per_floor":[75,75,75,75,75,75,75,75,75,75,75,80,80,80,80,80,80,80,80,80,80,80,80,80,80,80,80,80,80,80,80,80,80,80,80,80,83,83,83,83,83,83,83,83,83,83,86,86,86,86],"card_choices":[{"not_picked":["Dual Wield","Combust"],"picked":"Battle Trance","floor":1.0},{"not_picked":["Twin Strike","Fire Breathing"],"picked":"Feel No Pain","floor":2.0},{"not_picked":["Dual Wield","Iron Wave"],"picked":"Flame Barrier","floor":5.0},{"not_picked":["Sword Boomerang","Havoc"],"picked":"Shrug It Off","floor":6.0},{"not_picked":["Havoc","Infernal Blade"],"picked":"Second Wind","floor":8.0},{"not_picked":["Hemokinesis","Wild Strike"],"picked":"Immolate","floor":11.0},{"not_picked":["Clash","Headbutt"],"picked":"Heavy Blade","floor":14.0},{"not_picked":["Barricade","Berserk"],"picked":"Impervious","floor":16.0},{"not_picked":["Metallicize","Heavy Blade"],"picked":"Flex+1","floor":18.0},{"not_picked":["Rupture+1","Perfected Strike","Heavy Blade+1"],"picked":"SKIP","floor":20.0},{"not_picked":["Heavy Blade","Pommel Strike"],"picked":"Sentinel","floor":22.0},{"not_picked":["Clothesline","Ghostly Armor"],"picked":"Seeing Red+1","floor":23.0},{"not_picked":["Rupture","Cleave+1","Havoc"],"picked":"SKIP","floor":25.0},{"not_picked":["Blood for Blood","Fire Breathing"],"picked":"Thunderclap","floor":28.0},{"not_picked":["Demon Form","Barricade"],"picked":"Feed","floor":33.0},{"not_picked":["Intimidate","Searing Blow"],"picked":"Disarm+1","floor":34.0},{"not_picked":["Anger","Pommel Strike"],"picked":"Armaments","floor":34.0},{"not_picked":["Armaments","Sentinel"],"picked":"Power Through","floor":34.0},{"not_picked":["Clothesline+1","Twin Strike","Perfected Strike"],"picked":"SKIP","floor":35.0},{"not_picked":["Immolate","Clash"],"picked":"Seeing Red+1","floor":37.0},{"not_picked":["Havoc","Wild Strike"],"picked":"Inflame","floor":39.0},{"not_picked":["Demon Form","Iron Wave","Thunderclap+1"],"picked":"SKIP","floor":42.0},{"not_picked":["Thunderclap+1","Bloodletting"],"picked":"True Grit","floor":45},{"not_picked":["Headbutt","Cleave","Sever Soul+1"],"picked":"SKIP","floor":47}],"player_experience":1669576,"relics_obtained":[{"floor":6.0,"key":"Red Skull"},{"floor":8.0,"key":"Pen Nib"},{"floor":9.0,"key":"Vajra"},{"floor":11.0,"key":"PreservedInsect"},{"floor":23.0,"key":"Bronze Scales"},{"floor":25.0,"key":"Magic Flower"},{"floor":28.0,"key":"Self Forming Clay"},{"floor":31.0,"key":"FossilizedHelix"},{"floor":31.0,"key":"Sundial"},{"floor":42.0,"key":"Ancient Tea Set"},{"floor":43.0,"key":"Gambling Chip"},{"floor":45,"key":"Turnip"},{"floor":47,"key":"Omamori"}],"event_choices":[{"cards_removed":["Strike_R"],"damage_healed":0.0,"max_hp_gain":0.0,"max_hp_loss":0.0,"gold_gain":0.0,"event_name":"Golden Wing","player_choice":"Card Removal","floor":4.0,"gold_loss":0.0,"damage_taken":7.0},{"damage_healed":0.0,"max_hp_gain":0.0,"max_hp_loss":0.0,"gold_gain":0.0,"event_name":"Liars Game","player_choice":"Ignored","floor":10.0,"gold_loss":0.0,"damage_taken":0.0},{"damage_healed":0.0,"max_hp_gain":5.0,"max_hp_loss":0.0,"gold_gain":0.0,"event_name":"Big Fish","player_choice":"Donut","floor":12.0,"gold_loss":0.0,"damage_taken":0.0},{"damage_healed":0.0,"max_hp_gain":0.0,"max_hp_loss":0.0,"gold_gain":0.0,"event_name":"Back to Basics","player_choice":"Simplicity","floor":19.0,"gold_loss":0.0,"damage_taken":0.0,"cards_upgraded":["Strike_R","Strike_R","Strike_R","Defend_R","Defend_R","Defend_R","Defend_R"]},{"damage_healed":0.0,"max_hp_gain":0.0,"max_hp_loss":0.0,"gold_gain":0.0,"event_name":"Vampires","player_choice":"Ignored","floor":21.0,"gold_loss":0.0,"damage_taken":0.0},{"damage_healed":0.0,"max_hp_gain":0.0,"max_hp_loss":0.0,"gold_gain":0.0,"event_name":"Colosseum","player_choice":"Fight","floor":31.0,"gold_loss":0.0,"damage_taken":0.0},{"damage_healed":0.0,"max_hp_gain":0.0,"max_hp_loss":0.0,"gold_gain":0.0,"event_name":"Colosseum","player_choice":"Fought Nobs","floor":31.0,"gold_loss":0.0,"damage_taken":0.0},{"damage_healed":0.0,"max_hp_gain":0.0,"max_hp_loss":0.0,"gold_gain":0.0,"event_name":"Winding Halls","player_choice":"Embrace Madness","floor":36.0,"gold_loss":0.0,"damage_taken":14.0,"cards_obtained":["Madness","Madness"]},{"damage_healed":0.0,"max_hp_gain":0.0,"max_hp_loss":0.0,"gold_gain":999.0,"event_name":"MindBloom","player_choice":"Gold","floor":38.0,"gold_loss":0.0,"damage_taken":0.0,"cards_obtained":["Normality","Normality"]},{"cards_removed":["Battle Trance"],"damage_healed":0.0,"max_hp_gain":0.0,"max_hp_loss":0.0,"gold_gain":0.0,"event_name":"Falling","player_choice":"Removed Skill","floor":44.0,"gold_loss":0.0,"damage_taken":0.0},{"damage_healed":0,"gold_gain":0,"player_choice":"Ignored","damage_taken":0,"max_hp_gain":0,"max_hp_loss":0,"event_name":"Tomb of Lord Red Mask","floor":48,"gold_loss":0}],"is_beta":false,"boss_relics":[{"not_picked":["Fusion Hammer","Sozu"],"picked":"Runic Pyramid"},{"not_picked":["Runic Dome","Pandora\u0027s Box"],"picked":"Orrery"}],"items_purged_floors":[3,41],"is_endless":false,"potions_floor_spawned":[1,2,11,20,23,25,28,39,42,45],"ascension_level":19}