{"gold_per_floor":[111,122,134,150,150,150,170,170,170,170,201,218,235,0,0,79,79,94,111,129,129],"floor_reached":21,"playtime":1337,"items_purged":["Strike_G"],"score":370,"play_id":"2279b54f-0792-4d15-a0a3-55f94a9db4b6","local_time":"20190429063623","is_ascension_mode":true,"campfire_choices":[{"data":"Finisher","floor":6,"key":"SMITH"},{"data":"Neutralize","floor":8,"key":"SMITH"},{"data":"Blade Dance","floor":10,"key":"SMITH"},{"floor":15,"key":"REST"}],"neow_cost":"NONE","seed_source_timestamp":417882935638212,"circlet_count":0,"master_deck":["AscendersBane","Defend_G","Defend_G","Defend_G","Defend_G","Defend_G","Strike_G","Strike_G","Strike_G","Strike_G","Survivor","Neutralize+1","Burst","Blade Dance+1","Quick Slash","Dagger Throw","Finisher+1","Escape Plan","After Image","Die Die Die","Flying Knee+1","Dash+1","Terror"],"relics":["Ring of the Snake","Dead Branch","StoneCalendar","Pen Nib","Eternal Feather"],"potions_floor_usage":[11,16,19,20],"damage_taken":[{"damage":1,"enemies":"2 Louse","floor":1,"turns":4},{"damage":1,"enemies":"Small Slimes","floor":2,"turns":3},{"damage":0,"enemies":"Jaw Worm","floor":3,"turns":5},{"damage":20,"enemies":"Exordium Thugs","floor":4,"turns":7},{"damage":0,"enemies":"Exordium Wildlife","floor":7,"turns":2},{"damage":10,"enemies":"3 Sentries","floor":11,"turns":5},{"damage":0,"enemies":"Looter","floor":12,"turns":2},{"damage":10,"enemies":"3 Louse","floor":13,"turns":3},{"damage":5,"enemies":"The Guardian","floor":16,"turns":12},{"damage":15,"enemies":"2 Thieves","floor":18,"turns":3},{"damage":9,"enemies":"Chosen","floor":19,"turns":3},{"damage":17,"enemies":"Shelled Parasite and Fungi","floor":20,"turns":7},{"damage":19,"enemies":"Snecko","floor":21,"turns":3}],"seed_played":"3569804311428720158","potions_obtained":[{"floor":3,"key":"LiquidBronze"},{"floor":4,"key":"Ancient Potion"},{"floor":13,"key":"GamblersBrew"},{"floor":18,"key":"AttackPotion"},{"floor":19,"key":"SkillPotion"}],"is_trial":false,"path_per_floor":["M","M","M","M","?","R","M","R","T","R","E","M","M","$","R","B",null,"M","M","M","M"],"character_chosen":"THE_SILENT","items_purchased":["Pen Nib"],"campfire_rested":1,"item_purchase_floors":[14],"current_hp_per_floor":[58,57,57,37,37,37,37,37,37,37,27,27,17,17,36,31,57,42,33,16,0],"gold":129,"neow_bonus":"ONE_RANDOM_RARE_CARD","is_prod":false,"is_daily":false,"chose_seed":false,"campfire_upgraded":3,"win_rate":0,"timestamp":1556534183,"path_taken":["M","M","M","M","?","R","M","R","T","R","E","M","M","$","R","BOSS","M","M","M","M"],"build_version":"2019-01-23","purchased_purges":1,"victory":false,"max_hp_per_floor":[66,66,66,66,66,66,66,66,66,66,66,66,66,66,66,66,66,66,66,66,66],"card_choices":[{"not_picked":["Accuracy","Quick Slash"],"picked":"Blade Dance","floor":1},{"not_picked":["Terror","All Out Attack"],"picked":"Quick Slash","floor":2},{"not_picked":["PiercingWail","Bane"],"picked":"Dagger Throw","floor":3},{"not_picked":["Slice","Escape Plan"],"picked":"Finisher","floor":4},{"not_picked":["Distraction","Acrobatics","Deadly Poison"],"picked":"SKIP","floor":7},{"not_picked":["Slice","Outmaneuver"],"picked":"Escape Plan","floor":11},{"not_picked":["Deflect","Cloak And Dagger"],"picked":"After Image","floor":12},{"not_picked":["Deadly Poison","Setup","Acrobatics"],"picked":"SKIP","floor":13},{"not_picked":["Corpse Explosion","A Thousand Cuts"],"picked":"Die Die Die","floor":16},{"not_picked":["Dodge and Roll","Prepared"],"picked":"Flying Knee+1","floor":18},{"not_picked":["Skewer","Dagger Spray"],"picked":"Dash+1","floor":19},{"not_picked":["Predator","Concentrate"],"picked":"Terror","floor":20}],"player_experience":1297545,"relics_obtained":[{"floor":9,"key":"Dead Branch"},{"floor":11,"key":"StoneCalendar"}],"event_choices":[{"damage_healed":0,"gold_gain":0,"player_choice":"Ignored","damage_taken":0,"max_hp_gain":0,"max_hp_loss":0,"event_name":"Liars Game","floor":5,"gold_loss":0}],"is_beta":false,"boss_relics":[{"not_picked":["Lizard Tail","Pandora\u0027s Box"],"picked":"Eternal Feather"}],"items_purged_floors":[14],"is_endless":false,"potions_floor_spawned":[3,4,13,18,19],"killed_by":"Snecko","ascension_level":20}