{"gold_per_floor":[111,129,129,142,157,185,185,212,212,228,228,257,267,267,267,343,343,363,363,374,374,385,413,25,36,59,59,94,94,155,173,173,252,252,269,269,269,282,382,382,382],"floor_reached":41,"playtime":3516,"items_purged":[],"score":1092,"play_id":"a35b8d6b-595f-4a62-b354-2fa65a1e7325","local_time":"20190811133842","is_ascension_mode":true,"campfire_choices":[{"floor":7.0,"key":"REST"},{"data":"Barrage","floor":15.0,"key":"SMITH"},{"floor":27.0,"key":"REST"},{"floor":29.0,"key":"REST"},{"floor":32.0,"key":"REST"},{"data":"Tempest","floor":40,"key":"SMITH"}],"neow_cost":"TEN_PERCENT_HP_LOSS","seed_source_timestamp":1286513164679834,"circlet_count":0,"master_deck":["AscendersBane","Strike_B","Strike_B","Defend_B","Defend_B","Zap","Dualcast","Redo","Leap","Echo Form","Sunder","Doom and Gloom","Conserve Battery","Barrage+1","White Noise+1","Tempest+1","Undo","Seek","Barrage+1","Glacier","Chill","Go for the Eyes+1","Rebound+1","Multi-Cast","Cold Snap+1","Conserve Battery+1"],"special_seed":0,"relics":["Cracked Core","Pen Nib","Dream Catcher","Pocketwatch","Philosopher\u0027s Stone","Lantern","TheAbacus","Blood Vial","Orichalcum","Shuriken","Tiny Chest","Nuclear Battery","Singing Bowl","Thread and Needle"],"potions_floor_usage":[38,41],"damage_taken":[{"damage":2.0,"enemies":"Jaw Worm","floor":1.0,"turns":4.0},{"damage":0.0,"enemies":"Small Slimes","floor":2.0,"turns":2.0},{"damage":0.0,"enemies":"Cultist","floor":4.0,"turns":3.0},{"damage":0.0,"enemies":"Exordium Wildlife","floor":5.0,"turns":3.0},{"damage":31.0,"enemies":"3 Sentries","floor":6.0,"turns":5.0},{"damage":30.0,"enemies":"Lagavulin","floor":8.0,"turns":7.0},{"damage":12.0,"enemies":"Lots of Slimes","floor":10.0,"turns":2.0},{"damage":0.0,"enemies":"Gremlin Nob","floor":12.0,"turns":2.0},{"damage":5.0,"enemies":"Red Slaver","floor":13.0,"turns":3.0},{"damage":0.0,"enemies":"The Guardian","floor":16.0,"turns":9.0},{"damage":0.0,"enemies":"Chosen","floor":18.0,"turns":3.0},{"damage":9.0,"enemies":"2 Thieves","floor":20.0,"turns":4.0},{"damage":3.0,"enemies":"Centurion and Healer","floor":22.0,"turns":7.0},{"damage":16.0,"enemies":"Gremlin Leader","floor":23.0,"turns":4.0},{"damage":18.0,"enemies":"3 Cultists","floor":25.0,"turns":6.0},{"damage":12.0,"enemies":"Slavers","floor":28.0,"turns":6.0},{"damage":18.0,"enemies":"Gremlin Leader","floor":30.0,"turns":5.0},{"damage":0.0,"enemies":"Snecko","floor":31.0,"turns":4.0},{"damage":29.0,"enemies":"Automaton","floor":33.0,"turns":8.0},{"damage":28,"enemies":"3 Darklings","floor":35,"turns":5},{"damage":0,"enemies":"Orb Walker","floor":38,"turns":4},{"damage":4,"enemies":"Mind Bloom Boss Battle","floor":39,"turns":6},{"damage":49,"enemies":"Giant Head","floor":41,"turns":7}],"seed_played":"-6463516985705341761","potions_obtained":[{"floor":1.0,"key":"FearPotion"},{"floor":4.0,"key":"Explosive Potion"},{"floor":6.0,"key":"Fire Potion"},{"floor":10.0,"key":"SteroidPotion"},{"floor":12.0,"key":"Energy Potion"},{"floor":18.0,"key":"AttackPotion"},{"floor":22.0,"key":"Strength Potion"},{"floor":31.0,"key":"PowerPotion"},{"floor":35,"key":"GamblersBrew"},{"floor":38,"key":"Regen Potion"}],"is_trial":false,"path_per_floor":["M","M","?","M","M","E","R","E","T","M","?","E","M","?","R","B",null,"M","?","M","?","M","E","$","M","T","R","E","R","E","M","R","B",null,"M","T","?","M","?","R","E"],"character_chosen":"DEFECT","items_purchased":["TheAbacus","Blood Vial"],"campfire_rested":4,"item_purchase_floors":[24,24],"current_hp_per_floor":[62,62,62,62,62,31,50,20,20,8,29,29,24,24,24,24,54,54,54,45,45,42,26,26,10,10,29,19,38,22,24,43,16,52,26,26,26,30,28,28,0],"gold":382,"neow_bonus":"REMOVE_TWO","is_prod":false,"is_daily":false,"chose_seed":false,"campfire_upgraded":2,"win_rate":0,"timestamp":1565545122,"path_taken":["M","M","?","M","M","E","R","E","T","M","?","E","M","?","R","BOSS","M","?","M","?","M","E","?","?","T","R","E","R","E","M","R","BOSS","M","?","?","M","?","R","E"],"build_version":"2019-07-17","purchased_purges":0,"victory":false,"max_hp_per_floor":[64,64,64,64,64,64,64,64,64,64,64,64,64,64,64,64,64,64,64,64,64,64,64,64,64,64,64,64,64,64,64,64,64,64,64,64,64,66,66,66,66],"card_choices":[{"not_picked":["Reprogram","Storm"],"picked":"Redo","floor":1.0},{"not_picked":["Steam","Redo"],"picked":"Leap","floor":2.0},{"not_picked":["Barrage","Leap"],"picked":"Sunder","floor":4.0},{"not_picked":["Self Repair","Auto Shields"],"picked":"Doom and Gloom","floor":5.0},{"not_picked":["Fission","Turbo"],"picked":"Conserve Battery","floor":6.0},{"not_picked":["Sunder","Gash"],"picked":"Barrage","floor":8.0},{"not_picked":["FTL","Barrage"],"picked":"White Noise","floor":10.0},{"not_picked":["Hologram","Leap"],"picked":"Tempest","floor":12.0},{"not_picked":["Beam Cell","Stack"],"picked":"Undo","floor":13.0},{"not_picked":["All For One","Electrodynamics"],"picked":"Seek","floor":16.0},{"not_picked":["Tempest","Hello World"],"picked":"Barrage+1","floor":18.0},{"not_picked":["Leap","Stack","Hologram"],"picked":"SKIP","floor":20.0},{"not_picked":["Melter","Redo"],"picked":"Chill","floor":22.0},{"not_picked":["Loop","Biased Cognition","Compile Driver"],"picked":"SKIP","floor":23.0},{"not_picked":["Redo","Gash","Melter"],"picked":"SKIP","floor":25.0},{"not_picked":["Streamline+1","Rebound"],"picked":"Go for the Eyes+1","floor":27.0},{"not_picked":["BootSequence","Cold Snap","Genetic Algorithm"],"picked":"SKIP","floor":28.0},{"not_picked":["Force Field","Barrage"],"picked":"Rebound+1","floor":29.0},{"not_picked":["Storm","Hologram","FTL"],"picked":"SKIP","floor":30.0},{"not_picked":["Leap","Compile Driver+1","Turbo"],"picked":"SKIP","floor":31.0},{"not_picked":["All For One","Amplify"],"picked":"Multi-Cast","floor":33.0},{"not_picked":["Rebound","Redo"],"picked":"Cold Snap+1","floor":35},{"not_picked":["Gash","Capacitor","White Noise"],"picked":"Singing Bowl","floor":38},{"not_picked":["Coolheaded","Sweeping Beam"],"picked":"Conserve Battery+1","floor":39}],"player_experience":1787795,"relics_obtained":[{"floor":6.0,"key":"Pen Nib"},{"floor":8.0,"key":"Dream Catcher"},{"floor":12.0,"key":"Pocketwatch"},{"floor":23.0,"key":"Lantern"},{"floor":26.0,"key":"Orichalcum"},{"floor":28.0,"key":"Shuriken"},{"floor":30.0,"key":"Tiny Chest"},{"floor":36,"key":"Singing Bowl"},{"floor":39,"key":"Thread and Needle"}],"event_choices":[{"damage_healed":0.0,"max_hp_gain":0.0,"max_hp_loss":0.0,"gold_gain":0.0,"cards_transformed":["Defend_B"],"event_name":"Living Wall","player_choice":"Change","floor":3.0,"gold_loss":0.0,"damage_taken":0.0,"cards_obtained":["Echo Form"]},{"damage_healed":21.0,"max_hp_gain":0.0,"max_hp_loss":0.0,"gold_gain":0.0,"event_name":"Big Fish","player_choice":"Banana","floor":11.0,"gold_loss":0.0,"damage_taken":0.0},{"damage_healed":0.0,"max_hp_gain":0.0,"max_hp_loss":0.0,"gold_gain":0.0,"event_name":"Accursed Blacksmith","player_choice":"Forge","floor":14.0,"gold_loss":0.0,"damage_taken":0.0,"cards_upgraded":["White Noise"]},{"damage_healed":0.0,"max_hp_gain":0.0,"max_hp_loss":0.0,"gold_gain":0.0,"event_name":"The Library","player_choice":"Read","floor":19.0,"gold_loss":0.0,"damage_taken":0.0,"cards_obtained":["Glacier"]},{"damage_healed":0.0,"max_hp_gain":0.0,"max_hp_loss":0.0,"gold_gain":0.0,"event_name":"The Mausoleum","player_choice":"Ignored","floor":21.0,"gold_loss":0.0,"damage_taken":0.0},{"cards_removed":["Strike_B"],"damage_healed":0,"gold_gain":0,"player_choice":"Removed Attack","damage_taken":0,"max_hp_gain":0,"max_hp_loss":0,"event_name":"Falling","floor":37,"gold_loss":0},{"damage_healed":0,"gold_gain":0,"player_choice":"Fight","damage_taken":0,"max_hp_gain":0,"max_hp_loss":0,"event_name":"MindBloom","floor":39,"gold_loss":0}],"is_beta":false,"boss_relics":[{"not_picked":["Astrolabe","Lizard Tail"],"picked":"Philosopher\u0027s Stone"},{"not_picked":["Coffee Dripper","Empty Cage"],"picked":"Nuclear Battery"}],"items_purged_floors":[],"is_endless":false,"potions_floor_spawned":[1,4,6,10,12,18,22,31,35,38],"killed_by":"Giant Head","ascension_level":20}