{"gold_per_floor":[111,125,139,155,155,155,168,186,236,265,235],"floor_reached":11,"playtime":523,"items_purged":[],"score":77,"play_id":"8e254d3c-0b16-4539-a406-24d310f5c528","local_time":"20190322125925","is_ascension_mode":false,"campfire_choices":[{"data":"Zap","floor":6,"key":"SMITH"}],"neow_cost":"TEN_PERCENT_HP_LOSS","seed_source_timestamp":77496329272972,"circlet_count":0,"master_deck":["Strike_B","Strike_B","Strike_B","Strike_B","Defend_B","Defend_B","Defend_B","Defend_B","Zap+1","Dualcast","Electrodynamics","Redo","Blizzard","Ball Lightning","Turbo","Fusion","Stack","Darkness"],"relics":["Cracked Core","PreservedInsect","Kunai"],"potions_floor_usage":[10,11,11],"damage_taken":[{"damage":1,"enemies":"Cultist","floor":1,"turns":3},{"damage":4,"enemies":"2 Louse","floor":2,"turns":3},{"damage":8,"enemies":"Small Slimes","floor":3,"turns":3},{"damage":5,"enemies":"Looter","floor":4,"turns":3},{"damage":10,"enemies":"Exordium Thugs","floor":7,"turns":3},{"damage":6,"enemies":"2 Fungi Beasts","floor":8,"turns":3},{"damage":26,"enemies":"Lagavulin","floor":10,"turns":4},{"damage":10,"enemies":"Looter","floor":11,"turns":2}],"seed_played":"-4282002067197737320","potions_obtained":[{"floor":2,"key":"FearPotion"},{"floor":3,"key":"Explosive Potion"},{"floor":4,"key":"Energy Potion"}],"is_trial":false,"path_per_floor":["M","M","M","M","?","R","M","M","T","E","M"],"character_chosen":"DEFECT","items_purchased":[],"campfire_rested":0,"item_purchase_floors":[],"current_hp_per_floor":[67,63,55,50,50,50,40,34,34,8,0],"gold":235,"neow_bonus":"THREE_RARE_CARDS","is_prod":false,"is_daily":false,"chose_seed":false,"campfire_upgraded":1,"win_rate":0.0,"timestamp":1553223565,"path_taken":["M","M","M","M","?","R","?","M","T","E","M"],"build_version":"2019-01-23","purchased_purges":0,"victory":false,"max_hp_per_floor":[68,68,68,68,68,68,68,68,68,68,68],"card_choices":[{"not_picked":["Biased Cognition","Multi-Cast"],"picked":"Electrodynamics","floor":0},{"not_picked":["Rebound","Streamline"],"picked":"Redo","floor":1},{"not_picked":["Steam","Doom and Gloom"],"picked":"Blizzard","floor":2},{"not_picked":["Coolheaded","Rebound"],"picked":"Ball Lightning","floor":3},{"not_picked":["Gash","Go for the Eyes"],"picked":"Turbo","floor":4},{"not_picked":["BootSequence","Steam Power"],"picked":"Fusion","floor":7},{"not_picked":["Streamline","Rebound"],"picked":"Stack","floor":8},{"not_picked":["Double Energy","Barrage"],"picked":"Darkness","floor":10}],"player_experience":36786,"relics_obtained":[{"floor":9,"key":"PreservedInsect"},{"floor":10,"key":"Kunai"}],"event_choices":[{"damage_healed":0,"gold_gain":0,"player_choice":"Got Potions","damage_taken":0,"max_hp_gain":0,"max_hp_loss":0,"event_name":"Lab","floor":5,"gold_loss":0}],"is_beta":false,"boss_relics":[],"items_purged_floors":[],"is_endless":false,"potions_floor_spawned":[2,3,4,7],"killed_by":"Looter","ascension_level":0}