{"gold_per_floor":[115,130,145,164,179,179,211,211,261,291,304,304,330,343,343,421,421,431,441,441,441],"floor_reached":21,"playtime":1218,"items_purged":[],"score":406,"play_id":"f30b69d0-9f8c-4355-89b3-47d86dd67fb4","local_time":"20190806234150","is_ascension_mode":true,"campfire_choices":[{"data":"Go for the Eyes","floor":6.0,"key":"SMITH"},{"data":"Zap","floor":8.0,"key":"SMITH"},{"floor":15.0,"key":"REST"}],"neow_cost":"NONE","seed_source_timestamp":892983434484764,"circlet_count":0,"master_deck":["AscendersBane","Strike_B","Strike_B","Strike_B","Strike_B","Defend_B","Defend_B","Defend_B","Defend_B","Zap+1","Dualcast","Auto Shields","Go for the Eyes+1","Cold Snap","Melter","Cold Snap","Glacier","Electrodynamics","Tempest","Fission","RitualDagger"],"special_seed":0,"relics":["Cracked Core","Ginger","Smiling Mask","Singing Bowl","Vajra","Inserter"],"potions_floor_usage":[21],"damage_taken":[{"damage":0.0,"enemies":"2 Louse","floor":1.0,"turns":2.0},{"damage":1.0,"enemies":"Cultist","floor":2.0,"turns":4.0},{"damage":2.0,"enemies":"Jaw Worm","floor":3.0,"turns":3.0},{"damage":24.0,"enemies":"Large Slime","floor":4.0,"turns":6.0},{"damage":0.0,"enemies":"2 Fungi Beasts","floor":5.0,"turns":4.0},{"damage":14.0,"enemies":"Gremlin Nob","floor":7.0,"turns":4.0},{"damage":17.0,"enemies":"3 Sentries","floor":10.0,"turns":10.0},{"damage":2.0,"enemies":"3 Louse","floor":11.0,"turns":3.0},{"damage":11.0,"enemies":"Lagavulin","floor":13.0,"turns":8.0},{"damage":0.0,"enemies":"Large Slime","floor":14.0,"turns":3.0},{"damage":17.0,"enemies":"The Guardian","floor":16.0,"turns":14.0},{"damage":7.0,"enemies":"Chosen","floor":18.0,"turns":4.0},{"damage":12.0,"enemies":"Spheric Guardian","floor":19.0,"turns":4.0},{"damage":50,"enemies":"Cultist and Chosen","floor":21,"turns":4}],"seed_played":"-1414489690732012696","potions_obtained":[{"floor":1.0,"key":"Swift Potion"},{"floor":3.0,"key":"Poison Potion"},{"floor":5.0,"key":"GamblersBrew"},{"floor":16.0,"key":"SteroidPotion"},{"floor":18.0,"key":"Swift Potion"}],"is_trial":false,"path_per_floor":["M","M","M","M","M","R","E","R","T","E","M","?","E","M","R","B",null,"M","M","?","M"],"character_chosen":"DEFECT","items_purchased":[],"campfire_rested":1,"item_purchase_floors":[],"current_hp_per_floor":[71,70,68,44,44,44,30,30,30,15,15,15,4,6,31,14,67,62,52,46,0],"gold":441,"neow_bonus":"TEN_PERCENT_HP_BONUS","is_prod":false,"is_daily":false,"chose_seed":false,"campfire_upgraded":2,"win_rate":0,"timestamp":1565149310,"path_taken":["M","M","M","M","M","R","E","R","T","E","M","?","E","?","R","BOSS","M","M","?","M"],"build_version":"2019-07-17","purchased_purges":0,"victory":false,"max_hp_per_floor":[78,78,78,78,78,78,78,78,78,80,82,82,82,84,84,84,84,86,88,88,88],"card_choices":[{"not_picked":["Redo","Hologram"],"picked":"Auto Shields","floor":1.0},{"not_picked":["Reprogram","Conserve Battery"],"picked":"Go for the Eyes","floor":2.0},{"not_picked":["Leap","Auto Shields"],"picked":"Cold Snap","floor":3.0},{"not_picked":["Steam","Turbo"],"picked":"Melter","floor":4.0},{"not_picked":["Capacitor","Turbo"],"picked":"Cold Snap","floor":5.0},{"not_picked":["Gash","BootSequence"],"picked":"Glacier","floor":7.0},{"not_picked":["Leap","Thunder Strike","Turbo"],"picked":"Singing Bowl","floor":10.0},{"not_picked":["Skim","Glacier","Undo"],"picked":"Singing Bowl","floor":11.0},{"not_picked":["Coolheaded","Heatsinks"],"picked":"Tempest","floor":13.0},{"not_picked":["Gash","Blizzard","Coolheaded"],"picked":"Singing Bowl","floor":14.0},{"not_picked":["Core Surge","Seek"],"picked":"Fission","floor":16.0},{"not_picked":["Rebound","Go for the Eyes+1","Chaos"],"picked":"Singing Bowl","floor":18.0},{"not_picked":["Self Repair","Sweeping Beam","Steam"],"picked":"Singing Bowl","floor":19.0}],"player_experience":1729690,"relics_obtained":[{"floor":7.0,"key":"Ginger"},{"floor":9.0,"key":"Smiling Mask"},{"floor":10.0,"key":"Singing Bowl"},{"floor":13.0,"key":"Vajra"}],"event_choices":[{"damage_healed":0.0,"max_hp_gain":0.0,"max_hp_loss":0.0,"gold_gain":0.0,"event_name":"Match and Keep!","player_choice":"1 cards matched","floor":12.0,"gold_loss":0.0,"damage_taken":0.0,"cards_obtained":["Electrodynamics"]},{"damage_healed":0.0,"max_hp_gain":0.0,"max_hp_loss":0.0,"gold_gain":0.0,"event_name":"Nest","player_choice":"Joined the Cult","floor":20.0,"gold_loss":0.0,"damage_taken":6.0,"cards_obtained":["RitualDagger"]}],"is_beta":false,"boss_relics":[{"not_picked":["Fusion Hammer","Tiny House"],"picked":"Inserter"}],"items_purged_floors":[],"is_endless":false,"potions_floor_spawned":[1,3,5,16,18],"killed_by":"Cultist and Chosen","ascension_level":20}