{"gold_per_floor":[209,225,249,16,34,34,60,72,84,124,29,42,52,66,66,165,165,184,165,192,206,306,337,2,2,2,22,22,55,55,74,74,169,169,187,187,239,249,79,79,106,106,106,116,116,116,116,338,338,338,338,338,8,66,66],"floor_reached":56,"playtime":2437,"items_purged":[],"score":1363,"play_id":"da3f4449-04c1-4801-a659-db6668e33f40","local_time":"20190327212227","is_ascension_mode":false,"campfire_choices":[{"data":"Static Discharge","floor":6,"key":"SMITH"},{"data":"Zap","floor":8,"key":"SMITH"},{"floor":15,"key":"REST"},{"floor":25,"key":"REST"},{"data":"Consume","floor":28,"key":"SMITH"},{"floor":32,"key":"REST"},{"data":"Apotheosis","floor":40,"key":"SMITH"},{"data":"Genetic Algorithm","floor":45,"key":"SMITH"},{"floor":47,"key":"DIG"},{"floor":49,"key":"RECALL"},{"floor":52,"key":"DIG"}],"neow_cost":"NONE","seed_source_timestamp":37065220628385,"circlet_count":0,"master_deck":["Strike_B","Strike_B","Strike_B","Strike_B","Defend_B","Defend_B+1","Defend_B","Defend_B","Zap+1","Dualcast+1","Cold Snap","Conserve Battery","Static Discharge+1","Turbo","Ball Lightning","Aggregate","Genetic Algorithm+1","Defragment","Sunder","Cold Snap","Capacitor","Ball Lightning","Electrodynamics","Decay","Clumsy","Shame","Chill+1","Auto Shields","Defragment","Consume+1","Loop+1","Storm+1","Apotheosis+1","FTL","Turbo","Defragment+1","Gash+1","Creative AI+1","Streamline","Blind","HandOfGreed","Flash of Steel","Force Field+1","Redo+1","Stack","Madness","Madness","Doom and Gloom","Panacea","Ball Lightning","Amplify","Capacitor+1","Coolheaded+1"],"relics":["Cracked Core","Anchor","MawBank","Pocketwatch","Odd Mushroom","Calling Bell","Regal Pillow","Dodecahedron","FossilizedHelix","Red Mask","Incense Burner","Frozen Egg 2","Smiling Mask","Membership Card","Letter Opener","Bottled Lightning","Enchiridion","Lizard Tail","Bird Faced Urn","Medical Kit","Juzu Bracelet","Ice Cream","Shovel","War Paint","Ornamental Fan","Boot","DollysMirror","Strawberry"],"potions_floor_usage":[7,19,20,20,23,27,29,33,50,55],"damage_taken":[{"damage":1,"enemies":"Cultist","floor":1,"turns":4},{"damage":4,"enemies":"Jaw Worm","floor":2,"turns":3},{"damage":0,"enemies":"2 Louse","floor":5,"turns":2},{"damage":26,"enemies":"Lagavulin","floor":7,"turns":6},{"damage":1,"enemies":"The Mushroom Lair","floor":10,"turns":4},{"damage":4,"enemies":"Looter","floor":12,"turns":3},{"damage":5,"enemies":"Large Slime","floor":13,"turns":5},{"damage":0,"enemies":"Exordium Wildlife","floor":14,"turns":4},{"damage":0,"enemies":"Slime Boss","floor":16,"turns":9},{"damage":0,"enemies":"Spheric Guardian","floor":18,"turns":3},{"damage":11,"enemies":"2 Thieves","floor":19,"turns":4},{"damage":9,"enemies":"Masked Bandits","floor":20,"turns":3},{"damage":0,"enemies":"Cultist and Chosen","floor":21,"turns":5},{"damage":5,"enemies":"Colosseum Slavers","floor":22,"turns":5},{"damage":2,"enemies":"Colosseum Nobs","floor":22,"turns":4},{"damage":22,"enemies":"Book of Stabbing","floor":23,"turns":4},{"damage":0,"enemies":"Snake Plant","floor":27,"turns":5},{"damage":15,"enemies":"Gremlin Leader","floor":29,"turns":5},{"damage":0,"enemies":"Chosen and Byrds","floor":31,"turns":3},{"damage":25,"enemies":"Collector","floor":33,"turns":8},{"damage":0,"enemies":"Orb Walker","floor":35,"turns":3},{"damage":0,"enemies":"2 Orb Walkers","floor":37,"turns":5},{"damage":0,"enemies":"3 Shapes","floor":38,"turns":3},{"damage":25,"enemies":"Reptomancer","floor":41,"turns":4},{"damage":0,"enemies":"Sphere and 2 Shapes","floor":44,"turns":3},{"damage":49,"enemies":"Donu and Deca","floor":50,"turns":7},{"damage":39,"enemies":"Shield and Spear","floor":54,"turns":5},{"damage":74,"enemies":"The Heart","floor":55,"turns":8}],"seed_played":"1349736007291983917","potions_obtained":[{"floor":2,"key":"SkillPotion"},{"floor":7,"key":"Swift Potion"},{"floor":10,"key":"GamblersBrew"},{"floor":13,"key":"EssenceOfSteel"},{"floor":14,"key":"FairyPotion"},{"floor":19,"key":"Fire Potion"},{"floor":22,"key":"Fire Potion"},{"floor":23,"key":"Block Potion"},{"floor":27,"key":"SpeedPotion"},{"floor":29,"key":"PowerPotion"},{"floor":41,"key":"SteroidPotion"},{"floor":44,"key":"AttackPotion"},{"floor":54,"key":"LiquidBronze"}],"is_trial":false,"path_per_floor":["M","M","T","$","M","R","E","R","T","?","$","M","M","M","R","B",null,"M","M","?","M","?","E","$","R","T","M","R","E","?","M","R","B",null,"M","?","?","M","$","R","E","?","T","M","R","?","R","?","R","B",null,"R","$","E","B",null],"character_chosen":"DEFECT","items_purchased":["Anchor","Static Discharge","Turbo","Defragment","Sunder","Membership Card","Apotheosis","FTL","Turbo","Medical Kit","Juzu Bracelet","Panacea","Boot","DollysMirror","Amplify","Capacitor+1"],"campfire_rested":3,"item_purchase_floors":[4,4,4,11,11,24,24,24,24,39,39,53,53,53,53,53],"current_hp_per_floor":[74,70,70,70,70,70,44,44,44,43,43,39,34,34,56,56,75,75,64,55,55,48,26,26,63,63,63,63,48,32,32,69,44,75,75,65,65,73,73,73,60,51,51,57,57,57,57,57,57,22,75,75,75,59,7],"gold":66,"neow_bonus":"HUNDRED_GOLD","is_prod":false,"is_daily":false,"chose_seed":false,"campfire_upgraded":5,"win_rate":0,"timestamp":1553685747,"path_taken":["M","?","?","$","?","R","E","R","T","?","?","M","M","M","R","BOSS","M","M","?","M","?","E","$","R","T","M","R","E","?","M","R","BOSS","M","?","?","M","?","R","E","?","T","M","R","?","R","?","R","BOSS","R","$","E","BOSS"],"build_version":"2019-01-23","purchased_purges":0,"victory":true,"max_hp_per_floor":[75,75,75,75,75,75,75,75,75,75,75,75,75,75,75,75,75,75,75,75,75,75,75,75,75,75,75,75,75,75,75,75,75,75,75,75,75,75,75,75,75,75,75,75,75,75,75,75,75,75,75,75,75,82,82],"card_choices":[{"not_picked":["Rip and Tear","Barrage"],"picked":"Cold Snap","floor":1},{"not_picked":["Reprogram","Hologram"],"picked":"Conserve Battery","floor":2},{"not_picked":["Barrage","Steam"],"picked":"Ball Lightning","floor":5},{"not_picked":["Skim","Double Energy"],"picked":"Aggregate","floor":7},{"not_picked":["Leap","Barrage"],"picked":"Genetic Algorithm","floor":10},{"not_picked":["Steam Power","Go for the Eyes"],"picked":"Cold Snap","floor":12},{"not_picked":["Cold Snap","Echo Form"],"picked":"Capacitor","floor":13},{"not_picked":["Stack","Rip and Tear"],"picked":"Ball Lightning","floor":14},{"not_picked":["Machine Learning","Core Surge"],"picked":"Electrodynamics","floor":16},{"not_picked":["Sweeping Beam","Genetic Algorithm"],"picked":"Chill+1","floor":18},{"not_picked":["Reinforced Body","Blizzard"],"picked":"Auto Shields","floor":19},{"not_picked":["Coolheaded","Beam Cell"],"picked":"Defragment","floor":20},{"not_picked":["Sunder","Melter+1"],"picked":"Consume","floor":21},{"not_picked":["Chill","Capacitor"],"picked":"Loop","floor":22},{"not_picked":["Loop+1","Force Field"],"picked":"Storm+1","floor":23},{"not_picked":["Melter+1","Beam Cell"],"picked":"Defragment+1","floor":27},{"not_picked":["Rip and Tear","Coolheaded"],"picked":"Gash+1","floor":29},{"not_picked":["Barrage+1","Beam Cell"],"picked":"Ball Lightning+1","floor":31},{"not_picked":["Core Surge","Fission"],"picked":"Creative AI+1","floor":33},{"not_picked":["Leap+1","Turbo+1"],"picked":"Streamline","floor":35},{"not_picked":["Impatience","PanicButton"],"picked":"Blind","floor":36},{"not_picked":["Transmutation","Impatience"],"picked":"HandOfGreed","floor":36},{"not_picked":["PanicButton","Good Instincts"],"picked":"Flash of Steel","floor":36},{"not_picked":["Cold Snap+1","Steam"],"picked":"Force Field+1","floor":37},{"not_picked":["Beam Cell","Rebound+1"],"picked":"Redo+1","floor":38},{"not_picked":["Streamline+1","Rebound"],"picked":"Stack","floor":41},{"not_picked":["Go for the Eyes","Leap+1"],"picked":"Doom and Gloom","floor":44},{"not_picked":["All For One","Beam Cell"],"picked":"Coolheaded+1","floor":54}],"player_experience":211208,"relics_obtained":[{"floor":7,"key":"MawBank"},{"floor":9,"key":"Pocketwatch"},{"floor":10,"key":"Odd Mushroom"},{"floor":17,"key":"Regal Pillow"},{"floor":17,"key":"Dodecahedron"},{"floor":17,"key":"FossilizedHelix"},{"floor":20,"key":"Red Mask"},{"floor":22,"key":"Incense Burner"},{"floor":22,"key":"Frozen Egg 2"},{"floor":23,"key":"Smiling Mask"},{"floor":26,"key":"Letter Opener"},{"floor":29,"key":"Bottled Lightning"},{"floor":30,"key":"Enchiridion"},{"floor":37,"key":"Bird Faced Urn"},{"floor":41,"key":"Ice Cream"},{"floor":43,"key":"Shovel"},{"floor":47,"key":"War Paint"},{"floor":52,"key":"Ornamental Fan"},{"floor":54,"key":"Strawberry"}],"event_choices":[{"damage_healed":0,"gold_gain":0,"player_choice":"Fought Mushrooms","damage_taken":0,"max_hp_gain":0,"max_hp_loss":0,"event_name":"Mushrooms","floor":10,"gold_loss":0},{"damage_healed":0,"gold_gain":0,"player_choice":"Fought Bandits","damage_taken":0,"max_hp_gain":0,"max_hp_loss":0,"event_name":"Masked Bandits","floor":20,"gold_loss":0},{"damage_healed":0,"gold_gain":0,"player_choice":"Fight","damage_taken":0,"max_hp_gain":0,"max_hp_loss":0,"event_name":"Colosseum","floor":22,"gold_loss":0},{"damage_healed":0,"gold_gain":0,"player_choice":"Fought Nobs","damage_taken":0,"max_hp_gain":0,"max_hp_loss":0,"event_name":"Colosseum","floor":22,"gold_loss":0},{"damage_healed":0,"gold_gain":0,"player_choice":"Obtained Book","damage_taken":16,"max_hp_gain":0,"max_hp_loss":0,"event_name":"Cursed Tome","floor":30,"gold_loss":0},{"damage_healed":0,"gold_gain":0,"player_choice":"Memory 3","damage_taken":10,"max_hp_gain":0,"max_hp_loss":0,"event_name":"SensoryStone","floor":36,"gold_loss":0},{"damage_healed":0,"gold_gain":0,"player_choice":"Fight","damage_taken":0,"max_hp_gain":0,"max_hp_loss":0,"event_name":"Mysterious Sphere","floor":37,"gold_loss":0},{"damage_healed":0,"gold_gain":0,"player_choice":"Embrace Madness","damage_taken":9,"max_hp_gain":0,"max_hp_loss":0,"event_name":"Winding Halls","floor":42,"gold_loss":0,"cards_obtained":["Madness","Madness"]},{"cards_removed":["Ball Lightning"],"damage_healed":0,"gold_gain":0,"player_choice":"Removed Attack","damage_taken":0,"max_hp_gain":0,"max_hp_loss":0,"event_name":"Falling","floor":46,"gold_loss":0},{"damage_healed":0,"gold_gain":222,"player_choice":"Wore Mask","damage_taken":0,"max_hp_gain":0,"max_hp_loss":0,"event_name":"Tomb of Lord Red Mask","floor":48,"gold_loss":0}],"is_beta":false,"boss_relics":[{"not_picked":["White Beast Statue","FrozenCore"],"picked":"Calling Bell"},{"not_picked":["Orrery","Empty Cage"],"picked":"Lizard Tail"}],"items_purged_floors":[],"is_endless":false,"potions_floor_spawned":[2,7,10,13,14,16,18,19,22,23,27,29,41,44,54],"ascension_level":0}