{"gold_per_floor":[109,109,154,154,172,172,207,207,207,222,21,21],"floor_reached":12,"playtime":394,"items_purged":[],"score":99,"play_id":"e6b5ba2c-ec82-497d-b35f-05345db101bd","local_time":"20190522213736","is_ascension_mode":true,"campfire_choices":[{"data":"Fusion","floor":6,"key":"SMITH"},{"floor":8,"key":"REST"}],"neow_cost":"NONE","seed_source_timestamp":3828176209501,"circlet_count":0,"master_deck":["Strike_B","Strike_B","Strike_B","Strike_B","Defend_B","Defend_B","Defend_B","Defend_B","Zap","Dualcast+1","Hologram","Coolheaded","Fusion+1","Biased Cognition","Cold Snap","Panacea"],"relics":["Cracked Core","Juzu Bracelet","Darkstone Periapt","The Courier","Regal Pillow"],"potions_floor_usage":[],"damage_taken":[{"damage":12,"enemies":"Small Slimes","floor":1,"turns":3},{"damage":2,"enemies":"Jaw Worm","floor":5,"turns":3},{"damage":50,"enemies":"3 Sentries","floor":7,"turns":12},{"damage":3,"enemies":"Cultist","floor":10,"turns":3},{"damage":26,"enemies":"Gremlin Gang","floor":12,"turns":2}],"seed_played":"5833894910134341986","potions_obtained":[{"floor":7,"key":"Weak Potion"}],"is_trial":false,"path_per_floor":["M","?","T","?","M","R","E","R","T","M","$","M"],"character_chosen":"DEFECT","items_purchased":["Regal Pillow","Panacea"],"campfire_rested":1,"item_purchase_floors":[11,11],"current_hp_per_floor":[56,56,56,56,54,54,4,26,26,23,23,0],"gold":21,"neow_bonus":"THREE_CARDS","is_prod":false,"is_daily":false,"chose_seed":false,"campfire_upgraded":1,"win_rate":0,"timestamp":1558525056,"path_taken":["M","?","?","?","M","R","E","R","T","M","$","M"],"build_version":"2019-01-23","purchased_purges":0,"victory":false,"max_hp_per_floor":[75,75,75,75,75,75,75,75,75,75,75,75],"card_choices":[{"not_picked":["Compile Driver","Stack"],"picked":"Hologram","floor":0},{"not_picked":["Stack","Capacitor"],"picked":"Coolheaded","floor":1},{"not_picked":["Consume","Gash"],"picked":"Fusion","floor":5},{"not_picked":["Compile Driver","Hologram"],"picked":"Biased Cognition","floor":7},{"not_picked":["Turbo","Barrage"],"picked":"Cold Snap","floor":10}],"player_experience":698703,"relics_obtained":[{"floor":3,"key":"Juzu Bracelet"},{"floor":7,"key":"Darkstone Periapt"},{"floor":9,"key":"The Courier"}],"event_choices":[{"damage_healed":0,"gold_gain":0,"player_choice":"Ignored","damage_taken":0,"max_hp_gain":0,"max_hp_loss":0,"event_name":"Golden Wing","floor":2,"gold_loss":0},{"damage_healed":0,"gold_gain":0,"player_choice":"Upgraded","damage_taken":0,"max_hp_gain":0,"max_hp_loss":0,"event_name":"Upgrade Shrine","floor":4,"gold_loss":0,"cards_upgraded":["Dualcast"]}],"is_beta":false,"boss_relics":[],"items_purged_floors":[],"is_endless":false,"potions_floor_spawned":[7],"killed_by":"Gremlin Gang","ascension_level":6}