{"gold_per_floor":[109,109,133,147,147,147,181,181,207,159,159,197,215,228,228,228],"floor_reached":16,"playtime":663,"items_purged":[],"score":171,"play_id":"af13ec5c-1be0-453c-a3a3-fa503027066a","local_time":"20190623030437","is_ascension_mode":true,"campfire_choices":[{"floor":6,"key":"REST"},{"floor":8,"key":"REST"},{"floor":11,"key":"REST"},{"floor":15,"key":"REST"}],"neow_cost":"PERCENT_DAMAGE","seed_source_timestamp":31948777713920,"circlet_count":0,"master_deck":["AscendersBane","Strike_B","Strike_B","Strike_B","Strike_B","Defend_B","Defend_B","Defend_B","Defend_B","Zap","Dualcast","Consume","Injury","Cold Snap","Capacitor","Double Energy","Go for the Eyes","Ball Lightning","Coolheaded"],"relics":["Cracked Core","Peace Pipe","Golden Idol","Vajra","Bottled Lightning","PreservedInsect","Frozen Egg 2"],"potions_floor_usage":[12,12,16],"damage_taken":[{"damage":2,"enemies":"Jaw Worm","floor":1,"turns":3},{"damage":10,"enemies":"2 Louse","floor":3,"turns":2},{"damage":1,"enemies":"Cultist","floor":4,"turns":4},{"damage":34,"enemies":"3 Sentries","floor":7,"turns":12},{"damage":12,"enemies":"Gremlin Nob","floor":12,"turns":3},{"damage":17,"enemies":"Red Slaver","floor":13,"turns":4},{"damage":14,"enemies":"Blue Slaver","floor":14,"turns":3},{"damage":31,"enemies":"Slime Boss","floor":16,"turns":6}],"seed_played":"-4507695566507506604","potions_obtained":[{"floor":4,"key":"Weak Potion"},{"floor":7,"key":"Strength Potion"},{"floor":13,"key":"Explosive Potion"}],"is_trial":false,"path_per_floor":["M","?","M","M","?","R","E","R","T","?","R","E","M","M","R","B"],"character_chosen":"DEFECT","items_purchased":[],"campfire_rested":4,"item_purchase_floors":[],"current_hp_per_floor":[48,48,38,37,19,41,7,29,29,29,51,39,22,8,30,0],"gold":228,"neow_bonus":"ONE_RARE_RELIC","is_prod":false,"is_daily":false,"chose_seed":false,"campfire_upgraded":0,"win_rate":0,"timestamp":1561223077,"path_taken":["M","?","M","M","?","R","E","R","T","?","R","E","?","M","R","BOSS"],"build_version":"2019-01-23","purchased_purges":0,"victory":false,"max_hp_per_floor":[75,75,75,75,75,75,75,75,75,75,75,75,75,75,75,75],"card_choices":[{"not_picked":["Rebound","Steam Power"],"picked":"Consume","floor":1},{"not_picked":["Stack","Gash"],"picked":"Cold Snap","floor":3},{"not_picked":["Barrage","Sweeping Beam"],"picked":"Capacitor","floor":4},{"not_picked":["Coolheaded","Gash"],"picked":"Double Energy","floor":7},{"not_picked":["Coolheaded","Auto Shields"],"picked":"Go for the Eyes","floor":12},{"not_picked":["Recycle","Steam"],"picked":"Ball Lightning","floor":13},{"not_picked":["Reprogram","Tempest"],"picked":"Coolheaded","floor":14}],"player_experience":872165,"relics_obtained":[{"floor":7,"key":"Bottled Lightning"},{"floor":9,"key":"PreservedInsect"},{"floor":12,"key":"Frozen Egg 2"}],"event_choices":[{"damage_healed":0,"gold_gain":0,"player_choice":"Take Wound","damage_taken":0,"relics_obtained":["Golden Idol"],"max_hp_gain":0,"max_hp_loss":0,"event_name":"Golden Idol","floor":2,"gold_loss":0,"cards_obtained":["Injury"]},{"damage_healed":0,"gold_gain":0,"player_choice":"Success","damage_taken":18,"relics_obtained":["Vajra"],"max_hp_gain":0,"max_hp_loss":0,"event_name":"Scrap Ooze","floor":5,"gold_loss":0},{"damage_healed":0,"gold_gain":0,"player_choice":"Left Gold","damage_taken":0,"max_hp_gain":0,"max_hp_loss":0,"event_name":"World of Goop","floor":10,"gold_loss":48}],"is_beta":false,"boss_relics":[],"items_purged_floors":[],"is_endless":false,"potions_floor_spawned":[4,7,13],"killed_by":"Slime Boss","ascension_level":11}