{"gold_per_floor":[113,113,38,52,72,103,114,114,114,64,78,97,130,148,148,249,249,264,275,292,309,224,224,258,258,326,226,226,101,114,143,143,241,241,253,270,285,285,285,285,299,299,299,299,330,330,350,350,350,350,350,350,200,200],"floor_reached":54,"playtime":3882,"items_purged":["Strike_R","Strike_R","Strike_R","Feed"],"score":744,"play_id":"6f46edb1-05e8-45c3-86a1-c0413363f2b4","local_time":"20190910203303","is_ascension_mode":false,"campfire_choices":[{"data":"Whirlwind","floor":8,"key":"SMITH"},{"data":"Disarm","floor":15,"key":"SMITH"},{"data":"Flex","floor":23,"key":"SMITH"},{"data":"Limit Break","floor":25,"key":"SMITH"},{"data":"Limit Break","floor":28,"key":"SMITH"},{"data":"Rampage","floor":32,"key":"SMITH"},{"data":"Offering","floor":40,"key":"SMITH"},{"floor":42,"key":"RECALL"},{"data":"Sword Boomerang","floor":44,"key":"SMITH"},{"data":"Battle Trance","floor":46,"key":"SMITH"},{"floor":49,"key":"REST"},{"data":"Defend_R","floor":52,"key":"SMITH"}],"neow_cost":"NONE","seed_source_timestamp":178036636473000,"circlet_count":0,"master_deck":["Defend_R+1","Defend_R+1","Defend_R","Defend_R","Bash+1","Limit Break+1","Sword Boomerang+1","Dropkick","Whirlwind+1","Ghostly Armor+1","Disarm+1","Limit Break+1","Flex+1","Rampage+1","Armaments+1","Heavy Blade+1","Offering+1","Clothesline+1","Battle Trance+1"],"relics":["Burning Blood","Anchor","Orichalcum","Kunai","Sozu","Oddly Smooth Stone","Blood Vial","Pear","Pen Nib","Philosopher\u0027s Stone","War Paint"],"potions_floor_usage":[13,13,18,31],"damage_taken":[{"damage":9,"enemies":"Small Slimes","floor":1,"turns":5},{"damage":1,"enemies":"Cultist","floor":4,"turns":3},{"damage":1,"enemies":"Jaw Worm","floor":5,"turns":3},{"damage":34,"enemies":"Gremlin Nob","floor":6,"turns":5},{"damage":4,"enemies":"Blue Slaver","floor":7,"turns":4},{"damage":1,"enemies":"Large Slime","floor":11,"turns":4},{"damage":0,"enemies":"Gremlin Gang","floor":12,"turns":1},{"damage":3,"enemies":"Lagavulin","floor":13,"turns":6},{"damage":11,"enemies":"Exordium Thugs","floor":14,"turns":5},{"damage":21,"enemies":"Hexaghost","floor":16,"turns":14},{"damage":24,"enemies":"Spheric Guardian","floor":18,"turns":6},{"damage":0,"enemies":"Chosen","floor":19,"turns":3},{"damage":10,"enemies":"3 Cultists","floor":20,"turns":5},{"damage":17,"enemies":"Snake Plant","floor":21,"turns":4},{"damage":16,"enemies":"Gremlin Leader","floor":24,"turns":8},{"damage":0,"enemies":"Centurion and Healer","floor":30,"turns":5},{"damage":11,"enemies":"Slavers","floor":31,"turns":5},{"damage":10,"enemies":"Champ","floor":33,"turns":8},{"damage":0,"enemies":"3 Darklings","floor":35,"turns":1},{"damage":3,"enemies":"3 Shapes","floor":36,"turns":3},{"damage":0,"enemies":"3 Darklings","floor":37,"turns":2},{"damage":12,"enemies":"Maw","floor":41,"turns":6},{"damage":6,"enemies":"Nemesis","floor":45,"turns":5},{"damage":29,"enemies":"4 Shapes","floor":47,"turns":7},{"damage":64,"enemies":"Time Eater","floor":50,"turns":10},{"damage":91,"enemies":"Shield and Spear","floor":54,"turns":5}],"seed_played":"-7509540850699726745","potions_obtained":[{"floor":1,"key":"Explosive Potion"},{"floor":5,"key":"PowerPotion"},{"floor":6,"key":"SkillPotion"},{"floor":14,"key":"AttackPotion"},{"floor":16,"key":"SmokeBomb"}],"is_trial":false,"path_per_floor":["M","?","$","M","M","E","M","R","T","?","M","M","E","M","R","B",null,"M","M","M","M","?","R","E","R","T","$","R","$","M","E","R","B",null,"M","M","M","?","?","R","M","R","T","R","E","R","M","?","R","B",null,"R","$","E"],"character_chosen":"IRONCLAD","items_purchased":[],"campfire_rested":1,"item_purchase_floors":[],"current_hp_per_floor":[77,77,77,80,80,52,54,54,54,54,59,65,68,63,63,48,80,62,68,64,53,53,53,43,43,53,53,53,53,61,58,58,56,90,90,93,93,93,88,88,82,82,82,82,84,84,66,66,91,33,91,91,91,0],"gold":200,"neow_bonus":"TRANSFORM_CARD","is_prod":false,"is_daily":false,"chose_seed":false,"campfire_upgraded":10,"win_rate":0,"timestamp":1568143983,"path_taken":["M","?","$","M","M","E","?","R","T","?","M","M","E","M","R","BOSS","M","M","M","M","?","R","E","R","T","$","R","$","M","E","R","BOSS","M","M","M","?","?","R","M","R","T","R","E","R","M","?","R","BOSS","R","$","E"],"build_version":"2019-07-17","purchased_purges":4,"victory":false,"max_hp_per_floor":[80,80,80,80,80,80,80,80,80,80,80,80,80,80,80,80,80,80,80,80,80,80,80,80,80,90,90,90,90,90,90,90,90,90,90,93,93,93,88,88,88,88,88,88,88,88,91,91,91,91,91,91,91,91],"card_choices":[{"not_picked":["Thunderclap","Wild Strike"],"picked":"Sword Boomerang","floor":1},{"not_picked":["Headbutt","True Grit"],"picked":"Dropkick","floor":4},{"not_picked":["Second Wind","Warcry","Body Slam"],"picked":"SKIP","floor":5},{"not_picked":["Immolate","Anger","Perfected Strike"],"picked":"SKIP","floor":6},{"not_picked":["Infernal Blade","Clash"],"picked":"Whirlwind","floor":7},{"not_picked":["Cleave","Thunderclap"],"picked":"Ghostly Armor","floor":11},{"not_picked":["Sentinel","Body Slam","Fire Breathing"],"picked":"SKIP","floor":12},{"not_picked":["Havoc","Metallicize"],"picked":"Disarm","floor":13},{"not_picked":["Reckless Charge","Twin Strike","Rupture"],"picked":"SKIP","floor":14},{"not_picked":["Immolate","Bludgeon"],"picked":"Limit Break","floor":16},{"not_picked":["Entrench+1","Sword Boomerang"],"picked":"Flex","floor":18},{"not_picked":["Clash","Cleave"],"picked":"Rampage","floor":19},{"not_picked":["Anger","Evolve","Feel No Pain+1"],"picked":"SKIP","floor":20},{"not_picked":["Clash+1","Juggernaut","Sword Boomerang"],"picked":"SKIP","floor":21},{"not_picked":["Entrench+1","Anger"],"picked":"Armaments+1","floor":24},{"not_picked":["Warcry","Bloodletting"],"picked":"Heavy Blade+1","floor":30},{"not_picked":["Rage+1","Demon Form"],"picked":"Feed","floor":31},{"not_picked":["Dark Embrace","Reaper"],"picked":"Offering","floor":33},{"not_picked":["Hemokinesis","Clash","Fire Breathing+1"],"picked":"SKIP","floor":35},{"not_picked":["Heavy Blade+1","Spot Weakness+1","Havoc+1"],"picked":"SKIP","floor":36},{"not_picked":["Iron Wave","Clothesline+1"],"picked":"True Grit+1","floor":37},{"not_picked":["Pommel Strike","Feed"],"picked":"Clothesline+1","floor":41},{"not_picked":["Evolve","Sword Boomerang+1"],"picked":"Battle Trance","floor":45},{"not_picked":["Havoc","Seeing Red","Clothesline+1"],"picked":"SKIP","floor":47}],"player_experience":162258,"relics_obtained":[{"floor":6,"key":"Anchor"},{"floor":9,"key":"Orichalcum"},{"floor":13,"key":"Kunai"},{"floor":24,"key":"Blood Vial"},{"floor":26,"key":"Pear"},{"floor":31,"key":"Pen Nib"},{"floor":45,"key":"War Paint"}],"event_choices":[{"damage_healed":0,"gold_gain":0,"player_choice":"Forge","damage_taken":0,"max_hp_gain":0,"max_hp_loss":0,"event_name":"Accursed Blacksmith","floor":2,"gold_loss":0,"cards_upgraded":["Bash"]},{"cards_removed":["Strike_R"],"damage_healed":0,"gold_gain":0,"player_choice":"Card Removal","damage_taken":0,"max_hp_gain":0,"max_hp_loss":0,"event_name":"The Cleric","floor":10,"gold_loss":50},{"damage_healed":0,"gold_gain":0,"player_choice":"Obtained Relic","damage_taken":0,"relics_obtained":["Oddly Smooth Stone"],"max_hp_gain":0,"max_hp_loss":0,"event_name":"Addict","floor":22,"gold_loss":85},{"cards_removed":["True Grit"],"damage_healed":0,"gold_gain":0,"player_choice":"Removed Skill","damage_taken":0,"max_hp_gain":0,"max_hp_loss":0,"event_name":"Falling","floor":38,"gold_loss":0},{"damage_healed":0,"gold_gain":0,"player_choice":"Max HP","damage_taken":0,"max_hp_gain":0,"max_hp_loss":5,"event_name":"Winding Halls","floor":39,"gold_loss":0},{"damage_healed":0,"gold_gain":0,"player_choice":"0 cards matched","damage_taken":0,"max_hp_gain":0,"max_hp_loss":0,"event_name":"Match and Keep!","floor":48,"gold_loss":0,"cards_obtained":[]}],"is_beta":false,"boss_relics":[{"not_picked":["Ectoplasm","Orrery"],"picked":"Sozu"},{"not_picked":["Astrolabe","Mark of Pain"],"picked":"Philosopher\u0027s Stone"}],"items_purged_floors":[3,27,29,53],"is_endless":false,"potions_floor_spawned":[1,5,6,14,16,19,20,31,33,36,47],"killed_by":"Shield and Spear","ascension_level":0}