{"gold_per_floor":[110,122,132,142,157,157,171,171,198,198,198],"floor_reached":11,"playtime":367,"items_purged":[],"score":117,"play_id":"ec3e74a7-b73e-4979-a996-8c34a28b235d","local_time":"20190723212317","is_ascension_mode":true,"campfire_choices":[{"floor":6,"key":"REST"},{"data":"Chill","floor":10,"key":"SMITH"}],"neow_cost":"TEN_PERCENT_HP_LOSS","seed_source_timestamp":0,"circlet_count":0,"master_deck":["AscendersBane","Strike_B","Strike_B","Strike_B","Strike_B","Defend_B","Defend_B","Defend_B","Defend_B","Zap","Dualcast","Ball Lightning","Fusion","Coolheaded","Streamline","Chill+1","Turbo"],"special_seed":0,"relics":["Cracked Core","Ice Cream","Art of War"],"potions_floor_usage":[6,11],"damage_taken":[{"damage":1.0,"enemies":"Cultist","floor":1.0,"turns":3.0},{"damage":6.0,"enemies":"2 Louse","floor":2.0,"turns":2.0},{"damage":2.0,"enemies":"Jaw Worm","floor":3.0,"turns":3.0},{"damage":37.0,"enemies":"Gremlin Gang","floor":4.0,"turns":5.0},{"damage":14.0,"enemies":"Red Slaver","floor":5.0,"turns":2.0},{"damage":2,"enemies":"3 Louse","floor":7,"turns":3},{"damage":62,"enemies":"Gremlin Nob","floor":11,"turns":4}],"seed_played":"-910910803500196327","potions_obtained":[{"floor":1.0,"key":"GamblersBrew"},{"floor":4.0,"key":"Explosive Potion"},{"floor":5.0,"key":"Fruit Juice"},{"floor":7,"key":"GamblersBrew"}],"is_trial":false,"path_per_floor":["M","M","M","M","M","R","M","?","T","R","E"],"character_chosen":"DEFECT","items_purchased":[],"campfire_rested":1,"item_purchase_floors":[],"current_hp_per_floor":[63,57,55,18,4,29,27,50,50,50,0],"gold":198,"neow_bonus":"ONE_RARE_RELIC","is_prod":false,"is_daily":false,"chose_seed":false,"campfire_upgraded":1,"win_rate":0,"timestamp":1563880997,"path_taken":["M","M","?","M","M","R","M","?","T","R","E"],"build_version":"2019-07-17","purchased_purges":0,"victory":false,"max_hp_per_floor":[64,64,64,64,64,69,69,69,69,69,69],"card_choices":[{"not_picked":["Self Repair","Darkness"],"picked":"Ball Lightning","floor":1.0},{"not_picked":["Go for the Eyes","Tempest"],"picked":"Fusion","floor":2.0},{"not_picked":["Rebound","Stack"],"picked":"Coolheaded","floor":3.0},{"not_picked":["Hologram","Barrage"],"picked":"Streamline","floor":4.0},{"not_picked":["White Noise","Go for the Eyes"],"picked":"Chill","floor":5.0},{"not_picked":["Scrape","Beam Cell"],"picked":"Turbo","floor":7}],"player_experience":1084093,"relics_obtained":[{"floor":9,"key":"Art of War"}],"event_choices":[{"damage_healed":23,"gold_gain":0,"player_choice":"Banana","damage_taken":0,"max_hp_gain":0,"max_hp_loss":0,"event_name":"Big Fish","floor":8,"gold_loss":0}],"is_beta":false,"boss_relics":[],"items_purged_floors":[],"is_endless":false,"potions_floor_spawned":[1,4,5,7],"killed_by":"Gremlin Nob","ascension_level":15}