{"gold_per_floor":[114,289,130,148,148,148,165,225,251,262,262],"floor_reached":11,"playtime":366,"items_purged":["Doubt"],"score":135,"play_id":"ddfc7e38-8d38-430d-8048-3cc9db30d161","local_time":"20190606053502","is_ascension_mode":true,"campfire_choices":[{"data":"Seeing Red","floor":6,"key":"SMITH"}],"neow_cost":"PERCENT_DAMAGE","seed_source_timestamp":66753428615679,"circlet_count":0,"master_deck":["AscendersBane","Strike_R","Strike_R","Strike_R","Strike_R","Defend_R","Defend_R","Defend_R","Defend_R","Bash","Headbutt","Shrug It Off","Evolve","Seeing Red+1","Pommel Strike","Sentinel","Heavy Blade"],"relics":["Burning Blood","Tiny Chest","Oddly Smooth Stone"],"potions_floor_usage":[8],"damage_taken":[{"damage":5,"enemies":"Small Slimes","floor":1,"turns":5},{"damage":15,"enemies":"Jaw Worm","floor":4,"turns":4},{"damage":6,"enemies":"Cultist","floor":7,"turns":4},{"damage":12,"enemies":"3 Sentries","floor":8,"turns":10},{"damage":31,"enemies":"Exordium Wildlife","floor":10,"turns":6},{"damage":37,"enemies":"Gremlin Nob","floor":11,"turns":4}],"seed_played":"6609779151793606693","potions_obtained":[{"floor":1,"key":"EssenceOfSteel"}],"is_trial":false,"path_per_floor":["M","?","$","M","?","R","M","E","T","M","E"],"character_chosen":"IRONCLAD","items_purchased":["Shrug It Off","Evolve"],"campfire_rested":0,"item_purchase_floors":[3,3],"current_hp_per_floor":[68,68,68,59,59,59,59,53,53,28,0],"gold":262,"neow_bonus":"TWENTY_PERCENT_HP_BONUS","is_prod":false,"is_daily":false,"chose_seed":false,"campfire_upgraded":1,"win_rate":0,"timestamp":1559763302,"path_taken":["M","?","$","M","?","R","M","E","T","?","E"],"build_version":"2019-01-23","purchased_purges":1,"victory":false,"max_hp_per_floor":[96,96,96,96,96,96,96,96,96,96,96],"card_choices":[{"not_picked":["Reckless Charge","Dropkick"],"picked":"Headbutt","floor":1},{"not_picked":["Body Slam","Havoc"],"picked":"Seeing Red","floor":4},{"not_picked":["Searing Blow","Infernal Blade"],"picked":"Pommel Strike","floor":7},{"not_picked":["Rage","Iron Wave"],"picked":"Sentinel","floor":8},{"not_picked":["Iron Wave","True Grit"],"picked":"Heavy Blade","floor":10}],"player_experience":819294,"relics_obtained":[{"floor":8,"key":"Tiny Chest"},{"floor":9,"key":"Oddly Smooth Stone"}],"event_choices":[{"damage_healed":0,"gold_gain":175,"player_choice":"AGREE","damage_taken":0,"max_hp_gain":0,"max_hp_loss":0,"event_name":"Liars Game","floor":2,"gold_loss":0,"cards_obtained":["Doubt"]},{"cards_removed":["Strike_R"],"damage_healed":0,"gold_gain":0,"player_choice":"Purged","damage_taken":0,"max_hp_gain":0,"max_hp_loss":0,"event_name":"Purifier","floor":5,"gold_loss":0}],"is_beta":false,"boss_relics":[],"items_purged_floors":[3],"is_endless":false,"potions_floor_spawned":[1],"killed_by":"Gremlin Nob","ascension_level":10}