{"gold_per_floor":[115,11,11,11,27,27,55,55,78,95,114,48,80,99,99,99],"floor_reached":16,"playtime":1112,"items_purged":["Strike_G"],"score":198,"play_id":"6a9eb13b-f402-4ad5-b232-7c8dcfa5f5dd","local_time":"20181225204928","is_ascension_mode":true,"campfire_choices":[{"data":"Poisoned Stab","floor":6,"key":"SMITH"},{"floor":8,"key":"REST"},{"data":"Dodge and Roll","floor":15,"key":"SMITH"}],"neow_cost":"NONE","seed_source_timestamp":12939820348852178,"circlet_count":0,"master_deck":["AscendersBane","Defend_G","Defend_G","Defend_G","Defend_G","Defend_G","Strike_G","Strike_G","Strike_G","Strike_G","Survivor","Neutralize+1","Dodge and Roll+1","Flying Knee","Poisoned Stab+1","Blur","Slice","Heel Hook","Dodge and Roll+1"],"relics":["Ring of the Snake","Orichalcum","Blood Vial","Dead Branch"],"potions_floor_usage":[11,13,14],"damage_taken":[{"damage":1,"enemies":"2 Louse","floor":1,"turns":5},{"damage":2,"enemies":"Small Slimes","floor":5,"turns":4},{"damage":44,"enemies":"3 Sentries","floor":7,"turns":12},{"damage":1,"enemies":"Jaw Worm","floor":10,"turns":4},{"damage":0,"enemies":"2 Fungi Beasts","floor":11,"turns":3},{"damage":6,"enemies":"Lagavulin","floor":13,"turns":8},{"damage":0,"enemies":"Exordium Wildlife","floor":14,"turns":5},{"damage":35,"enemies":"The Guardian","floor":16,"turns":17}],"seed_played":"3310131522993114489","potions_obtained":[{"floor":7,"key":"SpeedPotion"},{"floor":10,"key":"Fire Potion"},{"floor":11,"key":"Weak Potion"}],"is_trial":false,"path_per_floor":["M","$","?","?","M","R","E","R","T","M","M","?","E","M","R","B"],"character_chosen":"THE_SILENT","items_purchased":["Flying Knee"],"campfire_rested":1,"item_purchase_floors":[2],"current_hp_per_floor":[58,58,58,58,56,56,12,31,31,32,34,34,30,32,32,0],"gold":99,"neow_bonus":"UPGRADE_CARD","is_prod":false,"is_daily":false,"chose_seed":false,"campfire_upgraded":2,"win_rate":0,"timestamp":1545788968,"path_taken":["M","$","?","?","M","R","E","R","T","M","M","?","E","M","R","BOSS"],"build_version":"2018-12-20","purchased_purges":1,"victory":false,"max_hp_per_floor":[66,66,66,66,66,66,66,66,66,66,66,66,66,66,66,66],"card_choices":[{"not_picked":["Outmaneuver","Calculated Gamble"],"picked":"Dodge and Roll","floor":1},{"not_picked":["Concentrate","Backstab"],"picked":"Poisoned Stab","floor":5},{"not_picked":["Masterful Stab","Underhanded Strike"],"picked":"Blur","floor":7},{"not_picked":["Dagger Throw","Cloak And Dagger","PiercingWail"],"picked":"SKIP","floor":10},{"not_picked":["Outmaneuver","Skewer"],"picked":"Slice","floor":11},{"not_picked":["Slice","Dagger Throw"],"picked":"Heel Hook","floor":13},{"not_picked":["Storm of Steel","Sucker Punch"],"picked":"Dodge and Roll","floor":14}],"player_experience":985477,"relics_obtained":[{"floor":7,"key":"Orichalcum"},{"floor":9,"key":"Blood Vial"},{"floor":13,"key":"Dead Branch"}],"event_choices":[{"damage_healed":0,"gold_gain":0,"player_choice":"Grow","damage_taken":0,"max_hp_gain":0,"max_hp_loss":0,"event_name":"Living Wall","floor":3,"gold_loss":0,"cards_upgraded":["Dodge and Roll"]},{"damage_healed":0,"gold_gain":0,"player_choice":"Ignored","damage_taken":0,"max_hp_gain":0,"max_hp_loss":0,"event_name":"Liars Game","floor":4,"gold_loss":0},{"damage_healed":0,"gold_gain":0,"player_choice":"Left Gold","damage_taken":0,"max_hp_gain":0,"max_hp_loss":0,"event_name":"World of Goop","floor":12,"gold_loss":66}],"is_beta":false,"boss_relics":[],"items_purged_floors":[2],"is_endless":false,"potions_floor_spawned":[7,10,11],"killed_by":"The Guardian","ascension_level":16}