{"gold_per_floor":[111,121,121,140,154,154,167,167,194,174,174,27,27,45,45,140,140,150,160,172,190,390,390,402,428,483,483,483,36,36,36,36,138,138,152,152,152,171,19,19,354,354,432,447,458,458],"floor_reached":46,"playtime":2043,"items_purged":["Shame"],"score":704,"play_id":"51096c92-b7a1-4d0f-a63e-8ca529d611b3","local_time":"20190530005000","is_ascension_mode":true,"campfire_choices":[{"data":"True Grit","floor":6.0,"key":"SMITH"},{"data":"Perfected Strike","floor":8.0,"key":"SMITH"},{"floor":15.0,"key":"REST"},{"floor":23.0,"key":"REST"},{"floor":27.0,"key":"REST"},{"data":"Demon Form","floor":32.0,"key":"SMITH"},{"data":"Limit Break","floor":40,"key":"SMITH"},{"data":"Double Tap","floor":42,"key":"SMITH"}],"neow_cost":"NONE","seed_source_timestamp":0,"circlet_count":0,"master_deck":["Strike_R","Strike_R","Strike_R+1","Strike_R","Defend_R","Defend_R","Defend_R","Defend_R","Bash","Heavy Blade+1","Pommel Strike","Clothesline","True Grit+1","Perfected Strike+1","Demon Form+1","Battle Trance","Double Tap+1","Evolve","Infernal Blade","Pummel","Headbutt","Carnage","Dropkick","Uppercut","Offering","J.A.X.","Limit Break+1","Inflame+1","Writhe","Wild Strike","Reaper","True Grit+1","Flex","Barricade"],"special_seed":0,"relics":["Black Blood","Juzu Bracelet","Snecko Eye","Bag of Marbles","Bronze Scales","Red Skull","Orichalcum","Potion Belt","Old Coin","Blue Candle"],"potions_floor_usage":[41,45,46],"damage_taken":[{"damage":3.0,"enemies":"Jaw Worm","floor":1.0,"turns":5.0},{"damage":0.0,"enemies":"2 Louse","floor":2.0,"turns":2.0},{"damage":6.0,"enemies":"Cultist","floor":4.0,"turns":3.0},{"damage":20.0,"enemies":"Gremlin Gang","floor":5.0,"turns":4.0},{"damage":14.0,"enemies":"Blue Slaver","floor":7.0,"turns":5.0},{"damage":37.0,"enemies":"Exordium Thugs","floor":14.0,"turns":4.0},{"damage":36.0,"enemies":"The Guardian","floor":16.0,"turns":14.0},{"damage":14.0,"enemies":"3 Byrds","floor":18.0,"turns":5.0},{"damage":0.0,"enemies":"Chosen","floor":19.0,"turns":3.0},{"damage":22.0,"enemies":"Snake Plant","floor":20.0,"turns":4.0},{"damage":30.0,"enemies":"Centurion and Healer","floor":21.0,"turns":6.0},{"damage":6.0,"enemies":"Snecko","floor":24.0,"turns":4.0},{"damage":21.0,"enemies":"Gremlin Leader","floor":25.0,"turns":4.0},{"damage":77.0,"enemies":"Champ","floor":33.0,"turns":7.0},{"damage":10.0,"enemies":"Orb Walker","floor":35.0,"turns":2.0},{"damage":49,"enemies":"3 Darklings","floor":38,"turns":5},{"damage":33,"enemies":"Nemesis","floor":41,"turns":5},{"damage":59,"enemies":"Transient","floor":44,"turns":5},{"damage":21,"enemies":"4 Shapes","floor":45,"turns":8},{"damage":53,"enemies":"Reptomancer","floor":46,"turns":3}],"seed_played":"3561505494092180069","potions_obtained":[{"floor":2.0,"key":"Fire Potion"},{"floor":5.0,"key":"FearPotion"},{"floor":10.0,"key":"Dexterity Potion"},{"floor":16.0,"key":"EssenceOfSteel"},{"floor":19.0,"key":"Poison Potion"},{"floor":20.0,"key":"Dexterity Potion"},{"floor":21.0,"key":"AttackPotion"},{"floor":25.0,"key":"Swift Potion"},{"floor":38,"key":"Regen Potion"},{"floor":44,"key":"SpeedPotion"},{"floor":45,"key":"Ancient Potion"}],"is_trial":false,"path_per_floor":["M","M","?","M","M","R","M","R","T","?","?","$","?","M","R","B",null,"M","M","M","M","?","R","M","E","T","R","?","$","?","?","R","B",null,"M","?","?","M","$","R","E","R","T","M","M","E"],"character_chosen":"IRONCLAD","items_purchased":["Demon Form","Uppercut","Offering","Red Skull","Orichalcum","Reaper"],"campfire_rested":3,"item_purchase_floors":[12,29,29,29,29,39],"current_hp_per_floor":[83,88,88,88,74,74,66,66,66,66,66,66,48,17,43,13,69,61,67,51,27,27,53,53,38,38,64,88,88,88,88,88,17,70,70,70,88,49,49,49,62,62,62,25,38,0],"gold":458,"neow_bonus":"TEN_PERCENT_HP_BONUS","is_prod":false,"is_daily":false,"chose_seed":false,"campfire_upgraded":5,"win_rate":0,"timestamp":1559141400,"path_taken":["M","M","?","M","M","R","M","R","T","?","?","$","?","M","R","BOSS","M","M","M","M","?","R","M","E","T","R","?","$","?","?","R","BOSS","M","?","?","M","$","R","E","R","T","M","M","E"],"build_version":"2019-01-23","purchased_purges":1,"victory":false,"max_hp_per_floor":[88,88,88,88,88,88,88,88,88,88,88,88,88,88,88,88,88,88,88,88,88,88,88,88,88,88,88,88,88,88,88,88,88,88,88,88,88,88,88,88,88,88,88,88,88,88],"card_choices":[{"not_picked":["Burning Pact","Thunderclap"],"picked":"Heavy Blade","floor":1.0},{"not_picked":["Fire Breathing","Bloodletting"],"picked":"Pommel Strike","floor":2.0},{"not_picked":["Shrug It Off","Flex"],"picked":"Clothesline","floor":4.0},{"not_picked":["Warcry","Juggernaut"],"picked":"True Grit","floor":5.0},{"not_picked":["Pommel Strike","Disarm"],"picked":"Perfected Strike","floor":7.0},{"not_picked":["Rampage","Entrench"],"picked":"Battle Trance","floor":14.0},{"not_picked":["Bludgeon","Feed"],"picked":"Double Tap","floor":16.0},{"not_picked":["Havoc","Perfected Strike"],"picked":"Evolve","floor":18.0},{"not_picked":["Bloodletting","Iron Wave"],"picked":"Infernal Blade","floor":19.0},{"not_picked":["True Grit","Seeing Red"],"picked":"Pummel","floor":20.0},{"not_picked":["Pommel Strike","Warcry"],"picked":"Headbutt","floor":21.0},{"not_picked":["Armaments+1","Clothesline"],"picked":"Carnage","floor":24.0},{"not_picked":["Warcry","Intimidate"],"picked":"Dropkick","floor":25.0},{"not_picked":["Feed","Immolate"],"picked":"Limit Break","floor":33.0},{"not_picked":["Thunderclap","Heavy Blade+1"],"picked":"Inflame+1","floor":35.0},{"not_picked":["Anger","Feel No Pain+1"],"picked":"Wild Strike","floor":38},{"not_picked":["Havoc+1","Warcry+1"],"picked":"True Grit+1","floor":41},{"not_picked":["Sword Boomerang","Headbutt+1"],"picked":"Flex","floor":44},{"not_picked":["Sword Boomerang","Fire Breathing"],"picked":"Barricade","floor":45}],"player_experience":748405,"relics_obtained":[{"floor":9.0,"key":"Juzu Bracelet"},{"floor":25.0,"key":"Bag of Marbles"},{"floor":26.0,"key":"Bronze Scales"},{"floor":41,"key":"Old Coin"},{"floor":43,"key":"Blue Candle"}],"event_choices":[{"damage_healed":0.0,"max_hp_gain":0.0,"max_hp_loss":0.0,"gold_gain":0.0,"event_name":"The Cleric","player_choice":"Leave","floor":3.0,"gold_loss":0.0,"damage_taken":0.0},{"damage_healed":0.0,"max_hp_gain":0.0,"max_hp_loss":0.0,"gold_gain":0.0,"event_name":"The Woman in Blue","player_choice":"Bought 1 Potion","floor":10.0,"gold_loss":0.0,"damage_taken":0.0},{"cards_removed":["Strike_R"],"damage_healed":0.0,"max_hp_gain":0.0,"max_hp_loss":0.0,"gold_gain":0.0,"event_name":"Purifier","player_choice":"Purged","floor":11.0,"gold_loss":0.0,"damage_taken":0.0},{"damage_healed":0.0,"max_hp_gain":0.0,"max_hp_loss":0.0,"gold_gain":0.0,"event_name":"Shining Light","player_choice":"Entered Light","floor":13.0,"gold_loss":0.0,"damage_taken":18.0,"cards_upgraded":["Heavy Blade","Strike_R"]},{"damage_healed":0.0,"max_hp_gain":0.0,"max_hp_loss":0.0,"gold_gain":200.0,"event_name":"Wheel of Change","player_choice":"Gold","floor":22.0,"gold_loss":0.0,"damage_taken":0.0},{"damage_healed":29.0,"max_hp_gain":0.0,"max_hp_loss":0.0,"gold_gain":0.0,"event_name":"The Library","player_choice":"Heal","floor":28.0,"gold_loss":0.0,"damage_taken":0.0},{"damage_healed":0.0,"max_hp_gain":0.0,"max_hp_loss":0.0,"gold_gain":0.0,"event_name":"Drug Dealer","player_choice":"Obtain J.A.X.","floor":30.0,"gold_loss":0.0,"damage_taken":0.0,"cards_obtained":["J.A.X."]},{"damage_healed":0.0,"max_hp_gain":0.0,"max_hp_loss":0.0,"gold_gain":0.0,"event_name":"Addict","player_choice":"Stole Relic","floor":31.0,"gold_loss":0.0,"damage_taken":0.0,"relics_obtained":["Potion Belt"],"cards_obtained":["Shame"]},{"damage_healed":0,"gold_gain":0,"player_choice":"Ignored","damage_taken":0,"max_hp_gain":0,"max_hp_loss":0,"event_name":"Mysterious Sphere","floor":36,"gold_loss":0},{"damage_healed":22,"gold_gain":0,"player_choice":"Writhe","damage_taken":0,"max_hp_gain":0,"max_hp_loss":0,"event_name":"Winding Halls","floor":37,"gold_loss":0,"cards_obtained":["Writhe"]}],"is_beta":false,"boss_relics":[{"not_picked":["Cursed Key","Runic Dome"],"picked":"Snecko Eye"},{"not_picked":["Runic Cube","Velvet Choker"],"picked":"Black Blood"}],"items_purged_floors":[39],"is_endless":false,"potions_floor_spawned":[2,5,16,19,20,21,25,38,44,45],"killed_by":"Reptomancer","ascension_level":8}