{"gold_per_floor":[116,116,131,131,146,146,175,2,2,2],"floor_reached":10,"playtime":354,"items_purged":[],"score":129,"play_id":"dcaf101d-6c12-4825-b266-a1891ff3619d","local_time":"20190830121837","is_ascension_mode":true,"campfire_choices":[{"data":"Armaments","floor":6,"key":"SMITH"}],"neow_cost":"PERCENT_DAMAGE","seed_source_timestamp":74709419065099,"circlet_count":0,"master_deck":["AscendersBane","Strike_R","Strike_R","Strike_R","Strike_R","Strike_R","Defend_R","Defend_R","Defend_R","Defend_R","Bash","Secret Weapon","Flash of Steel","Cleave","Headbutt","Armaments+1","Demon Form","Blood for Blood","Bandage Up"],"relics":["Burning Blood","Question Card","Oddly Smooth Stone","The Courier"],"potions_floor_usage":[7,10],"damage_taken":[{"damage":1,"enemies":"Cultist","floor":1,"turns":3},{"damage":2,"enemies":"2 Louse","floor":3,"turns":3},{"damage":12,"enemies":"Jaw Worm","floor":5,"turns":2},{"damage":25,"enemies":"3 Sentries","floor":7,"turns":7},{"damage":65,"enemies":"Gremlin Nob","floor":10,"turns":4}],"seed_played":"-5953936196836215313","potions_obtained":[{"floor":1,"key":"SpeedPotion"},{"floor":3,"key":"Poison Potion"}],"is_trial":false,"path_per_floor":["M","?","M","?","M","R","E","$","T","E"],"character_chosen":"IRONCLAD","items_purchased":["Blood for Blood","Bandage Up"],"campfire_rested":0,"item_purchase_floors":[8,8],"current_hp_per_floor":[55,44,48,53,47,47,28,28,28,0],"gold":2,"neow_bonus":"RANDOM_COLORLESS_2","is_prod":false,"is_daily":false,"chose_seed":false,"campfire_upgraded":1,"win_rate":0,"timestamp":1567131517,"path_taken":["M","?","M","?","?","R","E","?","T","E"],"build_version":"2019-07-17","purchased_purges":0,"victory":false,"max_hp_per_floor":[75,75,75,80,80,80,80,80,80,80],"card_choices":[{"not_picked":["Burning Pact","Combust"],"picked":"Cleave","floor":1},{"not_picked":["Iron Wave","Clothesline","Heavy Blade"],"picked":"Headbutt","floor":3},{"not_picked":["Cleave","Searing Blow","Heavy Blade"],"picked":"Armaments","floor":5},{"not_picked":["Sentinel","Body Slam","Whirlwind"],"picked":"Demon Form","floor":7}],"player_experience":1230082,"relics_obtained":[{"floor":7,"key":"Oddly Smooth Stone"},{"floor":9,"key":"The Courier"}],"event_choices":[{"damage_healed":0,"gold_gain":0,"player_choice":"Success","damage_taken":11,"relics_obtained":["Question Card"],"max_hp_gain":0,"max_hp_loss":0,"event_name":"Scrap Ooze","floor":2,"gold_loss":0},{"damage_healed":0,"gold_gain":0,"player_choice":"Donut","damage_taken":0,"max_hp_gain":5,"max_hp_loss":0,"event_name":"Big Fish","floor":4,"gold_loss":0}],"is_beta":false,"boss_relics":[],"items_purged_floors":[],"is_endless":false,"potions_floor_spawned":[1,3],"killed_by":"Gremlin Nob","ascension_level":19}