{"gold_per_floor":[365,379,454,467,486,511,511,686,765,765,765,790,790,813,813,932,932,955,141,141,141,165,165],"floor_reached":23,"playtime":1743,"items_purged":[],"score":191,"play_id":"a352d7d9-e1a6-4c2c-bc20-1cc4ab611b5d","local_time":"20190326150922","is_ascension_mode":false,"campfire_choices":[{"floor":7,"key":"REST"},{"data":"Zap","floor":13,"key":"SMITH"},{"data":"Hello World","floor":15,"key":"SMITH"}],"neow_cost":"TEN_PERCENT_HP_LOSS","seed_source_timestamp":69970127932091,"circlet_count":0,"master_deck":["Strike_B","Strike_B","Strike_B","Strike_B","Defend_B","Defend_B","Defend_B","Defend_B","Zap+1","Dualcast","Sunder","Cold Snap","Chill","Barrage","Hello World+1","Chaos","Conserve Battery","Electrodynamics","Lockon","Defragment","FTL+1","Purity","Cold Snap+1"],"relics":["Cracked Core","Matryoshka","Smiling Mask","Tiny Chest","Potion Belt","Pantograph","Golden Idol","Empty Cage","Molten Egg 2","Runic Capacitor","Bronze Scales","Frozen Egg 2"],"potions_floor_usage":[5,6,14,23,23],"damage_taken":[{"damage":0,"enemies":"Cultist","floor":1,"turns":4},{"damage":1,"enemies":"2 Louse","floor":2,"turns":2},{"damage":9,"enemies":"Jaw Worm","floor":4,"turns":3},{"damage":1,"enemies":"Red Slaver","floor":5,"turns":3},{"damage":25,"enemies":"Gremlin Nob","floor":6,"turns":4},{"damage":0,"enemies":"Exordium Wildlife","floor":12,"turns":3},{"damage":19,"enemies":"Lots of Slimes","floor":14,"turns":4},{"damage":30,"enemies":"Hexaghost","floor":16,"turns":11},{"damage":29,"enemies":"Shell Parasite","floor":18,"turns":5},{"damage":11,"enemies":"Spheric Guardian","floor":22,"turns":4},{"damage":36,"enemies":"Gremlin Leader","floor":23,"turns":4}],"seed_played":"-8044545904691108999","potions_obtained":[{"floor":1,"key":"LiquidBronze"},{"floor":4,"key":"Block Potion"},{"floor":6,"key":"FocusPotion"},{"floor":16,"key":"GamblersBrew"},{"floor":18,"key":"Dexterity Potion"}],"is_trial":false,"path_per_floor":["M","M","?","M","M","E","R","?","T","T","?","M","R","M","R","B",null,"M","$","T","T","M","E"],"character_chosen":"DEFECT","items_purchased":["Molten Egg 2","Runic Capacitor","Defragment","FTL+1","Bronze Scales","Purity"],"campfire_rested":1,"item_purchase_floors":[19,19,19,19,19,19],"current_hp_per_floor":[68,67,56,47,46,21,41,41,41,41,41,41,41,22,22,17,68,39,39,39,39,28,0],"gold":165,"neow_bonus":"TWO_FIFTY_GOLD","is_prod":false,"is_daily":false,"chose_seed":false,"campfire_upgraded":2,"win_rate":0,"timestamp":1553576962,"path_taken":["M","?","?","M","M","E","R","?","T","?","?","?","R","M","R","BOSS","M","$","?","?","?","E"],"build_version":"2019-01-23","purchased_purges":0,"victory":false,"max_hp_per_floor":[68,68,68,68,68,68,68,68,68,68,68,68,68,68,68,68,68,68,68,68,68,68,68],"card_choices":[{"not_picked":["Melter","Doom and Gloom"],"picked":"Sunder","floor":1},{"not_picked":["Gash","Lockon"],"picked":"Cold Snap","floor":2},{"not_picked":["Stack","Recycle"],"picked":"Chill","floor":4},{"not_picked":["Gash","Sunder"],"picked":"Barrage","floor":5},{"not_picked":["Rebound","Skim"],"picked":"Hello World","floor":6},{"not_picked":["Beam Cell","Conserve Battery"],"picked":"Chaos","floor":12},{"not_picked":["Sweeping Beam","Steam Power"],"picked":"Conserve Battery","floor":14},{"not_picked":["Core Surge","Echo Form"],"picked":"Electrodynamics","floor":16},{"not_picked":["Redo","Fusion"],"picked":"Lockon","floor":18},{"not_picked":["Turbo","Chill"],"picked":"Cold Snap+1","floor":22}],"player_experience":176442,"relics_obtained":[{"floor":6,"key":"Matryoshka"},{"floor":9,"key":"Smiling Mask"},{"floor":9,"key":"Tiny Chest"},{"floor":10,"key":"Potion Belt"},{"floor":10,"key":"Pantograph"},{"floor":21,"key":"Frozen Egg 2"}],"event_choices":[{"damage_healed":0,"gold_gain":75,"player_choice":"Gather Gold","damage_taken":11,"max_hp_gain":0,"max_hp_loss":0,"event_name":"World of Goop","floor":3,"gold_loss":0},{"damage_healed":0,"gold_gain":175,"player_choice":"AGREE","damage_taken":0,"max_hp_gain":0,"max_hp_loss":0,"event_name":"Liars Game","floor":8,"gold_loss":0,"cards_obtained":["Doubt"]},{"damage_healed":0,"gold_gain":0,"player_choice":"Take Wound","damage_taken":0,"relics_obtained":["Golden Idol"],"max_hp_gain":0,"max_hp_loss":0,"event_name":"Golden Idol","floor":11,"gold_loss":0,"cards_obtained":["Injury"]}],"is_beta":false,"boss_relics":[{"not_picked":["Velvet Choker","Snecko Eye"],"picked":"Empty Cage"}],"items_purged_floors":[],"is_endless":false,"potions_floor_spawned":[1,4,6,16,18],"killed_by":"Gremlin Leader","ascension_level":0}