{"gold_per_floor":[113,132,146,166,182,182,215,215,242,242,267,267,66,84,84,155,155,172,159,173,173,191,191,48,48,48,48,80,5,21,21,21,21],"floor_reached":33,"playtime":1671,"items_purged":["Strike_G"],"score":496,"play_id":"1ba4de47-2c9a-47db-af46-74f762ee29cc","local_time":"20181218234749","is_ascension_mode":true,"campfire_choices":[{"data":"Cloak And Dagger","floor":6,"key":"SMITH"},{"floor":10,"key":"REST"},{"floor":15,"key":"REST"},{"floor":23,"key":"RECALL"},{"data":"Bite","floor":25,"key":"SMITH"},{"data":"Bite","floor":27,"key":"SMITH"},{"data":"Bite","floor":32,"key":"SMITH"}],"neow_cost":"NONE","seed_source_timestamp":446498683732054,"circlet_count":0,"master_deck":["AscendersBane","Defend_G+1","Defend_G","Defend_G","Defend_G","Survivor","Neutralize+1","Setup+1","Cloak And Dagger+1","Slice+1","Cloak And Dagger","Doppelganger","Accuracy","Backstab","Night Terror","Cloak And Dagger","Blade Dance","Bite+1","Bite+1","Bite","Bite+1","Bite","Finisher","PiercingWail+1"],"relics":["WristBlade","Whetstone","Bag of Preparation","Omamori","Coffee Dripper","PreservedInsect","Gremlin Horn","Smiling Mask"],"potions_floor_usage":[4,7,7,11,16,18,22,30],"damage_taken":[{"damage":5,"enemies":"Cultist","floor":1,"turns":6},{"damage":2,"enemies":"Jaw Worm","floor":2,"turns":6},{"damage":12,"enemies":"Small Slimes","floor":3,"turns":5},{"damage":6,"enemies":"Gremlin Gang","floor":4,"turns":9},{"damage":1,"enemies":"Looter","floor":5,"turns":4},{"damage":13,"enemies":"Gremlin Nob","floor":7,"turns":4},{"damage":21,"enemies":"Lagavulin","floor":11,"turns":10},{"damage":1,"enemies":"Blue Slaver","floor":14,"turns":4},{"damage":29,"enemies":"Slime Boss","floor":16,"turns":12},{"damage":0,"enemies":"Spheric Guardian","floor":18,"turns":1},{"damage":0,"enemies":"2 Thieves","floor":19,"turns":4},{"damage":18,"enemies":"Sentry and Sphere","floor":20,"turns":4},{"damage":36,"enemies":"Snake Plant","floor":22,"turns":6},{"damage":12,"enemies":"Gremlin Leader","floor":28,"turns":2},{"damage":6,"enemies":"3 Cultists","floor":30,"turns":4},{"damage":55,"enemies":"Automaton","floor":33,"turns":6}],"seed_played":"6137859074852173270","potions_obtained":[{"floor":3,"key":"FearPotion"},{"floor":4,"key":"Strength Potion"},{"floor":5,"key":"Regen Potion"},{"floor":7,"key":"SteroidPotion"},{"floor":16,"key":"AttackPotion"},{"floor":20,"key":"Strength Potion"},{"floor":28,"key":"SkillPotion"},{"floor":30,"key":"FearPotion"}],"is_trial":false,"path_per_floor":["M","M","M","M","M","R","E","?","T","R","E","?","$","M","R","B",null,"M","M","M","?","M","R","$","R","T","R","E","?","M","$","R","B"],"character_chosen":"THE_SILENT","items_purchased":["Accuracy","PowerPotion","PreservedInsect"],"campfire_rested":2,"item_purchase_floors":[13,13,24],"current_hp_per_floor":[54,52,40,34,33,33,32,19,19,38,17,17,17,16,35,6,51,51,51,33,33,11,11,11,11,11,11,9,9,15,15,15,0],"gold":21,"neow_bonus":"BOSS_RELIC","is_prod":false,"is_daily":false,"chose_seed":false,"campfire_upgraded":4,"win_rate":0,"timestamp":1545194869,"path_taken":["M","?","M","M","M","R","E","?","T","R","E","?","$","M","R","BOSS","M","M","?","?","M","R","$","R","T","R","E","?","M","?","R","BOSS"],"build_version":"2018-12-13","purchased_purges":1,"victory":false,"max_hp_per_floor":[66,66,66,66,66,66,66,66,66,66,66,66,66,66,66,66,66,66,66,66,46,46,46,46,46,46,46,46,46,46,46,46,46],"card_choices":[{"not_picked":["PiercingWail","Deflect","Quick Slash"],"picked":"SKIP","floor":1},{"not_picked":["Dodge and Roll","Blur"],"picked":"Setup","floor":2},{"not_picked":["Bouncing Flask","Leg Sweep"],"picked":"Cloak And Dagger","floor":3},{"not_picked":["Backflip","PiercingWail"],"picked":"Underhanded Strike","floor":4},{"not_picked":["Finisher","Adrenaline"],"picked":"Slice","floor":5},{"not_picked":["Outmaneuver","Dodge and Roll"],"picked":"Cloak And Dagger","floor":7},{"not_picked":["Quick Slash","Tools of the Trade"],"picked":"Doppelganger","floor":11},{"not_picked":["Acrobatics","Caltrops"],"picked":"Backstab","floor":14},{"not_picked":["A Thousand Cuts","Storm of Steel"],"picked":"Night Terror","floor":16},{"not_picked":["Sucker Punch","Prepared"],"picked":"Cloak And Dagger","floor":18},{"not_picked":["Outmaneuver","Prepared","Dodge and Roll"],"picked":"SKIP","floor":19},{"not_picked":["Blur","Concentrate"],"picked":"Blade Dance","floor":20},{"not_picked":["Flying Knee","Dagger Throw"],"picked":"Finisher","floor":22},{"not_picked":["Deadly Poison","Flechettes"],"picked":"PiercingWail+1","floor":28},{"not_picked":["Flying Knee","Concentrate","Flechettes"],"picked":"SKIP","floor":30}],"player_experience":897064,"relics_obtained":[{"floor":7,"key":"Whetstone"},{"floor":11,"key":"Bag of Preparation"},{"floor":26,"key":"Gremlin Horn"},{"floor":28,"key":"Smiling Mask"}],"event_choices":[{"damage_healed":0,"gold_gain":0,"player_choice":"Entered Light","damage_taken":13,"max_hp_gain":0,"max_hp_loss":0,"event_name":"Shining Light","floor":8,"gold_loss":0,"cards_upgraded":["Setup","Defend_G"]},{"cards_removed":["Underhanded Strike"],"damage_healed":0,"gold_gain":0,"player_choice":"Gave Card","damage_taken":0,"relics_obtained":["Omamori"],"max_hp_gain":0,"max_hp_loss":0,"event_name":"WeMeetAgain","floor":12,"gold_loss":0},{"damage_healed":0,"gold_gain":0,"player_choice":"Became a vampire","damage_taken":0,"max_hp_gain":0,"max_hp_loss":20,"event_name":"Vampires","floor":21,"gold_loss":0,"cards_obtained":["Bite","Bite","Bite","Bite","Bite"]},{"cards_removed":["Defend_G"],"damage_healed":0,"gold_gain":0,"player_choice":"Gave Gold","damage_taken":0,"max_hp_gain":0,"max_hp_loss":0,"event_name":"Beggar","floor":29,"gold_loss":75}],"is_beta":false,"boss_relics":[{"not_picked":["White Beast Statue","Pandora\u0027s Box"],"picked":"Coffee Dripper"}],"items_purged_floors":[13],"is_endless":false,"potions_floor_spawned":[3,4,5,7,16,20,28,30],"killed_by":"Automaton","ascension_level":14}