{"gold_per_floor":[118,118,135,9,9,40,40,51,76,76,109,109,123,123,123,226,226,244,257,257,257,277,277],"floor_reached":23,"playtime":1237,"items_purged":["Strike_R"],"score":361,"play_id":"ece015b5-b2a7-4ecf-8720-5ccd4a87622d","local_time":"20180916210236","is_ascension_mode":true,"campfire_choices":[{"data":"Barricade","floor":7,"key":"SMITH"},{"data":"Carnage","floor":12,"key":"SMITH"},{"floor":15,"key":"REST"}],"neow_cost":"NONE","seed_source_timestamp":311201087113815,"circlet_count":0,"master_deck":["Strike_R+1","Strike_R","Defend_R","Defend_R","Defend_R","Defend_R","Bash","Barricade+1","Carnage+1","Disarm+1","Panacea","Clothesline","Shrug It Off","Second Wind","Battle Trance","Iron Wave","Impervious","True Grit+1","Clash","Flame Barrier+1"],"relics":["Burning Blood","Juzu Bracelet","Pen Nib","Ancient Tea Set","Runic Dome","MutagenicStrength"],"potions_floor_usage":[5,6,11,13,16],"damage_taken":[{"damage":6,"enemies":"Small Slimes","floor":1,"turns":5},{"damage":1,"enemies":"Cultist","floor":3,"turns":3},{"damage":36,"enemies":"3 Sentries","floor":6,"turns":10},{"damage":4,"enemies":"2 Louse","floor":8,"turns":3},{"damage":21,"enemies":"Gremlin Nob","floor":11,"turns":4},{"damage":12,"enemies":"Gremlin Gang","floor":13,"turns":4},{"damage":0,"enemies":"The Guardian","floor":16,"turns":14},{"damage":7,"enemies":"Chosen","floor":18,"turns":6},{"damage":13,"enemies":"Spheric Guardian","floor":19,"turns":7},{"damage":14,"enemies":"Snake Plant","floor":22,"turns":6},{"damage":69,"enemies":"Gremlin Leader","floor":23,"turns":9}],"seed_played":"-2443377709897949194","potions_obtained":[{"floor":5,"key":"Energy Potion"},{"floor":5,"key":"Fire Potion"},{"floor":5,"key":"Fruit Juice"},{"floor":8,"key":"SteroidPotion"},{"floor":11,"key":"Energy Potion"},{"floor":16,"key":"SteroidPotion"},{"floor":18,"key":"EssenceOfSteel"},{"floor":22,"key":"Fire Potion"}],"is_trial":false,"path_per_floor":["M","?","M","$","?","E","R","M","T","?","E","R","M","?","R","B",null,"M","M","?","?","M"],"character_chosen":"IRONCLAD","items_purchased":["Shrug It Off"],"campfire_rested":1,"item_purchase_floors":[4],"current_hp_per_floor":[72,72,77,77,82,52,52,54,54,47,32,32,26,9,34,40,74,73,66,66,66,58,0],"gold":277,"neow_bonus":"ONE_RANDOM_RARE_CARD","is_prod":false,"is_daily":false,"chose_seed":false,"campfire_upgraded":2,"win_rate":0,"timestamp":1537146156,"path_taken":["M","?","M","$","?","E","R","M","T","?","E","R","M","?","R","BOSS","M","M","?","?","M","E"],"build_version":"2018-09-06","purchased_purges":1,"victory":false,"max_hp_per_floor":[80,80,80,80,85,85,85,85,85,85,85,85,85,85,85,85,85,85,85,85,85,85,85],"card_choices":[{"not_picked":["Heavy Blade","Sword Boomerang"],"picked":"Carnage","floor":1},{"not_picked":["Sword Boomerang","Twin Strike"],"picked":"Clothesline","floor":3},{"not_picked":["Reckless Charge","Shrug It Off"],"picked":"Second Wind","floor":6},{"not_picked":["Demon Form","Heavy Blade"],"picked":"Battle Trance","floor":8},{"not_picked":["Rupture","Headbutt","Heavy Blade"],"picked":"SKIP","floor":11},{"not_picked":["Rampage","Shrug It Off"],"picked":"Iron Wave","floor":13},{"not_picked":["Limit Break","Double Tap"],"picked":"Impervious","floor":16},{"not_picked":["Battle Trance","Sever Soul"],"picked":"True Grit+1","floor":18},{"not_picked":["Anger","Intimidate"],"picked":"Clash","floor":19},{"not_picked":["Thunderclap+1","Combust+1"],"picked":"Flame Barrier+1","floor":22}],"player_experience":530720,"relics_obtained":[{"floor":6,"key":"Juzu Bracelet"},{"floor":9,"key":"Pen Nib"},{"floor":11,"key":"Ancient Tea Set"}],"event_choices":[{"event_name":"Match and Keep!","player_choice":"2 cards matched","floor":2,"damage_taken":0},{"event_name":"The Lab","player_choice":"Got Potions","floor":5,"damage_taken":0},{"event_name":"Golden Wing","player_choice":"Card Removal","floor":10,"damage_taken":0},{"event_name":"Shining Light","player_choice":"Entered Light","floor":14,"damage_taken":0},{"event_name":"Drug Dealer","player_choice":"Inject Mutagens","floor":20,"damage_taken":0},{"event_name":"Back to Basics","player_choice":"Elegance","floor":21,"damage_taken":0}],"is_beta":false,"boss_relics":[{"not_picked":["Runic Cube","Runic Pyramid"],"picked":"Runic Dome"}],"items_purged_floors":[4],"is_endless":false,"potions_floor_spawned":[8,11,16,18,22],"killed_by":"Gremlin Leader","ascension_level":9}