{"gold_per_floor":[113,131,15,30,30,64,64,84,108,54,129,145,320,330,330,330],"floor_reached":16,"playtime":3290,"items_purged":[],"score":122,"play_id":"28336320-2508-41f2-9b0d-e0cfd01e949f","local_time":"20180718110433","is_ascension_mode":true,"campfire_choices":[{"floor":7,"key":"REST"},{"floor":15,"key":"REST"}],"neow_cost":"NONE","seed_source_timestamp":573009111938339,"circlet_count":0,"master_deck":["Strike_R","Strike_R+1","Strike_R","Strike_R","Strike_R+1","Defend_R","Defend_R","Defend_R","Defend_R","Bash","Warcry","Metallicize","Corruption","Power Through","Cleave","Entrench","Havoc","Pommel Strike","Doubt","Headbutt"],"relics":["Busted Crown","Blood Vial","Potion Belt"],"potions_floor_usage":[16,16],"damage_taken":[{"damage":1,"enemies":"Cultist","floor":1,"turns":3},{"damage":7,"enemies":"Small Slimes","floor":2,"turns":3},{"damage":4,"enemies":"Jaw Worm","floor":4,"turns":4},{"damage":29,"enemies":"3 Sentries","floor":6,"turns":9},{"damage":0,"enemies":"3 Louse","floor":8,"turns":2},{"damage":1,"enemies":"2 Fungi Beasts","floor":12,"turns":5},{"damage":8,"enemies":"Looter","floor":14,"turns":3},{"damage":30,"enemies":"The Guardian","floor":16,"turns":7}],"seed_played":"3445973972504379594","potions_obtained":[{"floor":2,"key":"Strength Potion"},{"floor":4,"key":"SpeedPotion"},{"floor":12,"key":"Block Potion"}],"is_trial":false,"path_per_floor":["M","M","$","M","?","E","R","M","T","$","?","M","?","M","R"],"character_chosen":"IRONCLAD","items_purchased":["Corruption","Power Through","Havoc"],"campfire_rested":2,"item_purchase_floors":[3,3,10],"current_hp_per_floor":[79,72,72,68,52,23,47,49,49,49,38,39,39,33,57,29],"gold":330,"neow_bonus":"BOSS_RELIC","is_prod":false,"is_daily":false,"chose_seed":false,"campfire_upgraded":0,"win_rate":0,"timestamp":1531926273,"path_taken":["M","M","$","M","?","E","R","M","T","$","?","M","?","M","R","BOSS"],"build_version":"2018-07-12","purchased_purges":0,"victory":false,"max_hp_per_floor":[80,80,80,80,80,80,80,80,80,80,80,80,80,80,80,80],"card_choices":[{"not_picked":[],"picked":"Warcry","floor":1},{"not_picked":[],"picked":"Metallicize","floor":2},{"not_picked":["Wild Strike"],"picked":"SKIP","floor":4},{"not_picked":[],"picked":"Cleave","floor":6},{"not_picked":[],"picked":"Entrench","floor":8},{"not_picked":[],"picked":"Pommel Strike","floor":12},{"not_picked":[],"picked":"Headbutt","floor":14}],"player_experience":292502,"relics_obtained":[{"floor":6,"key":"Blood Vial"},{"floor":9,"key":"Potion Belt"}],"event_choices":[{"event_name":"Shining Light","player_choice":"Entered Light","floor":5,"damage_taken":0},{"event_name":"World of Goop","player_choice":"Gather Gold","floor":11,"damage_taken":0},{"event_name":"Liars Game","player_choice":"agreed","floor":13,"damage_taken":0}],"boss_relics":[],"items_purged_floors":[],"is_endless":false,"potions_floor_spawned":[2,4,12],"killed_by":"The Guardian","ascension_level":4}