{"gold_per_floor":[117,129,129,79,79,79,107,107,107,126,126,140,140,178,178,303,303,326,251,270,284,8,8,21,21,21,21,35,71,86,101,101,101],"floor_reached":33,"playtime":1689,"items_purged":[],"score":387,"play_id":"f483c33e-7e4a-4594-a378-a105a42fc073","local_time":"20190603024136","is_ascension_mode":true,"campfire_choices":[{"data":"Neutralize","floor":6,"key":"SMITH"},{"floor":8,"key":"REST"},{"floor":15,"key":"REST"},{"floor":23,"key":"REST"},{"floor":25,"key":"REST"},{"floor":27,"key":"REST"},{"floor":32,"key":"REST"}],"neow_cost":"NONE","seed_source_timestamp":33141358002239,"circlet_count":0,"master_deck":["Defend_G","Defend_G","Defend_G","Defend_G","Defend_G","Strike_G","Strike_G","Strike_G","Survivor","Neutralize+1","Dagger Spray","Bane","Calculated Gamble","Bouncing Flask","Heel Hook+1","Footwork","Quick Slash","Die Die Die","Prepared+1","Dagger Throw+1","Deadly Poison+1","Cloak And Dagger","Masterful Stab+1","Crippling Poison","Corpse Explosion","Outmaneuver+1"],"relics":["Ring of the Snake","Lantern","Orichalcum","Singing Bowl","Pear","Golden Idol","The Courier","Odd Mushroom","Fusion Hammer","Oddly Smooth Stone","Whetstone","Bottled Tornado","Darkstone Periapt"],"potions_floor_usage":[14,16,16,18,21,21,29],"damage_taken":[{"damage":2,"enemies":"2 Louse","floor":1,"turns":4},{"damage":1,"enemies":"Jaw Worm","floor":2,"turns":3},{"damage":46,"enemies":"3 Sentries","floor":7,"turns":14},{"damage":7,"enemies":"Small Slimes","floor":10,"turns":3},{"damage":0,"enemies":"Exordium Thugs","floor":12,"turns":4},{"damage":24,"enemies":"The Mushroom Lair","floor":14,"turns":6},{"damage":2,"enemies":"Hexaghost","floor":16,"turns":11},{"damage":10,"enemies":"2 Thieves","floor":18,"turns":3},{"damage":5,"enemies":"Chosen","floor":20,"turns":4},{"damage":24,"enemies":"Centurion and Healer","floor":21,"turns":8},{"damage":17,"enemies":"Sentry and Sphere","floor":24,"turns":8},{"damage":4,"enemies":"Shelled Parasite and Fungi","floor":28,"turns":4},{"damage":42,"enemies":"Gremlin Leader","floor":29,"turns":9},{"damage":22,"enemies":"Centurion and Healer","floor":30,"turns":6},{"damage":1,"enemies":"Snecko","floor":31,"turns":4},{"damage":32,"enemies":"Champ","floor":33,"turns":10}],"seed_played":"7582533067282432408","potions_obtained":[{"floor":2,"key":"Dexterity Potion"},{"floor":7,"key":"Dexterity Potion"},{"floor":10,"key":"Regen Potion"},{"floor":16,"key":"Strength Potion"},{"floor":18,"key":"AttackPotion"},{"floor":20,"key":"Energy Potion"},{"floor":21,"key":"PowerPotion"}],"is_trial":false,"path_per_floor":["M","M","?","?","?","R","E","R","T","M","?","M","?","?","R","B",null,"M","?","M","M","$","R","M","R","T","R","M","E","M","M","R","B"],"character_chosen":"THE_SILENT","items_purchased":["Oddly Smooth Stone","Whetstone","Cloak And Dagger"],"campfire_rested":6,"item_purchase_floors":[22,22,22],"current_hp_per_floor":[61,60,60,60,60,60,14,35,45,38,38,38,31,22,44,42,66,56,56,51,27,27,49,34,56,56,76,72,30,8,7,29,0],"gold":101,"neow_bonus":"RANDOM_COMMON_RELIC","is_prod":false,"is_daily":false,"chose_seed":false,"campfire_upgraded":1,"win_rate":0,"timestamp":1559493696,"path_taken":["M","M","?","?","?","R","E","R","T","?","?","M","?","?","R","BOSS","M","?","M","M","$","R","M","R","T","R","M","E","M","M","R","BOSS"],"build_version":"2019-01-23","purchased_purges":0,"victory":false,"max_hp_per_floor":[70,70,70,70,70,70,70,70,80,80,74,74,74,74,74,74,74,74,74,74,74,74,74,76,76,76,76,76,76,76,76,76,76],"card_choices":[{"not_picked":["Bane","Blur"],"picked":"Dagger Spray","floor":1},{"not_picked":["Deflect","Flying Knee"],"picked":"Bane","floor":2},{"not_picked":["Outmaneuver","Blade Dance"],"picked":"Bouncing Flask","floor":7},{"not_picked":["Dodge and Roll","Deflect"],"picked":"Heel Hook","floor":10},{"not_picked":["Bane","Predator"],"picked":"Footwork","floor":12},{"not_picked":["Blade Dance","Predator"],"picked":"Quick Slash","floor":14},{"not_picked":["Malaise","Envenom"],"picked":"Die Die Die","floor":16},{"not_picked":["Caltrops","Choke"],"picked":"Prepared+1","floor":18},{"not_picked":["Backflip","Outmaneuver"],"picked":"Dagger Throw","floor":20},{"not_picked":["Dagger Throw","Blade Dance+1"],"picked":"Deadly Poison+1","floor":21},{"not_picked":["Deflect","Reflex","Quick Slash"],"picked":"Singing Bowl","floor":24},{"not_picked":["Prepared","Deflect"],"picked":"Masterful Stab+1","floor":28},{"not_picked":["Dash","Masterful Stab"],"picked":"Crippling Poison","floor":29},{"not_picked":["Blade Dance+1","Deadly Poison"],"picked":"Corpse Explosion","floor":30},{"not_picked":["Predator","Deflect"],"picked":"Outmaneuver+1","floor":31}],"player_experience":803406,"relics_obtained":[{"floor":7,"key":"Singing Bowl"},{"floor":9,"key":"Pear"},{"floor":14,"key":"Odd Mushroom"},{"floor":26,"key":"Bottled Tornado"},{"floor":29,"key":"Darkstone Periapt"}],"event_choices":[{"damage_healed":0,"gold_gain":0,"player_choice":"Box","damage_taken":0,"relics_obtained":["Orichalcum"],"max_hp_gain":0,"max_hp_loss":0,"event_name":"Big Fish","floor":3,"gold_loss":0,"cards_obtained":["Regret"]},{"cards_removed":["Regret"],"damage_healed":0,"gold_gain":0,"player_choice":"Card Removal","damage_taken":0,"max_hp_gain":0,"max_hp_loss":0,"event_name":"The Cleric","floor":4,"gold_loss":50},{"damage_healed":0,"gold_gain":0,"cards_transformed":["Strike_G"],"player_choice":"Transformed","damage_taken":0,"max_hp_gain":0,"max_hp_loss":0,"event_name":"Transmorgrifier","floor":5,"gold_loss":0,"cards_obtained":["Calculated Gamble"]},{"damage_healed":0,"gold_gain":0,"player_choice":"Lose Max HP","damage_taken":0,"relics_obtained":["Golden Idol"],"max_hp_gain":0,"max_hp_loss":6,"event_name":"Golden Idol","floor":11,"gold_loss":0},{"damage_healed":0,"gold_gain":0,"player_choice":"Success","damage_taken":7,"relics_obtained":["The Courier"],"max_hp_gain":0,"max_hp_loss":0,"event_name":"Scrap Ooze","floor":13,"gold_loss":0},{"damage_healed":0,"gold_gain":0,"player_choice":"Fought Mushrooms","damage_taken":0,"max_hp_gain":0,"max_hp_loss":0,"event_name":"Mushrooms","floor":14,"gold_loss":0},{"cards_removed":["Strike_G"],"damage_healed":0,"gold_gain":0,"player_choice":"Gave Gold","damage_taken":0,"max_hp_gain":0,"max_hp_loss":0,"event_name":"Beggar","floor":19,"gold_loss":75}],"is_beta":false,"boss_relics":[{"not_picked":["Black Star","HoveringKite"],"picked":"Fusion Hammer"}],"items_purged_floors":[],"is_endless":false,"potions_floor_spawned":[2,7,10,16,18,20,21],"killed_by":"Champ","ascension_level":9}