{"gold_per_floor":[111,130,130,130,130,148,148,162,162,162,172,172],"floor_reached":12,"playtime":734,"items_purged":[],"score":74,"play_id":"e102e1c5-496d-4408-87ec-ac45a2f5e4dc","local_time":"20190827215235","is_ascension_mode":true,"campfire_choices":[{"floor":7,"key":"RECALL"},{"data":"Feel No Pain","floor":10,"key":"SMITH"}],"neow_cost":"NONE","seed_source_timestamp":77707257568300,"circlet_count":0,"master_deck":["Strike_R","Strike_R","Strike_R","Strike_R","Defend_R","Defend_R","Defend_R","Defend_R","Bash","Pummel","Body Slam","Feel No Pain+1","Flame Barrier"],"relics":["Burning Blood","Self Forming Clay"],"potions_floor_usage":[12,12],"damage_taken":[{"damage":0,"enemies":"Small Slimes","floor":1,"turns":3},{"damage":1,"enemies":"Cultist","floor":2,"turns":3},{"damage":7,"enemies":"2 Louse","floor":6,"turns":4},{"damage":5,"enemies":"Red Slaver","floor":8,"turns":5},{"damage":19,"enemies":"Exordium Thugs","floor":11,"turns":7},{"damage":84,"enemies":"Lagavulin","floor":12,"turns":15}],"seed_played":"-1720231241107465112","potions_obtained":[{"floor":6,"key":"Energy Potion"},{"floor":11,"key":"Poison Potion"}],"is_trial":false,"path_per_floor":["M","M","?","?","$","M","R","M","T","R","M","E"],"character_chosen":"IRONCLAD","items_purchased":[],"campfire_rested":0,"item_purchase_floors":[],"current_hp_per_floor":[88,88,88,88,88,87,87,88,88,88,75,0],"gold":172,"neow_bonus":"TEN_PERCENT_HP_BONUS","is_prod":false,"is_daily":false,"chose_seed":false,"campfire_upgraded":1,"win_rate":0,"timestamp":1566960755,"path_taken":["M","M","?","?","$","M","R","M","T","R","?","E"],"build_version":"2019-07-17","purchased_purges":0,"victory":false,"max_hp_per_floor":[88,88,88,88,88,88,88,88,88,88,88,88],"card_choices":[{"not_picked":["Headbutt","Perfected Strike"],"picked":"Pummel","floor":1},{"not_picked":["Heavy Blade","Reckless Charge"],"picked":"Pommel Strike","floor":2},{"not_picked":["Blood for Blood","Wild Strike"],"picked":"Body Slam","floor":6},{"not_picked":["Anger","Shrug It Off"],"picked":"Feel No Pain","floor":8},{"not_picked":["Disarm","Power Through"],"picked":"Flame Barrier","floor":11}],"player_experience":223579,"relics_obtained":[],"event_choices":[{"cards_removed":["Strike_R"],"damage_healed":0,"gold_gain":0,"player_choice":"Forget","damage_taken":0,"max_hp_gain":0,"max_hp_loss":0,"event_name":"Living Wall","floor":3,"gold_loss":0},{"cards_removed":["Pommel Strike"],"damage_healed":0,"gold_gain":0,"player_choice":"Gave Card","damage_taken":0,"relics_obtained":["Self Forming Clay"],"max_hp_gain":0,"max_hp_loss":0,"event_name":"WeMeetAgain","floor":4,"gold_loss":0}],"is_beta":false,"boss_relics":[],"items_purged_floors":[],"is_endless":false,"potions_floor_spawned":[6,11],"killed_by":"Lagavulin","ascension_level":1}