{"gold_per_floor":[119,130,180,199,199,199,8,8,8,8,8,28,28,82,82,82],"floor_reached":16,"playtime":380,"items_purged":[],"score":163,"play_id":"444305e2-ddb0-4328-8f2d-2c69af893b80","local_time":"20190805030030","is_ascension_mode":true,"campfire_choices":[{"data":"Pommel Strike","floor":6,"key":"SMITH"},{"data":"Heavy Blade","floor":8,"key":"SMITH"},{"data":"Bash","floor":11,"key":"SMITH"},{"floor":15,"key":"REST"}],"neow_cost":"TEN_PERCENT_HP_LOSS","seed_source_timestamp":42314028562629,"circlet_count":0,"master_deck":["AscendersBane","Strike_R","Strike_R","Strike_R","Strike_R","Strike_R","Defend_R","Defend_R","Defend_R","Defend_R","Bash+1","Master of Strategy","Impatience","Power Through","Headbutt","Pommel Strike+1","Heavy Blade+1","Shrug It Off"],"relics":["Burning Blood","Orichalcum","Ancient Tea Set","Gremlin Horn","Smiling Mask"],"potions_floor_usage":[],"damage_taken":[{"damage":2,"enemies":"Cultist","floor":1,"turns":4},{"damage":10,"enemies":"2 Louse","floor":2,"turns":3},{"damage":15,"enemies":"Small Slimes","floor":4,"turns":5},{"damage":3,"enemies":"Blue Slaver","floor":12,"turns":4},{"damage":62,"enemies":"Hexaghost","floor":16,"turns":14}],"seed_played":"7371678789466133071","potions_obtained":[],"is_trial":false,"path_per_floor":["M","M","?","M","?","R","$","R","T","?","R","M","$","T","R","B"],"character_chosen":"IRONCLAD","items_purchased":["Orichalcum","Heavy Blade"],"campfire_rested":1,"item_purchase_floors":[7,7],"current_hp_per_floor":[68,64,58,49,54,54,54,54,54,36,36,39,39,39,60,0],"gold":82,"neow_bonus":"RANDOM_COLORLESS_2","is_prod":false,"is_daily":false,"chose_seed":false,"campfire_upgraded":3,"win_rate":0,"timestamp":1564938030,"path_taken":["M","M","?","?","?","R","$","R","T","?","R","M","?","?","R","BOSS"],"build_version":"2019-07-17","purchased_purges":0,"victory":false,"max_hp_per_floor":[68,68,68,68,73,73,73,73,73,73,73,73,73,73,73,73],"card_choices":[{"not_picked":["Havoc","Twin Strike"],"picked":"Power Through","floor":1},{"not_picked":["Flame Barrier","Warcry"],"picked":"Headbutt","floor":2},{"not_picked":["Shrug It Off","Body Slam"],"picked":"Pommel Strike","floor":4},{"not_picked":["Heavy Blade","True Grit"],"picked":"Shrug It Off","floor":12}],"player_experience":1139897,"relics_obtained":[{"floor":9,"key":"Ancient Tea Set"},{"floor":14,"key":"Smiling Mask"}],"event_choices":[{"damage_healed":0,"gold_gain":50,"player_choice":"Touch","damage_taken":6,"max_hp_gain":0,"max_hp_loss":0,"event_name":"FaceTrader","floor":3,"gold_loss":0},{"damage_healed":0,"gold_gain":0,"player_choice":"Donut","damage_taken":0,"max_hp_gain":5,"max_hp_loss":0,"event_name":"Big Fish","floor":5,"gold_loss":0},{"damage_healed":0,"gold_gain":0,"player_choice":"Success","damage_taken":18,"relics_obtained":["Gremlin Horn"],"max_hp_gain":0,"max_hp_loss":0,"event_name":"Scrap Ooze","floor":10,"gold_loss":0}],"is_beta":false,"boss_relics":[],"items_purged_floors":[],"is_endless":false,"potions_floor_spawned":[],"killed_by":"Hexaghost","ascension_level":17}