{"path_per_floor":["M","M","M","M","?","E","$","R","T","?","E","?","M"],"character_chosen":"THE_SILENT","items_purchased":["Art of War"],"gold_per_floor":[111,124,134,152,152,184,40,40,88,163,190,190,206,206],"floor_reached":14,"campfire_rested":1,"playtime":629,"current_hp_per_floor":[70,70,66,59,45,32,32,53,53,42,22,22,3,0],"items_purged":[],"gold":206,"score":115,"play_id":"1c363f5c-cb76-4a81-9753-ccaafb8235ba","local_time":"20180406003046","is_prod":false,"is_daily":false,"is_ascension_mode":true,"campfire_upgraded":0,"timestamp":1522989046,"path_taken":["M","M","?","M","?","E","$","R","T","?","E","?","M","?"],"build_version":"2018-04-05","purchased_purges":0,"victory":false,"master_deck":["Defend_G","Defend_G","Defend_G","Defend_G","Defend_G","Strike_G","Strike_G","Strike_G+1","Strike_G","Strike_G","Survivor","Neutralize","Finisher+1","Dagger Throw","Acrobatics","Outmaneuver+1","Blade Dance","Cloak And Dagger","Quick Slash","Well Laid Plans","Backflip","Backflip","Prepared","Dagger Throw"],"max_hp_per_floor":[70,70,70,70,70,70,70,70,70,70,70,70,70,70],"relics":["Orrery","Oddly Smooth Stone","Art of War","Prayer Wheel","Bronze Scales"],"card_choices":[{"not_picked":["Outmaneuver","All Out Attack"],"picked":"Finisher","floor":0},{"not_picked":["Deflect","Concentrate"],"picked":"Dagger Throw","floor":0},{"not_picked":["Skewer","Sucker Punch"],"picked":"Acrobatics","floor":0},{"not_picked":["Bane","Dagger Throw"],"picked":"Outmaneuver","floor":0},{"not_picked":["Malaise","Flechettes"],"picked":"Blade Dance","floor":0},{"not_picked":["Poisoned Stab","Sucker Punch"],"picked":"Cloak And Dagger","floor":1},{"not_picked":["PiercingWail","Footwork"],"picked":"Quick Slash","floor":2},{"not_picked":["Dagger Spray","Envenom"],"picked":"Well Laid Plans","floor":3},{"not_picked":["Predator","Poisoned Stab"],"picked":"Backflip","floor":4},{"not_picked":["Finisher","Deadly Poison"],"picked":"Backflip","floor":6},{"not_picked":["Skewer","Burst"],"picked":"Prepared","floor":11},{"not_picked":["Deadly Poison","Bane"],"picked":"Dagger Throw","floor":13}],"player_experience":174909,"potions_floor_usage":[6,6],"damage_taken":[{"damage":0,"enemies":"Cultist","floor":1,"turns":3},{"damage":0,"enemies":"Small Slimes","floor":2,"turns":2},{"damage":4,"enemies":"Jaw Worm","floor":3,"turns":5},{"damage":7,"enemies":"Looter","floor":4,"turns":3},{"damage":25,"enemies":"Gremlin Nob","floor":6,"turns":5},{"damage":20,"enemies":"3 Sentries","floor":11,"turns":7},{"damage":19,"enemies":"Gremlin Gang","floor":13,"turns":4},{"damage":4,"enemies":"Blue Slaver","floor":14,"turns":1}],"event_choices":[{"event_name":"Shining Light","player_choice":"Entered Light","floor":5,"damage_taken":0},{"event_name":"World of Goop","player_choice":"Gather Gold","floor":10,"damage_taken":0},{"event_name":"Accursed Blacksmith","player_choice":"Forge","floor":12,"damage_taken":0}],"boss_relics":[],"potions_floor_spawned":[2,4,13],"seed_played":"751995537413504533","killed_by":"Blue Slaver","ascension_level":3,"is_trial":false}