{"gold_per_floor":[113,133,208,133,148,166,195,195,218,7,32,32,49,67,67,138,138,152,67,67,67],"floor_reached":21,"playtime":1706,"items_purged":[],"score":350,"play_id":"53174b6e-c5fe-4787-a8d9-29e4a4372aec","local_time":"20190811123701","is_ascension_mode":true,"campfire_choices":[{"floor":8,"key":"REST"},{"floor":12,"key":"REST"},{"floor":15,"key":"REST"}],"neow_cost":"NONE","seed_source_timestamp":17755072807153,"circlet_count":0,"master_deck":["AscendersBane","Strike_B","Strike_B","Strike_B","Defend_B","Defend_B","Defend_B","Defend_B","Zap","Dualcast","Conserve Battery","Turbo","Cold Snap","Chill","Auto Shields","Trip","Hologram","Gash","Fission","Doom and Gloom","Loop","Streamline","Electrodynamics","Static Discharge","Ghostly","Ghostly","Ghostly"],"relics":["Cracked Core","Vajra","Dream Catcher","Potion Belt","Eternal Feather","Bag of Preparation"],"potions_floor_usage":[7,11,16,16,16],"damage_taken":[{"damage":2,"enemies":"Jaw Worm","floor":1,"turns":3},{"damage":3,"enemies":"2 Louse","floor":2,"turns":3},{"damage":5,"enemies":"Cultist","floor":5,"turns":4},{"damage":1,"enemies":"3 Louse","floor":6,"turns":4},{"damage":18,"enemies":"3 Sentries","floor":7,"turns":10},{"damage":20,"enemies":"Lagavulin","floor":11,"turns":8},{"damage":12,"enemies":"Large Slime","floor":13,"turns":7},{"damage":9,"enemies":"Exordium Wildlife","floor":14,"turns":5},{"damage":59,"enemies":"Hexaghost","floor":16,"turns":13},{"damage":55,"enemies":"Chosen","floor":18,"turns":7},{"damage":14,"enemies":"Shell Parasite","floor":21,"turns":1}],"seed_played":"-6896967268419894288","potions_obtained":[{"floor":1,"key":"Block Potion"},{"floor":6,"key":"Swift Potion"},{"floor":11,"key":"Regen Potion"},{"floor":16,"key":"Fruit Juice"},{"floor":18,"key":"AttackPotion"}],"is_trial":false,"path_per_floor":["M","M","?","?","M","M","E","R","T","$","E","R","M","M","R","B",null,"M","?","?","M"],"character_chosen":"DEFECT","items_purchased":["Trip","Hologram","AttackPotion"],"campfire_rested":3,"item_purchase_floors":[10,10,10],"current_hp_per_floor":[69,66,55,55,50,49,31,54,54,54,34,57,45,36,59,10,65,10,10,10,0],"gold":67,"neow_bonus":"TEN_PERCENT_HP_BONUS","is_prod":false,"is_daily":false,"chose_seed":false,"campfire_upgraded":0,"win_rate":0,"timestamp":1565491021,"path_taken":["M","M","?","?","M","M","E","R","T","?","E","R","M","M","R","BOSS","M","?","?","M"],"build_version":"2019-07-17","purchased_purges":0,"victory":false,"max_hp_per_floor":[78,78,78,78,78,78,78,78,78,78,78,78,78,78,78,83,83,83,83,41,41],"card_choices":[{"not_picked":["Blizzard","Leap"],"picked":"Conserve Battery","floor":1},{"not_picked":["Force Field","Barrage"],"picked":"Turbo","floor":2},{"not_picked":["Go for the Eyes","Reinforced Body"],"picked":"Cold Snap","floor":5},{"not_picked":["Leap","Loop"],"picked":"Chill","floor":6},{"not_picked":["Reboot","Consume"],"picked":"Auto Shields","floor":7},{"not_picked":["Redo","Barrage"],"picked":"Gash","floor":11},{"not_picked":["Barrage","Steam Power"],"picked":"Fission","floor":12},{"not_picked":["Turbo","Capacitor"],"picked":"Doom and Gloom","floor":13},{"not_picked":["Scrape","Rebound"],"picked":"Loop","floor":14},{"not_picked":["Doom and Gloom","Rebound"],"picked":"Streamline","floor":15},{"not_picked":["Multi-Cast","Reboot"],"picked":"Electrodynamics","floor":16},{"not_picked":["Streamline+1","Redo"],"picked":"Static Discharge","floor":18}],"player_experience":1193855,"relics_obtained":[{"floor":7,"key":"Vajra"},{"floor":9,"key":"Dream Catcher"},{"floor":11,"key":"Potion Belt"}],"event_choices":[{"damage_healed":0,"gold_gain":75,"player_choice":"Gather Gold","damage_taken":11,"max_hp_gain":0,"max_hp_loss":0,"event_name":"World of Goop","floor":3,"gold_loss":0},{"cards_removed":["Strike_B"],"damage_healed":0,"gold_gain":0,"player_choice":"Card Removal","damage_taken":0,"max_hp_gain":0,"max_hp_loss":0,"event_name":"The Cleric","floor":4,"gold_loss":75},{"damage_healed":0,"gold_gain":0,"player_choice":"Obtained Relic","damage_taken":0,"relics_obtained":["Bag of Preparation"],"max_hp_gain":0,"max_hp_loss":0,"event_name":"Addict","floor":19,"gold_loss":85},{"damage_healed":0,"gold_gain":0,"player_choice":"Became a Ghost","damage_taken":0,"max_hp_gain":0,"max_hp_loss":42,"event_name":"Ghosts","floor":20,"gold_loss":0,"cards_obtained":["Ghostly","Ghostly","Ghostly"]}],"is_beta":false,"boss_relics":[{"not_picked":["Pandora\u0027s Box","Tiny House"],"picked":"Eternal Feather"}],"items_purged_floors":[],"is_endless":false,"potions_floor_spawned":[1,6,11,16,18],"killed_by":"Shell Parasite","ascension_level":17}