{"gold_per_floor":[114,189,37,50,50,76,76,86,132,132,132,157,157,157],"floor_reached":14,"playtime":406,"items_purged":[],"score":206,"play_id":"df21e263-22c2-400f-9889-cd919ce4154a","local_time":"20181223215231","is_ascension_mode":true,"campfire_choices":[{"data":"Underhanded Strike","floor":7,"key":"SMITH"},{"data":"Neutralize","floor":10,"key":"SMITH"}],"neow_cost":"NONE","seed_source_timestamp":247046863666375,"circlet_count":0,"master_deck":["AscendersBane","Defend_G","Defend_G","Defend_G","Defend_G","Defend_G","Strike_G","Strike_G","Strike_G","Strike_G","Strike_G","Survivor","Neutralize+1","Backflip","Quick Slash+1","Underhanded Strike+1"],"relics":["Ring of the Snake","NeowsBlessing","Bronze Scales","Juzu Bracelet","Thread and Needle"],"potions_floor_usage":[12,12],"damage_taken":[{"damage":0,"enemies":"Cultist","floor":1,"turns":1},{"damage":0,"enemies":"2 Louse","floor":4,"turns":1},{"damage":0,"enemies":"3 Sentries","floor":6,"turns":1},{"damage":0,"enemies":"Small Slimes","floor":8,"turns":3},{"damage":29,"enemies":"Lagavulin","floor":12,"turns":8},{"damage":24,"enemies":"3 Sentries","floor":14,"turns":6}],"seed_played":"-8720134494782609217","potions_obtained":[{"floor":4,"key":"Fire Potion"},{"floor":6,"key":"PowerPotion"}],"is_trial":false,"path_per_floor":["M","?","$","M","?","E","R","M","T","R","?","E","?","E"],"character_chosen":"THE_SILENT","items_purchased":["Bronze Scales"],"campfire_rested":0,"item_purchase_floors":[3],"current_hp_per_floor":[59,48,48,48,53,53,53,53,53,53,53,24,24,0],"gold":157,"neow_bonus":"THREE_ENEMY_KILL","is_prod":false,"is_daily":false,"chose_seed":false,"campfire_upgraded":2,"win_rate":0,"timestamp":1545619951,"path_taken":["M","?","$","M","?","E","R","M","T","R","?","E","?","E"],"build_version":"2018-12-20","purchased_purges":0,"victory":false,"max_hp_per_floor":[66,66,66,66,71,71,71,71,71,71,71,71,71,71],"card_choices":[{"not_picked":["Slice","Blade Dance"],"picked":"Backflip","floor":1},{"not_picked":["Endless Agony","Slice"],"picked":"Quick Slash","floor":4},{"not_picked":["Acrobatics","Setup"],"picked":"Underhanded Strike","floor":6},{"not_picked":["Escape Plan","Wraith Form v2","Blade Dance"],"picked":"SKIP","floor":8},{"not_picked":["Quick Slash","Riddle With Holes","Poisoned Stab"],"picked":"SKIP","floor":12}],"player_experience":952381,"relics_obtained":[{"floor":6,"key":"Juzu Bracelet"},{"floor":12,"key":"Thread and Needle"}],"event_choices":[{"damage_healed":0,"gold_gain":75,"player_choice":"Gather Gold","damage_taken":11,"max_hp_gain":0,"max_hp_loss":0,"event_name":"World of Goop","floor":2,"gold_loss":0},{"damage_healed":0,"gold_gain":0,"player_choice":"Donut","damage_taken":0,"max_hp_gain":5,"max_hp_loss":0,"event_name":"Big Fish","floor":5,"gold_loss":0},{"damage_healed":0,"gold_gain":0,"player_choice":"Grow","damage_taken":0,"max_hp_gain":0,"max_hp_loss":0,"event_name":"Living Wall","floor":11,"gold_loss":0,"cards_upgraded":["Quick Slash"]},{"damage_healed":0,"gold_gain":0,"player_choice":"Ignored","damage_taken":0,"max_hp_gain":0,"max_hp_loss":0,"event_name":"Liars Game","floor":13,"gold_loss":0}],"is_beta":false,"boss_relics":[],"items_purged_floors":[],"is_endless":false,"potions_floor_spawned":[4,6,8],"killed_by":"3 Sentries","ascension_level":14}