{"gold_per_floor":[17,17,27,46,46,46,66,66,66,82,98,98,110,122,134,265,277,308,320,351,363],"floor_reached":21,"playtime":999,"items_purged":[],"score":257,"play_id":"4f84871d-13bd-44dd-b712-1d232834f307","local_time":"20181104200641","is_ascension_mode":true,"campfire_choices":[{"data":"1","floor":6,"key":"LIFT"},{"data":"2","floor":8,"key":"LIFT"},{"data":"3","floor":15,"key":"LIFT"}],"neow_cost":"NO_GOLD","seed_source_timestamp":692613935439157,"circlet_count":0,"master_deck":["AscendersBane","Strike_B","Strike_B","Strike_B","Strike_B","Defend_B","Defend_B","Defend_B","Defend_B","Zap","Dualcast","Blizzard","Chaos","Coolheaded","Beam Cell","Chaos","Fission","Hello World","Self Repair"],"relics":["Cracked Core","Girya","Golden Idol","Mummified Hand","MawBank","Black Star"],"potions_floor_usage":[10,11,16],"damage_taken":[{"damage":3,"enemies":"Small Slimes","floor":1,"turns":3},{"damage":1,"enemies":"Cultist","floor":3,"turns":3},{"damage":11,"enemies":"Jaw Worm","floor":4,"turns":4},{"damage":6,"enemies":"Blue Slaver","floor":7,"turns":4},{"damage":5,"enemies":"Large Slime","floor":10,"turns":5},{"damage":15,"enemies":"Lots of Slimes","floor":11,"turns":5},{"damage":16,"enemies":"The Guardian","floor":16,"turns":15},{"damage":21,"enemies":"Spheric Guardian","floor":18,"turns":5},{"damage":38,"enemies":"3 Byrds","floor":20,"turns":5},{"damage":12,"enemies":"Sentry and Sphere","floor":21,"turns":3}],"seed_played":"-9017161284017192241","potions_obtained":[{"floor":1,"key":"PowerPotion"},{"floor":2,"key":"Swift Potion"},{"floor":2,"key":"FairyPotion"},{"floor":11,"key":"Dexterity Potion"},{"floor":16,"key":"SteroidPotion"}],"is_trial":false,"path_per_floor":["M","?","M","M","?","R","M","R","T","M","M","?","$","$","R","B",null,"M","?","M","M"],"character_chosen":"DEFECT","items_purchased":[],"campfire_rested":0,"item_purchase_floors":[],"current_hp_per_floor":[65,65,64,53,53,53,47,47,47,42,27,20,20,20,20,4,57,36,36,7,0],"gold":363,"neow_bonus":"ONE_RARE_RELIC","is_prod":false,"is_daily":false,"chose_seed":false,"campfire_upgraded":0,"win_rate":0,"timestamp":1541380001,"path_taken":["M","?","?","M","?","R","M","R","T","M","M","?","?","$","R","BOSS","M","?","M","M"],"build_version":"2018-11-01","purchased_purges":0,"victory":false,"max_hp_per_floor":[75,75,75,75,75,75,75,75,75,75,75,75,75,75,75,75,75,75,75,75,75],"card_choices":[{"not_picked":["Hologram","Turbo"],"picked":"Blizzard","floor":1},{"not_picked":["Conserve Battery","Redo"],"picked":"Chaos","floor":3},{"not_picked":["Stack","Leap"],"picked":"Coolheaded","floor":4},{"not_picked":["Buffer","Turbo"],"picked":"Beam Cell","floor":7},{"not_picked":["Turbo","Tempest"],"picked":"Chaos","floor":10},{"not_picked":["Stack","Static Discharge","Streamline"],"picked":"SKIP","floor":11},{"not_picked":["Amplify","Reboot"],"picked":"Fission","floor":16},{"not_picked":["Static Discharge","Leap"],"picked":"Hello World","floor":18},{"not_picked":["Hologram+1","Redo"],"picked":"Self Repair","floor":20}],"player_experience":612946,"relics_obtained":[{"floor":9,"key":"Mummified Hand"}],"event_choices":[{"damage_healed":0,"gold_gain":0,"player_choice":"Got Potions","damage_taken":0,"max_hp_gain":0,"max_hp_loss":0,"event_name":"Lab","floor":2,"gold_loss":0},{"damage_healed":0,"gold_gain":0,"player_choice":"Take Wound","damage_taken":0,"relics_obtained":["Golden Idol"],"max_hp_gain":0,"max_hp_loss":0,"event_name":"Golden Idol","floor":5,"gold_loss":0,"cards_obtained":["Injury"]},{"damage_healed":0,"gold_gain":0,"player_choice":"Success","damage_taken":7,"relics_obtained":["MawBank"],"max_hp_gain":0,"max_hp_loss":0,"event_name":"Scrap Ooze","floor":12,"gold_loss":0},{"cards_removed":["Injury"],"damage_healed":0,"gold_gain":0,"player_choice":"Elegance","damage_taken":0,"max_hp_gain":0,"max_hp_loss":0,"event_name":"Back to Basics","floor":19,"gold_loss":0}],"is_beta":false,"boss_relics":[{"not_picked":["Runic Dome","Pandora\u0027s Box"],"picked":"Black Star"}],"items_purged_floors":[],"is_endless":false,"potions_floor_spawned":[1,11,16],"killed_by":"Sentry and Sphere","ascension_level":10}