{"gold_per_floor":[117,134,153,153,153,153,180,195,195,214,214,231,242,262,262,336,336,350,366,382,382,20,20,51,51,127,227,256,256,283,46,46,125,125,145,145,45,61,0,25,25,56,56,56,76,76,88,188,188,188],"floor_reached":51,"playtime":2612,"items_purged":["Strike_G","Writhe"],"score":1271,"play_id":"a95657e7-42a7-43fc-beb3-d5703f73d4a7","local_time":"20190705033629","is_ascension_mode":true,"campfire_choices":[{"data":"Neutralize","floor":6,"key":"SMITH"},{"floor":11,"key":"REST"},{"floor":15,"key":"REST"},{"data":"Bouncing Flask","floor":23,"key":"SMITH"},{"floor":25,"key":"REST"},{"floor":32,"key":"REST"},{"data":"Adrenaline","floor":41,"key":"SMITH"},{"floor":46,"key":"REST"},{"floor":49,"key":"REST"}],"neow_cost":"TEN_PERCENT_HP_LOSS","seed_source_timestamp":22926374743906,"circlet_count":0,"master_deck":["AscendersBane","Strike_G","Strike_G","Defend_G","Defend_G","Defend_G","Defend_G","Defend_G","Survivor","Neutralize+1","Bouncing Flask+1","PiercingWail","Dodge and Roll","Heel Hook","Deadly Poison","All Out Attack","Cloak And Dagger","Adrenaline+1","Sucker Punch","Corpse Explosion","Prepared","Dodge and Roll+1","Deadly Poison+1","Acrobatics","Footwork","Sadistic Nature","Bullet Time","Tactician","PiercingWail","Well Laid Plans+1","Bouncing Flask+1","Phantasmal Killer"],"relics":["Ring of the Snake","Gambling Chip","Bronze Scales","Bottled Lightning","Snecko Eye","Snake Skull","TwistedFunnel","Pocketwatch","Singing Bowl","Tingsha","Molten Egg 2","WingedGreaves","Orichalcum","Turnip","WristBlade","Red Mask","Dream Catcher","Lantern","Peace Pipe","Thread and Needle"],"potions_floor_usage":[7,7,27,33,40,42,48,50],"damage_taken":[{"damage":2,"enemies":"2 Louse","floor":1,"turns":3},{"damage":5,"enemies":"Small Slimes","floor":2,"turns":4},{"damage":1,"enemies":"Cultist","floor":3,"turns":4},{"damage":23,"enemies":"Gremlin Nob","floor":7,"turns":5},{"damage":4,"enemies":"Blue Slaver","floor":8,"turns":3},{"damage":5,"enemies":"3 Louse","floor":10,"turns":3},{"damage":2,"enemies":"2 Fungi Beasts","floor":12,"turns":2},{"damage":6,"enemies":"Looter","floor":13,"turns":3},{"damage":1,"enemies":"3 Louse","floor":14,"turns":2},{"damage":17,"enemies":"The Guardian","floor":16,"turns":11},{"damage":0,"enemies":"Chosen","floor":18,"turns":4},{"damage":0,"enemies":"3 Byrds","floor":19,"turns":2},{"damage":8,"enemies":"Snake Plant","floor":20,"turns":3},{"damage":16,"enemies":"Book of Stabbing","floor":24,"turns":4},{"damage":0,"enemies":"Colosseum Slavers","floor":27,"turns":2},{"damage":0,"enemies":"Colosseum Nobs","floor":27,"turns":4},{"damage":4,"enemies":"Slavers","floor":28,"turns":2},{"damage":12,"enemies":"Book of Stabbing","floor":30,"turns":3},{"damage":33,"enemies":"Champ","floor":33,"turns":12},{"damage":3,"enemies":"Orb Walker","floor":35,"turns":3},{"damage":0,"enemies":"3 Shapes","floor":38,"turns":2},{"damage":20,"enemies":"Nemesis","floor":40,"turns":7},{"damage":21,"enemies":"Reptomancer","floor":42,"turns":5},{"damage":16,"enemies":"Spire Growth","floor":45,"turns":4},{"damage":0,"enemies":"Jaw Worm Horde","floor":47,"turns":2},{"damage":10,"enemies":"Mind Bloom Boss Battle","floor":48,"turns":6},{"damage":16,"enemies":"Donu and Deca","floor":50,"turns":6}],"seed_played":"-5864654518295945127","potions_obtained":[{"floor":1,"key":"SkillPotion"},{"floor":2,"key":"Block Potion"},{"floor":10,"key":"Fire Potion"},{"floor":13,"key":"Swift Potion"},{"floor":27,"key":"Dexterity Potion"},{"floor":33,"key":"Block Potion"},{"floor":42,"key":"EssenceOfSteel"},{"floor":47,"key":"GhostInAJar"}],"is_trial":false,"path_per_floor":["M","M","M","?","?","R","E","M","T","M","R","M","M","M","R","B",null,"M","M","M","?","$","R","E","R","T","?","E","?","E","$","R","B",null,"M","?","$","M","?","E","R","E","T","?","M","R","M","?","R","B",null],"character_chosen":"THE_SILENT","items_purchased":["Snake Skull","TwistedFunnel","Sadistic Nature"],"campfire_rested":6,"item_purchase_floors":[22,22,31],"current_hp_per_floor":[61,56,55,48,48,48,25,21,21,16,34,32,26,25,43,26,54,54,54,46,46,46,46,30,48,48,48,44,44,32,32,50,17,52,49,63,63,63,63,45,45,24,24,24,10,30,30,22,44,28],"gold":188,"neow_bonus":"ONE_RARE_RELIC","is_prod":false,"is_daily":false,"chose_seed":false,"campfire_upgraded":3,"win_rate":0,"timestamp":1562261789,"path_taken":["M","M","M","?","?","R","E","M","T","M","R","?","M","M","R","BOSS","M","M","M","?","$","R","E","R","T","?","E","?","E","$","R","BOSS","M","?","$","M","?","E","R","E","T","?","M","R","M","?","R","BOSS"],"build_version":"2019-07-01","purchased_purges":2,"victory":true,"max_hp_per_floor":[63,63,63,63,63,63,63,63,63,63,63,63,63,63,63,63,63,63,63,63,63,63,63,63,63,63,63,63,63,63,63,63,63,63,63,63,63,63,63,65,65,65,65,65,67,67,67,69,71,71],"card_choices":[{"not_picked":["Blur","Flying Knee"],"picked":"Bouncing Flask","floor":1},{"not_picked":["Blade Dance","Caltrops"],"picked":"PiercingWail","floor":2},{"not_picked":["Acrobatics","Underhanded Strike"],"picked":"Dodge and Roll","floor":3},{"not_picked":["Deflect","Acrobatics"],"picked":"Heel Hook","floor":7},{"not_picked":["Finisher","Terror"],"picked":"Deadly Poison","floor":8},{"not_picked":["Reflex","Quick Slash"],"picked":"All Out Attack","floor":10},{"not_picked":["Slice","Escape Plan"],"picked":"Cloak And Dagger","floor":12},{"not_picked":["Backflip","Bouncing Flask"],"picked":"Adrenaline","floor":13},{"not_picked":["Dash","Accuracy"],"picked":"Sucker Punch","floor":14},{"not_picked":["Burst","Storm of Steel"],"picked":"Corpse Explosion","floor":16},{"not_picked":["Acrobatics","Setup"],"picked":"Poisoned Stab","floor":18},{"not_picked":["Setup","Deadly Poison"],"picked":"Prepared","floor":19},{"not_picked":["Bane","Underhanded Strike"],"picked":"Dodge and Roll+1","floor":20},{"not_picked":["Prepared","Riddle With Holes","Corpse Explosion"],"picked":"SKIP","floor":24},{"not_picked":["Eviscerate","Outmaneuver"],"picked":"Deadly Poison+1","floor":27},{"not_picked":["Deadly Poison","Blade Dance"],"picked":"Acrobatics","floor":28},{"not_picked":["Deflect","Blade Dance"],"picked":"Footwork","floor":30},{"not_picked":["Wraith Form v2","Unload+1"],"picked":"Bullet Time","floor":33},{"not_picked":["Cloak And Dagger","Prepared"],"picked":"Tactician","floor":35},{"not_picked":["Leg Sweep","Bane+1"],"picked":"PiercingWail","floor":38},{"not_picked":["Slice+1","Flying Knee+1","Masterful Stab+1"],"picked":"Singing Bowl","floor":40},{"not_picked":["Flying Knee+1","Cloak And Dagger+1"],"picked":"Well Laid Plans+1","floor":42},{"not_picked":["Bane+1","PiercingWail","Prepared+1"],"picked":"Singing Bowl","floor":45},{"not_picked":["Deflect+1","Prepared+1"],"picked":"Bouncing Flask+1","floor":46},{"not_picked":["Escape Plan","Expertise+1"],"picked":"Phantasmal Killer","floor":47},{"not_picked":["Deflect","Slice+1","Acrobatics"],"picked":"Singing Bowl","floor":48},{"not_picked":["Backstab+1","Concentrate","Escape Plan"],"picked":"Singing Bowl","floor":49}],"player_experience":932126,"relics_obtained":[{"floor":7,"key":"Bronze Scales"},{"floor":9,"key":"Bottled Lightning"},{"floor":24,"key":"Pocketwatch"},{"floor":26,"key":"Singing Bowl"},{"floor":27,"key":"Tingsha"},{"floor":27,"key":"Molten Egg 2"},{"floor":28,"key":"WingedGreaves"},{"floor":30,"key":"Turnip"},{"floor":40,"key":"Dream Catcher"},{"floor":42,"key":"Lantern"},{"floor":43,"key":"Peace Pipe"},{"floor":48,"key":"Thread and Needle"}],"event_choices":[{"cards_removed":["Strike_G"],"damage_healed":0,"gold_gain":0,"player_choice":"Card Removal","damage_taken":7,"max_hp_gain":0,"max_hp_loss":0,"event_name":"Golden Wing","floor":4,"gold_loss":0},{"cards_removed":["Strike_G"],"damage_healed":0,"gold_gain":0,"player_choice":"Offered Basic","damage_taken":0,"max_hp_gain":0,"max_hp_loss":0,"event_name":"Bonfire Elementals","floor":5,"gold_loss":0},{"damage_healed":0,"gold_gain":0,"player_choice":"Ignored","damage_taken":0,"max_hp_gain":0,"max_hp_loss":0,"event_name":"Ghosts","floor":21,"gold_loss":0},{"damage_healed":0,"gold_gain":0,"player_choice":"Fight","damage_taken":0,"max_hp_gain":0,"max_hp_loss":0,"event_name":"Colosseum","floor":27,"gold_loss":0},{"damage_healed":0,"gold_gain":0,"player_choice":"Fought Nobs","damage_taken":0,"max_hp_gain":0,"max_hp_loss":0,"event_name":"Colosseum","floor":27,"gold_loss":0},{"damage_healed":0,"gold_gain":0,"player_choice":"Opened","damage_taken":0,"relics_obtained":["Orichalcum"],"max_hp_gain":0,"max_hp_loss":0,"event_name":"The Mausoleum","floor":29,"gold_loss":0},{"damage_healed":16,"gold_gain":0,"player_choice":"Writhe","damage_taken":0,"max_hp_gain":0,"max_hp_loss":0,"event_name":"Winding Halls","floor":36,"gold_loss":0,"cards_obtained":["Writhe"]},{"damage_healed":0,"gold_gain":0,"player_choice":"Paid","damage_taken":0,"relics_obtained":["Red Mask"],"max_hp_gain":0,"max_hp_loss":0,"event_name":"Tomb of Lord Red Mask","floor":39,"gold_loss":61},{"cards_removed":["Poisoned Stab"],"damage_healed":0,"gold_gain":0,"player_choice":"Removed Attack","damage_taken":0,"max_hp_gain":0,"max_hp_loss":0,"event_name":"Falling","floor":44,"gold_loss":0},{"damage_healed":0,"gold_gain":0,"player_choice":"Fight","damage_taken":0,"max_hp_gain":0,"max_hp_loss":0,"event_name":"MindBloom","floor":48,"gold_loss":0}],"is_beta":false,"boss_relics":[{"not_picked":["Tiny House","HoveringKite"],"picked":"Snecko Eye"},{"not_picked":["Runic Dome","Black Star"],"picked":"WristBlade"}],"items_purged_floors":[31,37],"is_endless":false,"potions_floor_spawned":[1,2,10,13,16,24,27,28,33,35,42,47],"ascension_level":13}