{"gold_per_floor":[114,114,132,151,151,185,185,218,242,266,287,287,137,153,153,153],"floor_reached":16,"playtime":884,"items_purged":["Strike_R"],"score":118,"play_id":"a41a879f-aeb4-4579-8bcb-a0ec7378ed3c","local_time":"20190911224539","is_ascension_mode":true,"campfire_choices":[{"floor":7,"key":"REST"},{"floor":15,"key":"REST"}],"neow_cost":"NONE","seed_source_timestamp":2101547365028600,"circlet_count":0,"master_deck":["Strike_R+1","Strike_R","Strike_R","Strike_R","Defend_R","Defend_R+1","Defend_R","Defend_R","Bash","Fire Breathing+1","Dropkick","Seeing Red","Ghostly Armor","Feed","Iron Wave","Cleave","Warcry","Shrug It Off","Rage","True Grit"],"relics":["Burning Blood","NeowsBlessing","Golden Idol","Smiling Mask","Juzu Bracelet","Dream Catcher"],"potions_floor_usage":[14,14,16],"damage_taken":[{"damage":0,"enemies":"Small Slimes","floor":1,"turns":1},{"damage":0,"enemies":"Cultist","floor":3,"turns":1},{"damage":0,"enemies":"Jaw Worm","floor":4,"turns":1},{"damage":30,"enemies":"Lagavulin","floor":6,"turns":8},{"damage":35,"enemies":"3 Sentries","floor":8,"turns":10},{"damage":14,"enemies":"Large Slime","floor":10,"turns":6},{"damage":11,"enemies":"3 Louse","floor":11,"turns":5},{"damage":2,"enemies":"Exordium Thugs","floor":14,"turns":5},{"damage":48,"enemies":"Hexaghost","floor":16,"turns":14}],"seed_played":"-4111561874374930623","potions_obtained":[{"floor":3,"key":"Energy Potion"},{"floor":4,"key":"PowerPotion"},{"floor":8,"key":"Fire Potion"},{"floor":11,"key":"Explosive Potion"}],"is_trial":false,"path_per_floor":["M","?","M","M","?","E","R","E","T","M","M","?","$","M","R","B"],"character_chosen":"IRONCLAD","items_purchased":["Warcry","Shrug It Off"],"campfire_rested":2,"item_purchase_floors":[13,13],"current_hp_per_floor":[80,80,80,80,60,36,60,31,31,26,24,7,7,14,40,0],"gold":153,"neow_bonus":"THREE_ENEMY_KILL","is_prod":false,"is_daily":false,"chose_seed":false,"campfire_upgraded":0,"win_rate":0,"timestamp":1568209539,"path_taken":["M","?","M","?","?","E","R","E","T","M","M","?","$","M","R","BOSS"],"build_version":"2019-07-17","purchased_purges":1,"victory":false,"max_hp_per_floor":[80,80,80,80,80,80,80,80,80,83,86,86,86,89,89,89],"card_choices":[{"not_picked":["Cleave","Burning Pact"],"picked":"Fire Breathing","floor":1},{"not_picked":["Shrug It Off","Headbutt"],"picked":"Dropkick","floor":3},{"not_picked":["Hemokinesis","Perfected Strike"],"picked":"Seeing Red","floor":4},{"not_picked":["Juggernaut","Cleave"],"picked":"Ghostly Armor","floor":6},{"not_picked":["Fire Breathing","Headbutt"],"picked":"Feed","floor":8},{"not_picked":["Combust","Seeing Red"],"picked":"Iron Wave","floor":10},{"not_picked":["True Grit","Warcry"],"picked":"Cleave","floor":11},{"not_picked":["Headbutt","Perfected Strike"],"picked":"Rage","floor":14},{"not_picked":["Armaments","Clash"],"picked":"True Grit","floor":15}],"player_experience":37457,"relics_obtained":[{"floor":6,"key":"Smiling Mask"},{"floor":8,"key":"Juzu Bracelet"},{"floor":9,"key":"Dream Catcher"}],"event_choices":[{"damage_healed":0,"gold_gain":0,"player_choice":"Forge","damage_taken":0,"max_hp_gain":0,"max_hp_loss":0,"event_name":"Accursed Blacksmith","floor":2,"gold_loss":0,"cards_upgraded":["Fire Breathing"]},{"damage_healed":0,"gold_gain":0,"player_choice":"Take Damage","damage_taken":20,"relics_obtained":["Golden Idol"],"max_hp_gain":0,"max_hp_loss":0,"event_name":"Golden Idol","floor":5,"gold_loss":0},{"damage_healed":0,"gold_gain":0,"player_choice":"Entered Light","damage_taken":17,"max_hp_gain":0,"max_hp_loss":0,"event_name":"Shining Light","floor":12,"gold_loss":0,"cards_upgraded":["Defend_R","Strike_R"]}],"is_beta":false,"boss_relics":[],"items_purged_floors":[13],"is_endless":false,"potions_floor_spawned":[3,4,8,11],"killed_by":"Hexaghost","ascension_level":1}