{"gold_per_floor":[111,129,129,129,139,139,139,139,163,175,195,219,245,256,256,333,333,352,364,364,377,397,397,430,430,512,523,555,480,395,414,414,414],"floor_reached":33,"playtime":1537,"items_purged":["Strike_R"],"score":564,"play_id":"fb31c515-8b61-4084-9fc8-b73870082432","local_time":"20190422231131","is_ascension_mode":true,"campfire_choices":[{"data":"Perfected Strike","floor":6,"key":"SMITH"},{"floor":8,"key":"REST"},{"data":"Disarm","floor":15,"key":"SMITH"},{"data":"Immolate","floor":23,"key":"SMITH"},{"data":"Bash","floor":25,"key":"SMITH"},{"data":"Demon Form","floor":32,"key":"SMITH"}],"neow_cost":"NONE","seed_source_timestamp":879189678801600,"circlet_count":0,"master_deck":["AscendersBane","Strike_R","Strike_R","Strike_R","Defend_R+1","Defend_R","Defend_R","Defend_R+1","Bash+1","Twin Strike","Thunderclap","Perfected Strike+1","Shrug It Off","Disarm+1","Metallicize","Immolate+1","Metallicize+1","Disarm+1","Shockwave","Clothesline+1","Demon Form+1"],"relics":["Burning Blood","Bronze Scales","Bag of Marbles","War Paint","Happy Flower","Ornamental Fan","Snecko Eye","Pantograph","Bottled Flame","Art of War","Anchor"],"potions_floor_usage":[14,24,28,33],"damage_taken":[{"damage":13,"enemies":"Small Slimes","floor":1,"turns":4},{"damage":9,"enemies":"2 Louse","floor":2,"turns":2},{"damage":1,"enemies":"Cultist","floor":5,"turns":3},{"damage":4,"enemies":"Exordium Wildlife","floor":10,"turns":3},{"damage":2,"enemies":"Red Slaver","floor":11,"turns":3},{"damage":8,"enemies":"Gremlin Nob","floor":13,"turns":3},{"damage":0,"enemies":"Large Slime","floor":14,"turns":5},{"damage":10,"enemies":"Hexaghost","floor":16,"turns":11},{"damage":1,"enemies":"3 Byrds","floor":18,"turns":3},{"damage":10,"enemies":"Spheric Guardian","floor":19,"turns":4},{"damage":0,"enemies":"Snake Plant","floor":21,"turns":3},{"damage":0,"enemies":"Snecko","floor":22,"turns":4},{"damage":10,"enemies":"Slavers","floor":24,"turns":3},{"damage":12,"enemies":"Centurion and Healer","floor":27,"turns":6},{"damage":2,"enemies":"Book of Stabbing","floor":28,"turns":5},{"damage":2,"enemies":"Shelled Parasite and Fungi","floor":31,"turns":2},{"damage":82,"enemies":"Automaton","floor":33,"turns":10}],"seed_played":"4957617820898963126","potions_obtained":[{"floor":2,"key":"Swift Potion"},{"floor":5,"key":"Energy Potion"},{"floor":14,"key":"EssenceOfSteel"},{"floor":19,"key":"Ancient Potion"},{"floor":27,"key":"Weak Potion"},{"floor":31,"key":"BloodPotion"}],"is_trial":false,"path_per_floor":["M","M","?","?","M","R","?","R","T","M","M","T","E","M","R","B",null,"M","M","?","M","M","R","E","R","T","M","E","$","?","M","R","B"],"character_chosen":"IRONCLAD","items_purchased":[],"campfire_rested":1,"item_purchase_floors":[],"current_hp_per_floor":[61,58,13,13,18,18,18,40,40,42,46,46,44,50,50,46,68,73,69,69,75,75,75,71,71,71,65,69,69,69,73,73,0],"gold":414,"neow_bonus":"RANDOM_COMMON_RELIC","is_prod":false,"is_daily":false,"chose_seed":false,"campfire_upgraded":5,"win_rate":0,"timestamp":1555999891,"path_taken":["M","M","?","?","M","R","?","R","T","?","M","?","E","M","R","BOSS","M","M","?","M","?","R","E","R","T","M","E","$","?","M","R","BOSS"],"build_version":"2019-01-23","purchased_purges":1,"victory":false,"max_hp_per_floor":[75,75,75,75,75,75,75,75,75,75,75,75,75,75,75,75,75,75,75,75,75,75,75,75,75,75,75,75,75,75,75,75,75],"card_choices":[{"not_picked":["Wild Strike","Searing Blow"],"picked":"Twin Strike","floor":1},{"not_picked":["Headbutt","Clash"],"picked":"Thunderclap","floor":2},{"not_picked":["Thunderclap","Body Slam"],"picked":"Perfected Strike","floor":5},{"not_picked":["Infernal Blade","Perfected Strike","Evolve"],"picked":"SKIP","floor":10},{"not_picked":["Searing Blow","Pommel Strike"],"picked":"Shrug It Off","floor":11},{"not_picked":["Double Tap","Sword Boomerang"],"picked":"Disarm","floor":13},{"not_picked":["Sentinel","Iron Wave"],"picked":"Metallicize","floor":14},{"not_picked":["Brutality","Impervious"],"picked":"Immolate","floor":16},{"not_picked":["Carnage","Dropkick+1","Wild Strike"],"picked":"SKIP","floor":18},{"not_picked":["Iron Wave","Headbutt"],"picked":"Metallicize+1","floor":19},{"not_picked":["Heavy Blade","Warcry"],"picked":"Shockwave","floor":21},{"not_picked":["Thunderclap","Evolve","Uppercut"],"picked":"SKIP","floor":22},{"not_picked":["Dark Embrace","Ghostly Armor","Intimidate"],"picked":"SKIP","floor":24},{"not_picked":["Body Slam","Carnage"],"picked":"Clothesline+1","floor":27},{"not_picked":["Power Through","Blood for Blood"],"picked":"Demon Form","floor":28},{"not_picked":["Second Wind","Headbutt","Dual Wield+1"],"picked":"SKIP","floor":31},{"not_picked":["Second Wind","Headbutt","Dual Wield+1"],"picked":"SKIP","floor":31}],"player_experience":475511,"relics_obtained":[{"floor":9,"key":"War Paint"},{"floor":12,"key":"Happy Flower"},{"floor":13,"key":"Ornamental Fan"},{"floor":24,"key":"Pantograph"},{"floor":26,"key":"Bottled Flame"},{"floor":28,"key":"Art of War"}],"event_choices":[{"damage_healed":0,"gold_gain":0,"player_choice":"Success","damage_taken":45,"relics_obtained":["Bag of Marbles"],"max_hp_gain":0,"max_hp_loss":0,"event_name":"Scrap Ooze","floor":3,"gold_loss":0},{"damage_healed":0,"gold_gain":0,"player_choice":"Ignored","damage_taken":0,"max_hp_gain":0,"max_hp_loss":0,"event_name":"Shining Light","floor":4,"gold_loss":0},{"cards_removed":["Strike_R"],"damage_healed":0,"gold_gain":0,"player_choice":"Offered Basic","damage_taken":0,"max_hp_gain":0,"max_hp_loss":0,"event_name":"Bonfire Elementals","floor":7,"gold_loss":0},{"damage_healed":0,"gold_gain":0,"player_choice":"Copied","damage_taken":0,"max_hp_gain":0,"max_hp_loss":0,"event_name":"Duplicator","floor":20,"gold_loss":0,"cards_obtained":["Disarm"]},{"damage_healed":0,"gold_gain":0,"player_choice":"Obtained Relic","damage_taken":0,"relics_obtained":["Anchor"],"max_hp_gain":0,"max_hp_loss":0,"event_name":"Addict","floor":30,"gold_loss":85}],"is_beta":false,"boss_relics":[{"not_picked":["Orrery","Velvet Choker"],"picked":"Snecko Eye"}],"items_purged_floors":[29],"is_endless":false,"potions_floor_spawned":[2,5,14,16,19,21,22,27,31],"killed_by":"Automaton","ascension_level":19}