{"gold_per_floor":[114,15,15,27,27,53,53,86,86,98,98,112,112,140,140,237,237,248,173,184,184,197,197,226,236,284,284,302,2,2,2,2,101,101,120,136,136,154,167,167,167,167,216,19,19,30,55,85,97,109],"floor_reached":51,"playtime":2826,"items_purged":["Strike_G","Writhe"],"score":1026,"play_id":"435caab1-1838-42b2-bd53-12b93c7e327b","local_time":"20181102014917","is_ascension_mode":true,"campfire_choices":[{"data":"1","floor":7,"key":"LIFT"},{"floor":13,"key":"REST"},{"data":"2","floor":15,"key":"LIFT"},{"data":"3","floor":23,"key":"LIFT"},{"data":"After Image","floor":27,"key":"SMITH"},{"floor":32,"key":"REST"},{"data":"Burst","floor":40,"key":"SMITH"},{"data":"Tactician","floor":41,"key":"SMITH"},{"data":"Bane","floor":49,"key":"SMITH"}],"neow_cost":"NONE","seed_source_timestamp":448526776958230,"circlet_count":0,"master_deck":["Survivor","Underhanded Strike","Tools of the Trade","Predator","Bane+1","Backstab","Deflect","Flying Knee","After Image+1","Flying Knee","Dagger Throw","Deflect+1","Cloak And Dagger+1","Underhanded Strike","Dash","Blade Dance","Cloak And Dagger+1","Deadly Poison+1","Crippling Poison+1","Corpse Explosion","Burst+1","Blade Dance+1","Reflex+1","Tactician+1","PiercingWail+1"],"relics":["Runic Dome","Girya","Pantograph","StoneCalendar","Oddly Smooth Stone","Pandora\u0027s Box","WingedGreaves","War Paint","Letter Opener","Enchiridion","White Beast Statue","Bag of Preparation","MawBank"],"potions_floor_usage":[14,16,24,28,33,33,39,44,47,48,50,50,50],"damage_taken":[{"damage":1,"enemies":"2 Louse","floor":1,"turns":3},{"damage":7,"enemies":"Jaw Worm","floor":4,"turns":4},{"damage":22,"enemies":"Gremlin Nob","floor":6,"turns":4},{"damage":22,"enemies":"Lagavulin","floor":8,"turns":4},{"damage":0,"enemies":"Small Slimes","floor":10,"turns":2},{"damage":0,"enemies":"Looter","floor":12,"turns":3},{"damage":6,"enemies":"Gremlin Nob","floor":14,"turns":3},{"damage":7,"enemies":"Hexaghost","floor":16,"turns":8},{"damage":6,"enemies":"Shell Parasite","floor":18,"turns":3},{"damage":8,"enemies":"Chosen","floor":20,"turns":3},{"damage":11,"enemies":"Sentry and Sphere","floor":22,"turns":4},{"damage":12,"enemies":"Book of Stabbing","floor":24,"turns":4},{"damage":5,"enemies":"Cultist and Chosen","floor":25,"turns":3},{"damage":0,"enemies":"3 Cultists","floor":28,"turns":5},{"damage":38,"enemies":"Collector","floor":33,"turns":8},{"damage":2,"enemies":"3 Shapes","floor":35,"turns":3},{"damage":11,"enemies":"Orb Walker","floor":36,"turns":2},{"damage":1,"enemies":"Sphere and 2 Shapes","floor":38,"turns":4},{"damage":0,"enemies":"4 Shapes","floor":39,"turns":5},{"damage":7,"enemies":"Jaw Worm Horde","floor":46,"turns":3},{"damage":15,"enemies":"Giant Head","floor":47,"turns":6},{"damage":0,"enemies":"Transient","floor":48,"turns":5},{"damage":31,"enemies":"Donu and Deca","floor":50,"turns":5}],"seed_played":"-876672387815233266","potions_obtained":[{"floor":6,"key":"EssenceOfSteel"},{"floor":10,"key":"SkillPotion"},{"floor":18,"key":"Fire Potion"},{"floor":22,"key":"SkillPotion"},{"floor":28,"key":"SkillPotion"},{"floor":35,"key":"Strength Potion"},{"floor":36,"key":"SpeedPotion"},{"floor":38,"key":"Poison Potion"},{"floor":39,"key":"SkillPotion"},{"floor":46,"key":"Ancient Potion"},{"floor":47,"key":"AttackPotion"},{"floor":48,"key":"Fire Potion"}],"is_trial":false,"path_per_floor":["M","$","?","M","?","E","R","E","T","M","?","M","R","E","R","B",null,"M","?","M","?","M","R","E","M","T","R","M","$","?","?","R","B",null,"M","M","$","M","M","R","R","?","T","$","?","M","E","M","R","B",null],"character_chosen":"THE_SILENT","items_purchased":["Underhanded Strike","Letter Opener","PowerPotion","Fruit Juice"],"campfire_rested":2,"item_purchase_floors":[2,29,29,44],"current_hp_per_floor":[62,62,62,55,55,33,33,11,11,11,16,16,38,32,32,50,69,63,63,55,55,44,44,32,27,27,27,27,27,11,11,33,20,61,59,48,48,47,47,47,47,66,66,71,76,69,54,54,54,48],"gold":121,"neow_bonus":"BOSS_RELIC","is_prod":false,"is_daily":false,"chose_seed":false,"campfire_upgraded":4,"win_rate":0,"timestamp":1541137757,"path_taken":["M","$","?","M","?","E","R","E","T","M","?","M","R","E","R","BOSS","M","?","M","?","M","R","E","M","T","R","?","$","?","?","R","BOSS","M","M","?","M","?","R","R","?","T","$","?","M","E","M","R","BOSS"],"build_version":"2018-11-01","purchased_purges":2,"victory":true,"max_hp_per_floor":[70,70,70,70,70,70,70,70,70,70,75,75,75,75,75,75,75,75,75,75,75,75,75,75,75,75,75,75,75,75,75,75,75,75,75,75,75,75,75,75,75,75,75,80,80,80,80,80,80,80],"card_choices":[{"not_picked":["Prepared","Sucker Punch"],"picked":"Deadly Poison","floor":1},{"not_picked":["Caltrops","Dagger Spray"],"picked":"Predator","floor":4},{"not_picked":["Prepared","Noxious Fumes"],"picked":"Bane","floor":6},{"not_picked":["Blade Dance","Setup"],"picked":"Backstab","floor":8},{"not_picked":["Underhanded Strike","Finisher"],"picked":"Deflect","floor":10},{"not_picked":["Bane","Finisher","Deadly Poison"],"picked":"SKIP","floor":12},{"not_picked":["Sucker Punch","Choke"],"picked":"Flying Knee","floor":14},{"not_picked":["A Thousand Cuts","Burst"],"picked":"After Image","floor":16},{"not_picked":["Calculated Gamble","Riddle With Holes+1"],"picked":"Cloak And Dagger+1","floor":18},{"not_picked":["Bane","Flying Knee","Footwork"],"picked":"SKIP","floor":20},{"not_picked":["Poisoned Stab","Cloak And Dagger","Tools of the Trade"],"picked":"SKIP","floor":22},{"not_picked":["Underhanded Strike+1","Predator","Quick Slash"],"picked":"SKIP","floor":24},{"not_picked":["Poisoned Stab","Heel Hook"],"picked":"Deadly Poison+1","floor":25},{"not_picked":["Leg Sweep+1","Quick Slash"],"picked":"Crippling Poison+1","floor":28},{"not_picked":["Bullet Time","Unload"],"picked":"Burst","floor":33},{"not_picked":["Tactician","Dagger Spray+1"],"picked":"Blade Dance+1","floor":35},{"not_picked":["Dagger Spray+1","Acrobatics"],"picked":"Reflex+1","floor":36},{"not_picked":["Crippling Poison+1","Footwork","Acrobatics"],"picked":"SKIP","floor":38},{"not_picked":["Predator+1","Bane"],"picked":"Tactician","floor":39},{"not_picked":["Flying Knee+1","Bouncing Flask","Glass Knife"],"picked":"SKIP","floor":46},{"not_picked":["Cloak And Dagger","Outmaneuver","Riddle With Holes"],"picked":"SKIP","floor":47},{"not_picked":["Flying Knee","Well Laid Plans"],"picked":"PiercingWail+1","floor":48}],"player_experience":574199,"relics_obtained":[{"floor":6,"key":"Girya"},{"floor":8,"key":"Pantograph"},{"floor":9,"key":"StoneCalendar"},{"floor":14,"key":"Oddly Smooth Stone"},{"floor":24,"key":"WingedGreaves"},{"floor":26,"key":"War Paint"},{"floor":30,"key":"Enchiridion"},{"floor":43,"key":"Bag of Preparation"},{"floor":47,"key":"MawBank"}],"event_choices":[{"damage_healed":0,"gold_gain":0,"cards_transformed":["Strike_G"],"player_choice":"Change","damage_taken":0,"max_hp_gain":0,"max_hp_loss":0,"event_name":"Living Wall","floor":3,"gold_loss":0,"cards_obtained":["Tools of the Trade"]},{"damage_healed":0,"gold_gain":0,"player_choice":"Leave","damage_taken":0,"max_hp_gain":0,"max_hp_loss":0,"event_name":"The Cleric","floor":5,"gold_loss":0},{"damage_healed":0,"gold_gain":0,"player_choice":"Donut","damage_taken":0,"max_hp_gain":5,"max_hp_loss":0,"event_name":"Big Fish","floor":11,"gold_loss":0},{"cards_removed":["Catalyst"],"damage_healed":0,"gold_gain":0,"player_choice":"Gave Gold","damage_taken":0,"max_hp_gain":0,"max_hp_loss":0,"event_name":"Beggar","floor":19,"gold_loss":75},{"damage_healed":0,"gold_gain":0,"player_choice":"Ignored","damage_taken":0,"max_hp_gain":0,"max_hp_loss":0,"event_name":"Ghosts","floor":21,"gold_loss":0},{"damage_healed":0,"gold_gain":0,"player_choice":"Obtained Book","damage_taken":16,"max_hp_gain":0,"max_hp_loss":0,"event_name":"Cursed Tome","floor":30,"gold_loss":0},{"damage_healed":0,"gold_gain":0,"cards_transformed":["Neutralize"],"player_choice":"Transformed","damage_taken":0,"max_hp_gain":0,"max_hp_loss":0,"event_name":"Transmorgrifier","floor":31,"gold_loss":0,"cards_obtained":["Corpse Explosion"]},{"damage_healed":19,"gold_gain":0,"player_choice":"Writhe","damage_taken":0,"max_hp_gain":0,"max_hp_loss":0,"event_name":"Winding Halls","floor":42,"gold_loss":0,"cards_obtained":["Writhe"]},{"cards_removed":["Deadly Poison"],"damage_healed":5,"gold_gain":0,"player_choice":"Offered Common","damage_taken":0,"max_hp_gain":0,"max_hp_loss":0,"event_name":"Bonfire Elementals","floor":45,"gold_loss":0},{"cards_removed":["Deadly Poison"],"damage_healed":5,"gold_gain":0,"player_choice":"Offered Special","damage_taken":0,"max_hp_gain":0,"max_hp_loss":0,"event_name":"Bonfire Elementals","floor":45,"gold_loss":0}],"is_beta":false,"boss_relics":[{"not_picked":["Ectoplasm","Empty Cage"],"picked":"Pandora\u0027s Box"},{"not_picked":["Eternal Feather","Black Star"],"picked":"White Beast Statue"}],"items_purged_floors":[2,44],"is_endless":false,"potions_floor_spawned":[6,10,18,22,28,35,36,38,39,46,47,48],"ascension_level":9}