{"gold_per_floor":[111,127,142,67,45,45,57,83,83,83],"floor_reached":10,"playtime":358,"items_purged":["Strike_G"],"score":140,"play_id":"5a5acb8f-4533-40fb-bee4-2893fdf33ed1","local_time":"20181229172418","is_ascension_mode":true,"campfire_choices":[{"data":"Noxious Fumes","floor":6,"key":"SMITH"}],"neow_cost":"NONE","seed_source_timestamp":749409511668105,"circlet_count":0,"master_deck":["AscendersBane","Defend_G","Defend_G","Defend_G","Defend_G","Defend_G","Strike_G","Strike_G","Strike_G","Strike_G","Survivor","Neutralize","Dagger Spray","Noxious Fumes+1","Sucker Punch","Noxious Fumes","PiercingWail"],"relics":["Ring of the Snake","NeowsBlessing","Lantern","Meat on the Bone"],"potions_floor_usage":[5,10],"damage_taken":[{"damage":0,"enemies":"Cultist","floor":1,"turns":1},{"damage":0,"enemies":"Small Slimes","floor":2,"turns":1},{"damage":0,"enemies":"Jaw Worm","floor":3,"turns":1},{"damage":2,"enemies":"Exordium Thugs","floor":5,"turns":4},{"damage":3,"enemies":"2 Fungi Beasts","floor":7,"turns":4},{"damage":24,"enemies":"Lagavulin","floor":8,"turns":7},{"damage":30,"enemies":"Gremlin Nob","floor":10,"turns":3}],"seed_played":"803249530897869281","potions_obtained":[{"floor":3,"key":"PowerPotion"},{"floor":8,"key":"FearPotion"}],"is_trial":false,"path_per_floor":["M","M","M","$","M","R","M","E","T","E"],"character_chosen":"THE_SILENT","items_purchased":[],"campfire_rested":0,"item_purchase_floors":[],"current_hp_per_floor":[59,59,59,59,57,57,54,30,30,0],"gold":83,"neow_bonus":"THREE_ENEMY_KILL","is_prod":false,"is_daily":false,"chose_seed":false,"campfire_upgraded":1,"win_rate":0,"timestamp":1546122258,"path_taken":["M","M","M","$","M","R","M","E","T","E"],"build_version":"2018-12-20","purchased_purges":1,"victory":false,"max_hp_per_floor":[66,66,66,66,66,66,66,66,66,66],"card_choices":[{"not_picked":["Deflect","Setup"],"picked":"Dagger Spray","floor":1},{"not_picked":["Heel Hook","Prepared"],"picked":"Noxious Fumes","floor":2},{"not_picked":["Heel Hook","Terror"],"picked":"Sucker Punch","floor":3},{"not_picked":["Sucker Punch","Cloak And Dagger"],"picked":"Noxious Fumes","floor":5},{"not_picked":["Infinite Blades","Sucker Punch","Envenom"],"picked":"SKIP","floor":7},{"not_picked":["Catalyst","Dagger Spray"],"picked":"PiercingWail","floor":8}],"player_experience":1099888,"relics_obtained":[{"floor":8,"key":"Lantern"},{"floor":9,"key":"Meat on the Bone"}],"event_choices":[],"is_beta":false,"boss_relics":[],"items_purged_floors":[4],"is_endless":false,"potions_floor_spawned":[3,8],"killed_by":"Gremlin Nob","ascension_level":20}