{"gold_per_floor":[116,127,146,161,161,161,195,195,218,230,253,283,283,13,13,90,90,110,126,126,126,137,137,148,148,148,12,39,2,27,27],"floor_reached":31,"playtime":1285,"items_purged":["Writhe"],"score":524,"play_id":"3490fe54-2b60-4e02-828a-d0e7600505ee","local_time":"20190805025357","is_ascension_mode":true,"campfire_choices":[{"data":"Uppercut","floor":6,"key":"SMITH"},{"data":"Battle Trance","floor":8,"key":"SMITH"},{"floor":13,"key":"REST"},{"data":"Flame Barrier","floor":15,"key":"SMITH"},{"floor":23,"key":"REST"},{"floor":25,"key":"REST"}],"neow_cost":"NONE","seed_source_timestamp":41015245898093,"circlet_count":0,"master_deck":["AscendersBane","Strike_R+1","Strike_R+1","Strike_R+1","Strike_R+1","Strike_R+1","Defend_R+1","Defend_R+1","Defend_R+1","Defend_R+1","Bash","Battle Trance+1","Headbutt","Immolate","Uppercut+1","Disarm","Seeing Red","Pommel Strike","Flame Barrier+1","Impervious","Spot Weakness","Shrug It Off","Twin Strike+1","Pommel Strike","Spot Weakness","Heavy Blade","Feel No Pain","Berserk"],"relics":["Burning Blood","Bag of Preparation","Red Skull","Odd Mushroom","Smiling Mask","Strange Spoon","Black Star","Sundial","Ancient Tea Set","Oddly Smooth Stone","Blood Vial","Pen Nib","Pantograph"],"potions_floor_usage":[4,7,12,12,31],"damage_taken":[{"damage":6,"enemies":"Cultist","floor":1,"turns":4},{"damage":17,"enemies":"Small Slimes","floor":2,"turns":4},{"damage":17,"enemies":"2 Louse","floor":3,"turns":3},{"damage":8,"enemies":"Large Slime","floor":4,"turns":4},{"damage":15,"enemies":"3 Sentries","floor":7,"turns":3},{"damage":16,"enemies":"Blue Slaver","floor":10,"turns":3},{"damage":13,"enemies":"The Mushroom Lair","floor":11,"turns":3},{"damage":25,"enemies":"Lagavulin","floor":12,"turns":6},{"damage":23,"enemies":"The Guardian","floor":16,"turns":12},{"damage":29,"enemies":"Shell Parasite","floor":18,"turns":10},{"damage":31,"enemies":"Chosen","floor":19,"turns":8},{"damage":5,"enemies":"Centurion and Healer","floor":22,"turns":7},{"damage":1,"enemies":"Snecko","floor":24,"turns":7},{"damage":34,"enemies":"Gremlin Leader","floor":28,"turns":8},{"damage":31,"enemies":"Book of Stabbing","floor":30,"turns":6},{"damage":27,"enemies":"Snake Plant","floor":31,"turns":4}],"seed_played":"-3039571538633282851","potions_obtained":[{"floor":0,"key":"Regen Potion"},{"floor":0,"key":"SteroidPotion"},{"floor":7,"key":"Regen Potion"},{"floor":11,"key":"Dexterity Potion"},{"floor":16,"key":"SmokeBomb"},{"floor":30,"key":"SkillPotion"}],"is_trial":false,"path_per_floor":["M","M","M","M","?","R","E","R","T","M","?","E","R","$","R","B",null,"M","M","?","?","M","R","M","R","T","$","E","$","E","M"],"character_chosen":"IRONCLAD","items_purchased":["Flame Barrier","Strange Spoon","Spot Weakness","Feel No Pain"],"campfire_rested":3,"item_purchase_floors":[14,14,27,29],"current_hp_per_floor":[68,57,46,44,49,49,49,49,49,39,32,28,52,52,52,35,69,46,21,21,21,22,46,51,75,75,75,47,47,24,0],"gold":27,"neow_bonus":"THREE_SMALL_POTIONS","is_prod":false,"is_daily":false,"chose_seed":false,"campfire_upgraded":3,"win_rate":0,"timestamp":1564937637,"path_taken":["M","?","M","M","?","R","E","R","T","M","?","E","R","$","R","BOSS","M","M","?","?","M","R","M","R","T","$","E","?","E","M"],"build_version":"2019-07-17","purchased_purges":1,"victory":false,"max_hp_per_floor":[75,75,75,75,80,80,80,80,80,80,80,80,80,80,80,80,80,80,80,80,80,80,80,80,80,80,80,80,80,80,80],"card_choices":[{"not_picked":["Wild Strike","Iron Wave"],"picked":"Battle Trance","floor":1},{"not_picked":["Pummel","Seeing Red"],"picked":"Headbutt","floor":2},{"not_picked":["Dropkick","Clothesline"],"picked":"Immolate","floor":3},{"not_picked":["Body Slam","Thunderclap"],"picked":"Uppercut","floor":4},{"not_picked":["Havoc","Sword Boomerang","Flex"],"picked":"SKIP","floor":7},{"not_picked":["Searing Blow","Armaments"],"picked":"Disarm","floor":10},{"not_picked":["Pommel Strike","Rage"],"picked":"Seeing Red","floor":11},{"not_picked":["Warcry","Anger"],"picked":"Pommel Strike","floor":12},{"not_picked":["Dark Embrace","Juggernaut"],"picked":"Impervious","floor":16},{"not_picked":["Headbutt","Anger"],"picked":"Spot Weakness","floor":18},{"not_picked":["Blood for Blood+1","Disarm"],"picked":"Shrug It Off","floor":19},{"not_picked":["Carnage","Warcry"],"picked":"Twin Strike+1","floor":22},{"not_picked":["Searing Blow","Ghostly Armor"],"picked":"Pommel Strike","floor":24},{"not_picked":["Dark Embrace","Pommel Strike"],"picked":"Heavy Blade","floor":28},{"not_picked":["Thunderclap","Iron Wave"],"picked":"Berserk","floor":30}],"player_experience":1138612,"relics_obtained":[{"floor":7,"key":"Bag of Preparation"},{"floor":9,"key":"Red Skull"},{"floor":11,"key":"Odd Mushroom"},{"floor":12,"key":"Smiling Mask"},{"floor":26,"key":"Ancient Tea Set"},{"floor":28,"key":"Oddly Smooth Stone"},{"floor":28,"key":"Blood Vial"},{"floor":30,"key":"Pen Nib"},{"floor":30,"key":"Pantograph"}],"event_choices":[{"damage_healed":0,"gold_gain":0,"player_choice":"Donut","damage_taken":0,"max_hp_gain":5,"max_hp_loss":0,"event_name":"Big Fish","floor":5,"gold_loss":0},{"damage_healed":0,"gold_gain":0,"player_choice":"Fought Mushrooms","damage_taken":0,"max_hp_gain":0,"max_hp_loss":0,"event_name":"Mushrooms","floor":11,"gold_loss":0},{"damage_healed":0,"gold_gain":0,"player_choice":"Opened","damage_taken":0,"relics_obtained":["Sundial"],"max_hp_gain":0,"max_hp_loss":0,"event_name":"The Mausoleum","floor":20,"gold_loss":0,"cards_obtained":["Writhe"]},{"damage_healed":0,"gold_gain":0,"player_choice":"Simplicity","damage_taken":0,"max_hp_gain":0,"max_hp_loss":0,"event_name":"Back to Basics","floor":21,"gold_loss":0,"cards_upgraded":["Strike_R","Strike_R","Strike_R","Strike_R","Strike_R","Defend_R","Defend_R","Defend_R","Defend_R"]}],"is_beta":false,"boss_relics":[{"not_picked":["Ectoplasm","Pandora\u0027s Box"],"picked":"Black Star"}],"items_purged_floors":[27],"is_endless":false,"potions_floor_spawned":[2,3,7,11,16,30],"killed_by":"Snake Plant","ascension_level":17}