{"gold_per_floor":[113,113,130,9,9,40,40,70,70,104,104,104],"floor_reached":12,"playtime":385,"items_purged":[],"score":226,"play_id":"71378e61-865b-4503-9c26-93d774324c83","local_time":"20190531004423","is_ascension_mode":true,"campfire_choices":[{"data":"Bash","floor":7.0,"key":"SMITH"}],"neow_cost":"NONE","seed_source_timestamp":966411041850273,"circlet_count":0,"master_deck":["AscendersBane","Strike_R","Strike_R","Strike_R","Strike_R","Strike_R","Defend_R","Defend_R","Defend_R","Defend_R","Bash+1","Pommel Strike","Clothesline","Corruption+1","Rage","Cleave","Perfected Strike","Clash"],"special_seed":0,"relics":["Burning Blood","NeowsBlessing","Blue Candle","Red Skull","Paper Frog","Potion Belt"],"potions_floor_usage":[],"damage_taken":[{"damage":0.0,"enemies":"2 Louse","floor":1.0,"turns":1.0},{"damage":0.0,"enemies":"Jaw Worm","floor":3.0,"turns":1.0},{"damage":0.0,"enemies":"Lagavulin","floor":6.0,"turns":2.0},{"damage":34.0,"enemies":"Gremlin Nob","floor":8.0,"turns":4.0},{"damage":26,"enemies":"Lagavulin","floor":10,"turns":5},{"damage":32,"enemies":"Gremlin Nob","floor":12,"turns":3}],"seed_played":"1614583204865461902","potions_obtained":[{"floor":1.0,"key":"Dexterity Potion"},{"floor":6.0,"key":"PowerPotion"}],"is_trial":false,"path_per_floor":["M","?","M","$","$","E","R","E","T","E","?","E"],"character_chosen":"IRONCLAD","items_purchased":["Corruption","Rage"],"campfire_rested":0,"item_purchase_floors":[4,4],"current_hp_per_floor":[74,79,80,80,80,80,80,52,52,32,32,0],"gold":104,"neow_bonus":"THREE_ENEMY_KILL","is_prod":false,"is_daily":false,"chose_seed":false,"campfire_upgraded":1,"win_rate":0,"timestamp":1559277863,"path_taken":["M","?","M","?","$","E","R","E","T","E","?","E"],"build_version":"2019-01-23","purchased_purges":0,"victory":false,"max_hp_per_floor":[75,80,80,80,80,80,80,80,80,80,80,80],"card_choices":[{"not_picked":["Intimidate","Cleave"],"picked":"Pommel Strike","floor":1.0},{"not_picked":["True Grit","Feel No Pain"],"picked":"Clothesline","floor":3.0},{"not_picked":["Carnage","Exhume"],"picked":"Cleave","floor":6.0},{"not_picked":["Headbutt","Brutality"],"picked":"Perfected Strike","floor":8.0},{"not_picked":["Clothesline","Heavy Blade"],"picked":"Clash","floor":10}],"player_experience":1586152,"relics_obtained":[{"floor":6.0,"key":"Blue Candle"},{"floor":8.0,"key":"Red Skull"},{"floor":9.0,"key":"Paper Frog"},{"floor":10,"key":"Potion Belt"}],"event_choices":[{"damage_healed":0.0,"max_hp_gain":5.0,"max_hp_loss":0.0,"gold_gain":0.0,"event_name":"Big Fish","player_choice":"Donut","floor":2.0,"gold_loss":0.0,"damage_taken":0.0},{"damage_healed":0,"gold_gain":0,"player_choice":"Grow","damage_taken":0,"max_hp_gain":0,"max_hp_loss":0,"event_name":"Living Wall","floor":11,"gold_loss":0,"cards_upgraded":["Corruption"]}],"is_beta":false,"boss_relics":[],"items_purged_floors":[],"is_endless":false,"potions_floor_spawned":[1,6],"killed_by":"Gremlin Nob","ascension_level":18}