{"gold_per_floor":[215,215,365,15,31,31,59,71,71,71,71],"floor_reached":11,"playtime":532,"items_purged":["Doubt"],"score":142,"play_id":"ff8cf240-b018-4ddb-bd86-bb9a06aaf3ea","local_time":"20190810175220","is_ascension_mode":true,"campfire_choices":[{"data":"Beam Cell","floor":6,"key":"SMITH"},{"data":"Fission","floor":10,"key":"SMITH"}],"neow_cost":"NONE","seed_source_timestamp":1218428089861525,"circlet_count":0,"master_deck":["AscendersBane","Strike_B","Strike_B","Strike_B","Strike_B","Defend_B","Defend_B","Defend_B","Defend_B","Zap","Dualcast","Genetic Algorithm+1","Beam Cell+1","Cold Snap","Fission+1","Scrape"],"relics":["Cracked Core","Regal Pillow","Blood Vial","Gremlin Horn"],"potions_floor_usage":[7,7],"damage_taken":[{"damage":14,"enemies":"Small Slimes","floor":1,"turns":3},{"damage":0,"enemies":"2 Louse","floor":5,"turns":2},{"damage":16,"enemies":"Lagavulin","floor":7,"turns":7},{"damage":5,"enemies":"Jaw Worm","floor":8,"turns":3},{"damage":46,"enemies":"Gremlin Nob","floor":11,"turns":4}],"seed_played":"2925539808011992909","potions_obtained":[{"floor":5,"key":"FearPotion"},{"floor":7,"key":"Dexterity Potion"}],"is_trial":false,"path_per_floor":["M","?","?","$","M","R","E","M","T","R","E"],"character_chosen":"DEFECT","items_purchased":["Regal Pillow","Beam Cell","Block Potion"],"campfire_rested":0,"item_purchase_floors":[4,4,4],"current_hp_per_floor":[50,50,50,50,50,50,34,31,31,31,0],"gold":71,"neow_bonus":"HUNDRED_GOLD","is_prod":false,"is_daily":false,"chose_seed":false,"campfire_upgraded":2,"win_rate":0,"timestamp":1565473940,"path_taken":["M","?","?","$","M","R","E","M","T","R","E"],"build_version":"2019-07-17","purchased_purges":1,"victory":false,"max_hp_per_floor":[71,71,71,71,71,71,71,71,71,71,71],"card_choices":[{"not_picked":["Cold Snap","Hologram"],"picked":"Genetic Algorithm","floor":1},{"not_picked":["Fusion","FTL"],"picked":"Cold Snap","floor":5},{"not_picked":["Hologram","Sweeping Beam"],"picked":"Fission","floor":7},{"not_picked":["Hologram","Heatsinks"],"picked":"Scrape","floor":8}],"player_experience":1774239,"relics_obtained":[{"floor":7,"key":"Blood Vial"},{"floor":9,"key":"Gremlin Horn"}],"event_choices":[{"damage_healed":0,"gold_gain":0,"player_choice":"Grow","damage_taken":0,"max_hp_gain":0,"max_hp_loss":0,"event_name":"Living Wall","floor":2,"gold_loss":0,"cards_upgraded":["Genetic Algorithm"]},{"damage_healed":0,"gold_gain":150,"player_choice":"AGREE","damage_taken":0,"max_hp_gain":0,"max_hp_loss":0,"event_name":"Liars Game","floor":3,"gold_loss":0,"cards_obtained":["Doubt"]}],"is_beta":false,"boss_relics":[],"items_purged_floors":[4],"is_endless":false,"potions_floor_spawned":[5,7],"killed_by":"Gremlin Nob","ascension_level":20}