{"gold_per_floor":[114,114,128,53,66,66,94,110,110,138,157,171,183,198,198,198],"floor_reached":16,"playtime":857,"items_purged":["Strike_G"],"score":197,"play_id":"291df1d9-0aa4-4f4e-bf3c-7469bf02a460","local_time":"20181219234850","is_ascension_mode":true,"campfire_choices":[{"data":"Finisher","floor":6.0,"key":"SMITH"},{"floor":15,"key":"REST"}],"neow_cost":"NONE","seed_source_timestamp":533746409927118,"circlet_count":0,"master_deck":["AscendersBane","Defend_G","Defend_G","Defend_G","Defend_G","Defend_G","Strike_G","Strike_G","Strike_G","Strike_G","Survivor","Neutralize+1","Sucker Punch+1","Underhanded Strike","Finisher+1","Endless Agony","Prepared","Tactician","Calculated Gamble"],"special_seed":0,"relics":["Ring of the Snake","The Courier","Thread and Needle","Unceasing Top"],"potions_floor_usage":[8,16],"damage_taken":[{"damage":0.0,"enemies":"Small Slimes","floor":1.0,"turns":4.0},{"damage":0.0,"enemies":"Jaw Worm","floor":3.0,"turns":4.0},{"damage":0.0,"enemies":"Cultist","floor":5.0,"turns":3.0},{"damage":9.0,"enemies":"Gremlin Nob","floor":7.0,"turns":4.0},{"damage":1,"enemies":"3 Louse","floor":8,"turns":3},{"damage":13,"enemies":"3 Sentries","floor":10,"turns":8},{"damage":2,"enemies":"Exordium Thugs","floor":11,"turns":6},{"damage":0,"enemies":"Exordium Wildlife","floor":12,"turns":2},{"damage":4,"enemies":"Looter","floor":13,"turns":3},{"damage":1,"enemies":"Gremlin Gang","floor":14,"turns":5},{"damage":46,"enemies":"Hexaghost","floor":16,"turns":16}],"seed_played":"-3735267923256260107","potions_obtained":[{"floor":3.0,"key":"GamblersBrew"},{"floor":5.0,"key":"SpeedPotion"},{"floor":12,"key":"SmokeBomb"},{"floor":14,"key":"SpeedPotion"}],"is_trial":false,"path_per_floor":["M","?","M","$","M","R","E","M","T","E","M","M","M","M","R","B"],"character_chosen":"THE_SILENT","items_purchased":[],"campfire_rested":1,"item_purchase_floors":[],"current_hp_per_floor":[65,51,51,51,51,51,42,41,41,28,26,26,22,21,42,0],"gold":198,"neow_bonus":"TEN_PERCENT_HP_BONUS","is_prod":false,"is_daily":false,"chose_seed":false,"campfire_upgraded":1,"win_rate":0,"timestamp":1545281330,"path_taken":["M","?","M","$","M","R","E","M","T","E","M","M","M","M","R","BOSS"],"build_version":"2018-12-13","purchased_purges":1,"victory":false,"max_hp_per_floor":[72,72,72,72,72,72,72,72,72,72,72,72,72,72,72,72],"card_choices":[{"not_picked":["Dagger Spray","Escape Plan"],"picked":"Sucker Punch","floor":1.0},{"not_picked":["Blade Dance","Deflect"],"picked":"Underhanded Strike","floor":3.0},{"not_picked":["Tactician","Eviscerate"],"picked":"Finisher","floor":5.0},{"not_picked":["All Out Attack","Catalyst"],"picked":"Endless Agony","floor":7.0},{"not_picked":["Caltrops","Outmaneuver"],"picked":"Prepared","floor":8},{"not_picked":["Blade Dance","Leg Sweep"],"picked":"Tactician","floor":10},{"not_picked":["Blade Dance","Masterful Stab"],"picked":"Calculated Gamble","floor":11},{"not_picked":["Underhanded Strike","Catalyst","Die Die Die"],"picked":"SKIP","floor":12},{"not_picked":["Dodge and Roll","Catalyst","Cloak And Dagger"],"picked":"SKIP","floor":13},{"not_picked":["Caltrops","Deadly Poison","Reflex"],"picked":"SKIP","floor":14}],"player_experience":916769,"relics_obtained":[{"floor":7.0,"key":"The Courier"},{"floor":9,"key":"Thread and Needle"},{"floor":10,"key":"Unceasing Top"}],"event_choices":[{"damage_healed":0.0,"max_hp_gain":0.0,"max_hp_loss":0.0,"gold_gain":0.0,"event_name":"Shining Light","player_choice":"Entered Light","floor":2.0,"gold_loss":0.0,"damage_taken":14.0,"cards_upgraded":["Neutralize","Sucker Punch"]}],"is_beta":false,"boss_relics":[],"items_purged_floors":[4],"is_endless":false,"potions_floor_spawned":[3,5,12,14],"killed_by":"Hexaghost","ascension_level":14}