{"gold_per_floor":[213,6,18,33,44,71,71,87,112,112,38,65,81,95,95,197,197,208,208,218,233,233],"floor_reached":22,"playtime":714,"items_purged":[],"score":230,"play_id":"05cc0aed-dfd4-4f34-b421-1a7ecfa0fb6e","local_time":"20190425062633","is_ascension_mode":true,"campfire_choices":[{"data":"Bash","floor":7,"key":"SMITH"},{"floor":10,"key":"REST"},{"data":"Demon Form","floor":15,"key":"SMITH"}],"neow_cost":"NONE","seed_source_timestamp":14966788004668,"circlet_count":0,"master_deck":["Strike_R","Strike_R","Strike_R","Strike_R","Strike_R","Defend_R","Defend_R","Defend_R","Defend_R","Bash+1","Whirlwind","Flex","Body Slam","Inflame","Feel No Pain","Spot Weakness","Reckless Charge","Power Through","Demon Form+1","Sword Boomerang","Clothesline","Limit Break","Wild Strike+1","Pain","Armaments+1","Blood for Blood"],"relics":["Black Blood","Bronze Scales","Pear","Regal Pillow","Blood Vial","WarpedTongs"],"potions_floor_usage":[5,6,8,22],"damage_taken":[{"damage":1,"enemies":"Cultist","floor":1,"turns":3},{"damage":0,"enemies":"2 Louse","floor":3,"turns":1},{"damage":12,"enemies":"Small Slimes","floor":4,"turns":3},{"damage":3,"enemies":"2 Fungi Beasts","floor":5,"turns":3},{"damage":30,"enemies":"Lagavulin","floor":6,"turns":6},{"damage":15,"enemies":"Gremlin Gang","floor":8,"turns":3},{"damage":29,"enemies":"Gremlin Nob","floor":12,"turns":5},{"damage":26,"enemies":"Looter","floor":13,"turns":4},{"damage":0,"enemies":"3 Louse","floor":14,"turns":1},{"damage":30,"enemies":"Slime Boss","floor":16,"turns":6},{"damage":16,"enemies":"3 Byrds","floor":18,"turns":3},{"damage":34,"enemies":"2 Thieves","floor":20,"turns":4},{"damage":39,"enemies":"Shelled Parasite and Fungi","floor":21,"turns":6},{"damage":40,"enemies":"Snake Plant","floor":22,"turns":4}],"seed_played":"-5382505940080833386","potions_obtained":[{"floor":1,"key":"Poison Potion"},{"floor":5,"key":"GamblersBrew"},{"floor":6,"key":"SkillPotion"},{"floor":18,"key":"Dexterity Potion"}],"is_trial":false,"path_per_floor":["M","$","M","M","M","E","R","M","T","R","$","E","M","M","R","B",null,"M","?","M","M","M"],"character_chosen":"IRONCLAD","items_purchased":["Bronze Scales","Flex","Power Through"],"campfire_rested":1,"item_purchase_floors":[2,2,11],"current_hp_per_floor":[80,80,80,74,77,63,63,54,54,90,90,67,49,57,57,35,90,84,84,62,35,0],"gold":233,"neow_bonus":"HUNDRED_GOLD","is_prod":false,"is_daily":false,"chose_seed":false,"campfire_upgraded":2,"win_rate":0,"timestamp":1556137593,"path_taken":["M","?","M","M","M","E","R","M","T","R","$","E","M","M","R","BOSS","M","?","M","M","M"],"build_version":"2019-01-23","purchased_purges":0,"victory":false,"max_hp_per_floor":[80,80,80,80,80,90,90,90,90,90,90,90,90,90,90,90,90,90,90,90,90,90],"card_choices":[{"not_picked":["Corruption","Clothesline"],"picked":"Whirlwind","floor":1},{"not_picked":["Burning Pact","Sword Boomerang"],"picked":"Body Slam","floor":3},{"not_picked":["Armaments","Clothesline"],"picked":"Inflame","floor":4},{"not_picked":["Thunderclap","Iron Wave"],"picked":"Feel No Pain","floor":5},{"not_picked":["Clothesline","Anger"],"picked":"Spot Weakness","floor":6},{"not_picked":["Havoc","Clash"],"picked":"Reckless Charge","floor":8},{"not_picked":["Berserk","Disarm"],"picked":"Demon Form","floor":12},{"not_picked":["Thunderclap","Headbutt"],"picked":"Sword Boomerang","floor":13},{"not_picked":["Combust","Clash"],"picked":"Clothesline","floor":14},{"not_picked":["Feed","Exhume"],"picked":"Limit Break","floor":16},{"not_picked":["Thunderclap","Infernal Blade"],"picked":"Wild Strike+1","floor":18},{"not_picked":["Headbutt","Iron Wave"],"picked":"Armaments+1","floor":20},{"not_picked":["Feel No Pain","Battle Trance"],"picked":"Blood for Blood","floor":21}],"player_experience":464996,"relics_obtained":[{"floor":6,"key":"Pear"},{"floor":9,"key":"Regal Pillow"},{"floor":12,"key":"Blood Vial"}],"event_choices":[{"damage_healed":0,"gold_gain":0,"player_choice":"Rummage","damage_taken":0,"relics_obtained":["WarpedTongs"],"max_hp_gain":0,"max_hp_loss":0,"event_name":"Accursed Blacksmith","floor":19,"gold_loss":0,"cards_obtained":["Pain"]}],"is_beta":false,"boss_relics":[{"not_picked":["White Beast Statue","Lizard Tail"],"picked":"Black Blood"}],"items_purged_floors":[],"is_endless":false,"potions_floor_spawned":[1,5,6,18],"killed_by":"Snake Plant","ascension_level":3}