{"gold_per_floor":[109,34,44,58,76,76,104,116,116,116,133,166,49,68,68,142,142,152,152,172,172,97,97,44,44,90,90],"floor_reached":27,"playtime":1273,"items_purged":[],"score":471,"play_id":"7bfa0b4b-ed1a-4864-9af1-a5aac47a6516","local_time":"20190502120646","is_ascension_mode":true,"campfire_choices":[{"data":"Dash","floor":6,"key":"SMITH"},{"floor":10,"key":"REST"},{"floor":15,"key":"REST"},{"floor":23,"key":"REST"},{"data":"After Image","floor":25,"key":"SMITH"}],"neow_cost":"NONE","seed_source_timestamp":697008364316370,"circlet_count":0,"master_deck":["AscendersBane","Survivor","Neutralize+1","Dash+1","Quick Slash","Adrenaline","Footwork","Cloak And Dagger","Flying Knee","Choke","Backstab","Caltrops","Doppelganger","After Image+1","Flying Knee","Poisoned Stab","Predator","Corpse Explosion","Blade Dance","Expertise","A Thousand Cuts","Infinite Blades","Bite","Bite","Bite","Bite","Bite","Leg Sweep","Leg Sweep"],"relics":["Ring of the Snake","Ornamental Fan","Dream Catcher","Juzu Bracelet","Pandora\u0027s Box","Oddly Smooth Stone"],"potions_floor_usage":[3,7,12,16,18,21,27,27],"damage_taken":[{"damage":1,"enemies":"Cultist","floor":1,"turns":5},{"damage":4,"enemies":"Small Slimes","floor":3,"turns":4},{"damage":0,"enemies":"2 Louse","floor":4,"turns":3},{"damage":3,"enemies":"Blue Slaver","floor":5,"turns":4},{"damage":26,"enemies":"Lagavulin","floor":7,"turns":10},{"damage":0,"enemies":"2 Fungi Beasts","floor":8,"turns":4},{"damage":0,"enemies":"3 Louse","floor":11,"turns":3},{"damage":21,"enemies":"Gremlin Nob","floor":12,"turns":5},{"damage":0,"enemies":"Red Slaver","floor":14,"turns":2},{"damage":11,"enemies":"The Guardian","floor":16,"turns":13},{"damage":4,"enemies":"2 Thieves","floor":18,"turns":3},{"damage":9,"enemies":"Spheric Guardian","floor":20,"turns":5},{"damage":35,"enemies":"Colosseum Slavers","floor":21,"turns":5},{"damage":32,"enemies":"Gremlin Leader","floor":27,"turns":2}],"seed_played":"7374833852677813160","potions_obtained":[{"floor":1,"key":"Poison Potion"},{"floor":4,"key":"Poison Potion"},{"floor":8,"key":"EssenceOfSteel"},{"floor":12,"key":"GhostInAJar"},{"floor":16,"key":"Energy Potion"},{"floor":18,"key":"FearPotion"},{"floor":20,"key":"PowerPotion"}],"is_trial":false,"path_per_floor":["M","?","M","M","M","R","E","M","T","R","M","E","$","M","R","B",null,"M","?","M","?","?","R","$","R","T","E"],"character_chosen":"THE_SILENT","items_purchased":["Backstab","Caltrops","PowerPotion"],"campfire_rested":3,"item_purchase_floors":[13,13,24],"current_hp_per_floor":[58,58,54,54,51,51,25,25,25,44,44,23,23,23,42,31,57,53,46,39,12,12,25,25,25,25,0],"gold":90,"neow_bonus":"UPGRADE_CARD","is_prod":false,"is_daily":false,"chose_seed":false,"campfire_upgraded":2,"win_rate":0,"timestamp":1556813206,"path_taken":["M","?","M","M","M","R","E","M","T","R","M","E","$","M","R","BOSS","M","?","M","?","?","R","$","R","T","E"],"build_version":"2019-01-23","purchased_purges":0,"victory":false,"max_hp_per_floor":[66,66,66,66,66,66,66,66,66,66,66,66,66,66,66,66,66,66,46,46,46,46,46,46,46,46,46],"card_choices":[{"not_picked":["Dagger Spray","Quick Slash"],"picked":"Dash","floor":1},{"not_picked":["Reflex","Sucker Punch"],"picked":"Quick Slash","floor":3},{"not_picked":["Bane","Reflex","Prepared"],"picked":"SKIP","floor":4},{"not_picked":["Skewer","Choke"],"picked":"Adrenaline","floor":5},{"not_picked":["Deadly Poison","All Out Attack"],"picked":"Footwork","floor":7},{"not_picked":["Riddle With Holes","Acrobatics","Distraction"],"picked":"SKIP","floor":8},{"not_picked":["Underhanded Strike","Acrobatics"],"picked":"Cloak And Dagger","floor":10},{"not_picked":["Dodge and Roll","Deflect"],"picked":"Flying Knee","floor":11},{"not_picked":["Heel Hook","Bane"],"picked":"Choke","floor":12},{"not_picked":["Endless Agony","Dagger Throw"],"picked":"Doppelganger","floor":14},{"not_picked":["Adrenaline","Die Die Die"],"picked":"After Image","floor":16},{"not_picked":["Outmaneuver","Footwork","Riddle With Holes"],"picked":"SKIP","floor":18},{"not_picked":["Prepared+1","Dagger Spray"],"picked":"Leg Sweep","floor":20},{"not_picked":["Finisher","Expertise+1"],"picked":"Leg Sweep","floor":23}],"player_experience":1353472,"relics_obtained":[{"floor":7,"key":"Ornamental Fan"},{"floor":9,"key":"Dream Catcher"},{"floor":12,"key":"Juzu Bracelet"},{"floor":26,"key":"Oddly Smooth Stone"}],"event_choices":[{"cards_removed":["Strike_G"],"damage_healed":0,"gold_gain":0,"player_choice":"Card Removal","damage_taken":0,"max_hp_gain":0,"max_hp_loss":0,"event_name":"The Cleric","floor":2,"gold_loss":75},{"damage_healed":0,"gold_gain":0,"player_choice":"Became a vampire","damage_taken":0,"max_hp_gain":0,"max_hp_loss":20,"event_name":"Vampires","floor":19,"gold_loss":0,"cards_obtained":["Bite","Bite","Bite","Bite","Bite"]},{"damage_healed":0,"gold_gain":0,"player_choice":"Fight","damage_taken":0,"max_hp_gain":0,"max_hp_loss":0,"event_name":"Colosseum","floor":21,"gold_loss":0},{"damage_healed":0,"gold_gain":0,"player_choice":"Fled From Nobs","damage_taken":0,"max_hp_gain":0,"max_hp_loss":0,"event_name":"Colosseum","floor":21,"gold_loss":0},{"cards_removed":["Reflex"],"damage_healed":0,"gold_gain":0,"player_choice":"Gave Gold","damage_taken":0,"max_hp_gain":0,"max_hp_loss":0,"event_name":"Beggar","floor":22,"gold_loss":75}],"is_beta":false,"boss_relics":[{"not_picked":["Coffee Dripper","Empty Cage"],"picked":"Pandora\u0027s Box"}],"items_purged_floors":[],"is_endless":false,"potions_floor_spawned":[1,4,8,12,16,18,20,21],"killed_by":"Gremlin Leader","ascension_level":20}