{"gold_per_floor":[15,27,27,39,59,88,88,122,146,158],"floor_reached":10,"playtime":369,"items_purged":[],"score":156,"play_id":"abe381c4-7af1-4afe-977b-c11390e3dfb1","local_time":"20190828175838","is_ascension_mode":true,"campfire_choices":[{"data":"Go for the Eyes","floor":7,"key":"SMITH"}],"neow_cost":"NO_GOLD","seed_source_timestamp":2774203600250706,"circlet_count":0,"master_deck":["AscendersBane","Strike_B","Strike_B","Strike_B","Defend_B","Defend_B","Defend_B","Defend_B","Zap","Dualcast","Turbo","Lockon","Recycle","Chill","Ball Lightning","Go for the Eyes+1","Rebound"],"relics":["Cracked Core","Ice Cream","Orichalcum","Regal Pillow","MawBank"],"potions_floor_usage":[6,8,10],"damage_taken":[{"damage":2,"enemies":"Jaw Worm","floor":1,"turns":3},{"damage":0,"enemies":"Cultist","floor":2,"turns":3},{"damage":10,"enemies":"Small Slimes","floor":4,"turns":3},{"damage":1,"enemies":"2 Fungi Beasts","floor":5,"turns":4},{"damage":16,"enemies":"Gremlin Nob","floor":6,"turns":4},{"damage":16,"enemies":"Lagavulin","floor":8,"turns":5},{"damage":22,"enemies":"Gremlin Nob","floor":10,"turns":3}],"seed_played":"521365883226814755","potions_obtained":[{"floor":2,"key":"Block Potion"},{"floor":4,"key":"PowerPotion"},{"floor":8,"key":"LiquidBronze"}],"is_trial":false,"path_per_floor":["M","M","?","M","M","E","R","E","T","E"],"character_chosen":"DEFECT","items_purchased":[],"campfire_rested":0,"item_purchase_floors":[],"current_hp_per_floor":[62,62,62,52,51,35,35,19,19,0],"gold":158,"neow_bonus":"ONE_RARE_RELIC","is_prod":false,"is_daily":false,"chose_seed":false,"campfire_upgraded":1,"win_rate":0,"timestamp":1567029518,"path_taken":["M","M","?","M","M","E","R","E","T","E"],"build_version":"2019-07-17","purchased_purges":0,"victory":false,"max_hp_per_floor":[71,71,71,71,71,71,71,71,71,71],"card_choices":[{"not_picked":["Hologram","Heatsinks"],"picked":"Turbo","floor":1},{"not_picked":["Turbo","Gash"],"picked":"Lockon","floor":2},{"not_picked":["Heatsinks","Self Repair"],"picked":"Chill","floor":4},{"not_picked":["Steam","Conserve Battery"],"picked":"Ball Lightning","floor":5},{"not_picked":["Chill","Redo"],"picked":"Go for the Eyes","floor":6},{"not_picked":["Heatsinks","Rainbow"],"picked":"Rebound","floor":8}],"player_experience":1874903,"relics_obtained":[{"floor":6,"key":"Orichalcum"},{"floor":8,"key":"Regal Pillow"},{"floor":9,"key":"MawBank"}],"event_choices":[{"damage_healed":0,"gold_gain":0,"cards_transformed":["Strike_B"],"player_choice":"Transformed","damage_taken":0,"max_hp_gain":0,"max_hp_loss":0,"event_name":"Transmorgrifier","floor":3,"gold_loss":0,"cards_obtained":["Recycle"]}],"is_beta":false,"boss_relics":[],"items_purged_floors":[],"is_endless":false,"potions_floor_spawned":[2,4,5,8],"killed_by":"Gremlin Nob","ascension_level":20}