{"gold_per_floor":[216,227,302,24,37,63,63,63,116,81,93,93,128,154,166,279,291,315,327,20,20,30,30,43,43,124,183,183,183],"floor_reached":29,"playtime":1390,"items_purged":["Strike_R","Strike_R"],"score":364,"play_id":"8370d23a-36f4-436e-a8dc-0e1acbd8b02b","local_time":"20180909122931","is_ascension_mode":true,"campfire_choices":[{"data":"FTL","floor":8.0,"key":"SMITH"},{"data":"Wild Strike","floor":12.0,"key":"SMITH"},{"data":"Iron Wave","floor":15.0,"key":"SMITH"},{"data":"Phantasmal Killer","floor":23,"key":"SMITH"},{"floor":25,"key":"REST"}],"neow_cost":"NONE","seed_source_timestamp":0,"circlet_count":0,"master_deck":["Strike_R","Strike_R","Strike_R","Defend_R","Defend_R","Defend_R","Defend_R","Bash","Shrug It Off","Iron Wave+1","Flying Knee","FTL+1","Wild Strike+1","Panacea","Stack","Phantasmal Killer+1","Storm","Evolve"],"special_seed":0,"relics":["Burning Blood","PrismaticShard","Red Skull","Darkstone Periapt","Strawberry","MawBank","Black Star","Omamori","Pen Nib","Singing Bowl","Blue Candle","Dream Catcher","Tiny Chest","Necronomicon"],"potions_floor_usage":[],"damage_taken":[{"damage":6.0,"enemies":"2 Louse","floor":1.0,"turns":4.0},{"damage":8.0,"enemies":"Small Slimes","floor":2.0,"turns":4.0},{"damage":3.0,"enemies":"Jaw Worm","floor":5.0,"turns":5.0},{"damage":34.0,"enemies":"Lagavulin","floor":6.0,"turns":9.0},{"damage":12.0,"enemies":"Lots of Slimes","floor":11.0,"turns":5.0},{"damage":23.0,"enemies":"Gremlin Nob","floor":13.0,"turns":4.0},{"damage":2.0,"enemies":"3 Louse","floor":14.0,"turns":3.0},{"damage":31.0,"enemies":"The Guardian","floor":16.0,"turns":12.0},{"damage":13.0,"enemies":"Chosen","floor":18.0,"turns":5.0},{"damage":46.0,"enemies":"2 Thieves","floor":22.0,"turns":5.0},{"damage":17,"enemies":"Cultist and Chosen","floor":24,"turns":5},{"damage":30,"enemies":"Slavers","floor":27,"turns":5},{"damage":4,"enemies":"3 Cultists","floor":29,"turns":2}],"seed_played":"1828873219791493179","potions_obtained":[{"floor":1.0,"key":"Swift Potion"},{"floor":2.0,"key":"GamblersBrew"},{"floor":13.0,"key":"SkillPotion"},{"floor":14.0,"key":"Ancient Potion"},{"floor":27,"key":"SkillPotion"}],"is_trial":false,"path_per_floor":["M","M","?","$","M","E","?","R","T","?","M","R","E","M","R","B",null,"M","T","$","?","M","R","M","R","T","E","?"],"character_chosen":"IRONCLAD","items_purchased":["PrismaticShard","Evolve","Pen Nib"],"campfire_rested":1,"item_purchase_floors":[4,20,20],"current_hp_per_floor":[72,70,59,59,62,34,31,31,38,59,53,53,36,40,40,15,69,62,62,62,62,24,24,15,42,42,20,4,0],"gold":183,"neow_bonus":"HUNDRED_GOLD","is_prod":false,"is_daily":false,"chose_seed":false,"campfire_upgraded":4,"win_rate":0,"timestamp":1536510571,"path_taken":["M","M","?","$","M","E","?","R","T","?","M","R","E","M","R","BOSS","M","?","$","?","M","R","M","R","T","E","?","M"],"build_version":"2018-09-06","purchased_purges":2,"victory":false,"max_hp_per_floor":[80,80,80,80,80,80,80,80,87,87,87,87,87,87,87,87,87,87,87,87,87,89,89,91,91,91,93,93,93],"card_choices":[{"not_picked":["Seeing Red","Clash"],"picked":"Shrug It Off","floor":1.0},{"not_picked":["Reckless Charge","Uppercut"],"picked":"Iron Wave","floor":2.0},{"not_picked":["True Grit","Battle Trance"],"picked":"Flying Knee","floor":5.0},{"not_picked":["Poisoned Stab","Spot Weakness"],"picked":"FTL","floor":6.0},{"not_picked":["Defragment","Deadly Poison"],"picked":"Wild Strike","floor":11.0},{"not_picked":["Searing Blow","Panacea"],"picked":"Panacea","floor":13.0},{"not_picked":["Deadly Poison","Spot Weakness"],"picked":"Stack","floor":14.0},{"not_picked":["Exhume","Grand Finale"],"picked":"Phantasmal Killer","floor":16.0},{"not_picked":["Backflip","Melter"],"picked":"Storm","floor":18.0},{"not_picked":["Auto Shields","Compile Driver+1","Dramatic Entrance"],"picked":"Singing Bowl","floor":22},{"not_picked":["Sword Boomerang","Cloak And Dagger","Turbo+1"],"picked":"Singing Bowl","floor":24},{"not_picked":["Headbutt+1","PanicButton","Deadly Poison"],"picked":"Singing Bowl","floor":27}],"player_experience":526520,"relics_obtained":[{"floor":6.0,"key":"Red Skull"},{"floor":9.0,"key":"Strawberry"},{"floor":13.0,"key":"MawBank"},{"floor":19.0,"key":"Omamori"},{"floor":26,"key":"Blue Candle"},{"floor":27,"key":"Dream Catcher"},{"floor":27,"key":"Tiny Chest"},{"floor":28,"key":"Necronomicon"}],"event_choices":[{"event_name":"World of Goop","player_choice":"Gather Gold","floor":3.0,"damage_taken":0.0},{"event_name":"Scrap Ooze","player_choice":"success","floor":7.0,"damage_taken":3.0},{"event_name":"The Cleric","player_choice":"Healed","floor":10.0,"damage_taken":0.0},{"event_name":"Addict","player_choice":"Stole Relic","floor":21.0,"damage_taken":0.0},{"event_name":"Cursed Tome","player_choice":"Obtained Book","floor":28,"damage_taken":0}],"is_beta":false,"boss_relics":[{"not_picked":["Ectoplasm","Philosopher\u0027s Stone"],"picked":"Black Star"}],"items_purged_floors":[4,20],"is_endless":false,"potions_floor_spawned":[1,2,13,14,27],"killed_by":"3 Cultists","ascension_level":9}