{"gold_per_floor":[116,136,148,148,158,183,195,195,195,195,226,72,72,105,105,182,182,200,220,220,2,21,21,21,48,94,119,129,143,177,177,177,256,256,275,290,18,35,55,89,89,141,188,206,233,233,283,296,296,296,296],"floor_reached":51,"playtime":8019,"items_purged":["Strike_B","Writhe"],"score":1499,"play_id":"e2e82a18-a321-4fdf-b76b-fe6493686be7","local_time":"20190828220036","is_ascension_mode":true,"campfire_choices":[{"data":"Beam Cell","floor":8.0,"key":"SMITH"},{"data":"Streamline","floor":10.0,"key":"SMITH"},{"floor":13.0,"key":"REST"},{"data":"Steam","floor":15.0,"key":"SMITH"},{"data":"Storm","floor":23,"key":"SMITH"},{"floor":32,"key":"REST"},{"data":"Fission","floor":41,"key":"SMITH"},{"data":"Pain","floor":46,"key":"PURGE"},{"floor":49,"key":"RECALL"}],"neow_cost":"TEN_PERCENT_HP_LOSS","seed_source_timestamp":2780969844871002,"circlet_count":0,"master_deck":["AscendersBane","Defend_B","Defend_B","Zap","Dualcast","Streamline+1","Cold Snap","BootSequence","All For One","Beam Cell+1","Ball Lightning","Steam+1","Echo Form","Chill","Electrodynamics","Machine Learning+1","Buffer+1","Static Discharge+1","Heatsinks+1","Reinforced Body","Storm+1","Undo","Aggregate+1","Genetic Algorithm+1","Stack","Sweeping Beam+1","Fission+1","Glacier+1","Leap+1","Chill","Core Surge","Coolheaded+1","Redo+1","Capacitor+1","Stack"],"special_seed":0,"relics":["Cracked Core","Gremlin Horn","Sundial","Turnip","Meat on the Bone","Astrolabe","Pear","Bag of Preparation","StoneCalendar","Vajra","Mercury Hourglass","Peace Pipe","Cursed Key","DataDisk","Symbiotic Virus","Prayer Wheel","Unceasing Top"],"potions_floor_usage":[22,25,29,30,44,50,51],"damage_taken":[{"damage":0.0,"enemies":"Small Slimes","floor":1.0,"turns":2.0},{"damage":6.0,"enemies":"Cultist","floor":2.0,"turns":3.0},{"damage":7.0,"enemies":"Jaw Worm","floor":3.0,"turns":3.0},{"damage":3.0,"enemies":"Blue Slaver","floor":5.0,"turns":3.0},{"damage":21.0,"enemies":"3 Sentries","floor":6.0,"turns":9.0},{"damage":0.0,"enemies":"3 Louse","floor":7.0,"turns":2.0},{"damage":10.0,"enemies":"Lagavulin","floor":11.0,"turns":6.0},{"damage":6.0,"enemies":"Gremlin Nob","floor":14.0,"turns":3.0},{"damage":5.0,"enemies":"The Guardian","floor":16.0,"turns":7.0},{"damage":1.0,"enemies":"Chosen","floor":18.0,"turns":5.0},{"damage":0.0,"enemies":"Spheric Guardian","floor":19.0,"turns":5.0},{"damage":2,"enemies":"Shelled Parasite and Fungi","floor":22,"turns":7},{"damage":32,"enemies":"Slavers","floor":25,"turns":3},{"damage":25,"enemies":"Book of Stabbing","floor":27,"turns":6},{"damage":9,"enemies":"Snake Plant","floor":28,"turns":3},{"damage":1,"enemies":"Centurion and Healer","floor":29,"turns":5},{"damage":19,"enemies":"Slavers","floor":30,"turns":5},{"damage":1,"enemies":"Collector","floor":33,"turns":6},{"damage":30,"enemies":"3 Darklings","floor":35,"turns":4},{"damage":24,"enemies":"3 Shapes","floor":36,"turns":3},{"damage":0,"enemies":"3 Darklings","floor":38,"turns":4},{"damage":0,"enemies":"4 Shapes","floor":39,"turns":3},{"damage":3,"enemies":"Nemesis","floor":40,"turns":7},{"damage":14,"enemies":"2 Orb Walkers","floor":42,"turns":4},{"damage":0,"enemies":"Sphere and 2 Shapes","floor":44,"turns":3},{"damage":11,"enemies":"Giant Head","floor":45,"turns":7},{"damage":0,"enemies":"Transient","floor":48,"turns":6},{"damage":5,"enemies":"Donu and Deca","floor":50,"turns":10},{"damage":49,"enemies":"Awakened One","floor":51,"turns":5}],"seed_played":"-2386999493831820109","potions_obtained":[{"floor":5.0,"key":"Dexterity Potion"},{"floor":7.0,"key":"FearPotion"},{"floor":14.0,"key":"FocusPotion"},{"floor":16.0,"key":"Poison Potion"},{"floor":18.0,"key":"Weak Potion"},{"floor":27,"key":"Swift Potion"},{"floor":29,"key":"EssenceOfSteel"},{"floor":33,"key":"SpeedPotion"},{"floor":36,"key":"Strength Potion"},{"floor":45,"key":"GamblersBrew"}],"is_trial":false,"path_per_floor":["M","M","M","?","M","E","M","R","T","R","E","$","R","E","R","B",null,"M","M","?","$","M","R","?","E","T","E","M","M","E","?","R","B",null,"M","M","$","M","M","E","R","?","T","M","E","R","?","M","R","B","B"],"character_chosen":"DEFECT","items_purchased":["Chill","Bag of Preparation","PowerPotion","DataDisk"],"campfire_rested":2,"item_purchase_floors":[12,21,21,37],"current_hp_per_floor":[64,58,51,51,48,27,27,27,27,27,17,17,36,30,30,37,57,56,56,66,66,64,64,64,44,44,31,34,45,38,38,60,59,70,40,28,28,40,40,49,49,47,47,47,48,48,48,48,48,43,0],"gold":296,"neow_bonus":"REMOVE_TWO","is_prod":false,"is_daily":false,"chose_seed":false,"campfire_upgraded":5,"win_rate":0,"timestamp":1567044036,"path_taken":["M","M","M","?","M","E","?","R","T","R","E","$","R","E","R","BOSS","M","M","?","$","M","R","?","E","T","E","M","M","E","?","R","BOSS","M","?","$","M","M","E","R","?","T","M","E","R","?","M","R","BOSS","BOSS"],"build_version":"2019-07-17","purchased_purges":2,"victory":false,"max_hp_per_floor":[64,64,64,64,64,64,64,64,64,64,64,64,64,64,64,64,64,64,64,74,74,74,74,74,74,74,74,74,74,74,74,74,74,74,74,74,74,74,74,74,74,74,74,74,74,74,74,74,74,74,74],"card_choices":[{"not_picked":["Conserve Battery","Turbo"],"picked":"Streamline","floor":1.0},{"not_picked":["Leap","Hologram"],"picked":"Cold Snap","floor":2.0},{"not_picked":["Capacitor","Tempest"],"picked":"BootSequence","floor":3.0},{"not_picked":["Fission","Turbo"],"picked":"Beam Cell","floor":5.0},{"not_picked":["Double Energy","Reprogram"],"picked":"Ball Lightning","floor":6.0},{"not_picked":["Streamline","Gash"],"picked":"Steam","floor":7.0},{"not_picked":["Cold Snap","Ball Lightning"],"picked":"Echo Form","floor":11.0},{"not_picked":["Ball Lightning","Rebound","Meteor Strike"],"picked":"SKIP","floor":14.0},{"not_picked":["Core Surge","Rainbow"],"picked":"Electrodynamics","floor":16.0},{"not_picked":["Gash+1","Beam Cell"],"picked":"Heatsinks","floor":18.0},{"not_picked":["Auto Shields","Leap"],"picked":"Reinforced Body","floor":19.0},{"not_picked":["Genetic Algorithm","Loop+1"],"picked":"Storm","floor":22},{"not_picked":["Beam Cell","Conserve Battery"],"picked":"Aggregate+1","floor":25},{"not_picked":["Rebound","All For One"],"picked":"Genetic Algorithm+1","floor":27},{"not_picked":["Ball Lightning","Rebound","Loop"],"picked":"SKIP","floor":28},{"not_picked":["Turbo","Steam"],"picked":"Stack","floor":29},{"not_picked":["Compile Driver","Force Field"],"picked":"Sweeping Beam+1","floor":30},{"not_picked":["Hyperbeam","Core Surge"],"picked":"Fission","floor":33},{"not_picked":["Streamline","Fusion+1"],"picked":"Glacier+1","floor":35},{"not_picked":["White Noise","Blizzard+1"],"picked":"Leap+1","floor":36},{"not_picked":["Melter","Redo","Heatsinks"],"picked":"SKIP","floor":38},{"not_picked":["Compile Driver","Gash"],"picked":"Chill","floor":39},{"not_picked":["Blizzard","Gash"],"picked":"Core Surge","floor":40},{"not_picked":["Streamline","Leap"],"picked":"Coolheaded+1","floor":44},{"not_picked":["Skim","Heatsinks","Self Repair+1"],"picked":"SKIP","floor":44},{"not_picked":["Hologram+1","Streamline+1"],"picked":"Redo+1","floor":45},{"not_picked":["Aggregate+1","Barrage"],"picked":"Capacitor+1","floor":48},{"not_picked":["Conserve Battery","Beam Cell+1"],"picked":"Stack","floor":48}],"player_experience":1879845,"relics_obtained":[{"floor":6.0,"key":"Gremlin Horn"},{"floor":9.0,"key":"Sundial"},{"floor":11.0,"key":"Turnip"},{"floor":14.0,"key":"Meat on the Bone"},{"floor":25,"key":"StoneCalendar"},{"floor":26,"key":"Vajra"},{"floor":27,"key":"Mercury Hourglass"},{"floor":30,"key":"Peace Pipe"},{"floor":40,"key":"Symbiotic Virus"},{"floor":42,"key":"Prayer Wheel"},{"floor":45,"key":"Unceasing Top"}],"event_choices":[{"damage_healed":0.0,"max_hp_gain":0.0,"max_hp_loss":0.0,"gold_gain":0.0,"event_name":"Match and Keep!","player_choice":"1 cards matched","floor":4.0,"gold_loss":0.0,"damage_taken":0.0,"cards_obtained":["All For One"]},{"damage_healed":0.0,"max_hp_gain":0.0,"max_hp_loss":0.0,"gold_gain":0.0,"event_name":"Match and Keep!","player_choice":"1 cards matched","floor":4.0,"gold_loss":0.0,"damage_taken":0.0,"cards_obtained":["All For One"]},{"damage_healed":0.0,"max_hp_gain":0.0,"max_hp_loss":0.0,"gold_gain":0.0,"event_name":"The Mausoleum","player_choice":"Opened","floor":20.0,"gold_loss":0.0,"damage_taken":0.0,"relics_obtained":["Pear"],"cards_obtained":["Writhe"]},{"damage_healed":0,"gold_gain":0,"player_choice":"Read","damage_taken":0,"max_hp_gain":0,"max_hp_loss":0,"event_name":"The Library","floor":24,"gold_loss":0,"cards_obtained":["Undo"]},{"damage_healed":0,"gold_gain":0,"player_choice":"Forge","damage_taken":0,"max_hp_gain":0,"max_hp_loss":0,"event_name":"Accursed Blacksmith","floor":31,"gold_loss":0,"cards_upgraded":["Heatsinks"]},{"damage_healed":0,"gold_gain":0,"player_choice":"Fight","damage_taken":0,"max_hp_gain":0,"max_hp_loss":0,"event_name":"Mysterious Sphere","floor":42,"gold_loss":0},{"damage_healed":0,"gold_gain":50,"player_choice":"Pray","damage_taken":0,"max_hp_gain":0,"max_hp_loss":0,"event_name":"Golden Shrine","floor":47,"gold_loss":0}],"is_beta":false,"boss_relics":[{"not_picked":["Busted Crown","Eternal Feather"],"picked":"Astrolabe"},{"not_picked":["White Beast Statue","Black Star"],"picked":"Cursed Key"}],"items_purged_floors":[12,37],"is_endless":false,"potions_floor_spawned":[5,7,14,16,18,27,29,33,36,38,42,45,48],"killed_by":"Awakened One","ascension_level":20}