{"gold_per_floor":[117,117,134,148,148,148,148,178,178,195,212,222,222,254,254,357,357,369,319,334,347,364,394,394,427,427,427,8,8,20,20,20,117,117,134,147,147,158,177,177,194,194,246,246,280,280,5,25,25,25],"floor_reached":51,"playtime":2245,"items_purged":["Strike_R"],"score":1166,"play_id":"3e1e8c44-a8ca-48ea-80d6-dda57d619e66","local_time":"20190618030802","is_ascension_mode":true,"campfire_choices":[{"data":"Uppercut","floor":6,"key":"SMITH"},{"floor":13,"key":"REST"},{"floor":15,"key":"REST"},{"floor":24,"key":"REST"},{"data":"Offering","floor":27,"key":"SMITH"},{"data":"Armaments","floor":29,"key":"SMITH"},{"data":"Demon Form","floor":32,"key":"SMITH"},{"floor":40,"key":"REST"},{"data":"Corruption","floor":42,"key":"SMITH"},{"data":"Offering","floor":44,"key":"SMITH"},{"data":"Demon Form","floor":49,"key":"SMITH"}],"neow_cost":"NONE","seed_source_timestamp":64462633585925,"circlet_count":0,"master_deck":["AscendersBane","Strike_R","Strike_R","Strike_R","Defend_R","Defend_R","Defend_R","Defend_R","Bash","Cleave","Havoc","Uppercut+1","Power Through","Seeing Red","Corruption+1","Demon Form+1","Second Wind","Offering+1","Warcry+1","Armaments+1","Shrug It Off+1","Havoc+1","Clothesline","Thunderclap+1","Reaper+1","Panache","Inflame+1","Offering+1","Body Slam+1","Ghostly Armor+1","Entrench+1","Sentinel+1","Heavy Blade+1","Double Tap","Demon Form+1","True Grit","Barricade"],"relics":["Burning Blood","Smiling Mask","Self Forming Clay","Bronze Scales","Unceasing Top","The Courier","Snecko Eye","Charon\u0027s Ashes","Molten Egg 2","Juzu Bracelet","Black Star","Strawberry","Ancient Tea Set","Dream Catcher"],"potions_floor_usage":[4,14,33,38,38],"damage_taken":[{"damage":6,"enemies":"2 Louse","floor":1,"turns":3},{"damage":7,"enemies":"Jaw Worm","floor":3,"turns":3},{"damage":5,"enemies":"Small Slimes","floor":4,"turns":5},{"damage":41,"enemies":"3 Sentries","floor":8,"turns":8},{"damage":8,"enemies":"Exordium Thugs","floor":10,"turns":5},{"damage":3,"enemies":"Looter","floor":11,"turns":3},{"damage":10,"enemies":"Red Slaver","floor":12,"turns":3},{"damage":23,"enemies":"Gremlin Nob","floor":14,"turns":5},{"damage":41,"enemies":"Hexaghost","floor":16,"turns":9},{"damage":7,"enemies":"3 Byrds","floor":18,"turns":3},{"damage":6,"enemies":"Chosen","floor":20,"turns":4},{"damage":6,"enemies":"Snecko","floor":21,"turns":4},{"damage":11,"enemies":"3 Cultists","floor":22,"turns":5},{"damage":22,"enemies":"Book of Stabbing","floor":23,"turns":5},{"damage":15,"enemies":"Slavers","floor":25,"turns":4},{"damage":17,"enemies":"Shelled Parasite and Fungi","floor":30,"turns":3},{"damage":22,"enemies":"Champ","floor":33,"turns":8},{"damage":12,"enemies":"3 Shapes","floor":35,"turns":3},{"damage":15,"enemies":"Orb Walker","floor":36,"turns":2},{"damage":62,"enemies":"Writhing Mass","floor":38,"turns":5},{"damage":25,"enemies":"Maw","floor":39,"turns":6},{"damage":37,"enemies":"3 Darklings","floor":41,"turns":5},{"damage":17,"enemies":"Giant Head","floor":45,"turns":5},{"damage":13,"enemies":"Sphere and 2 Shapes","floor":48,"turns":2},{"damage":36,"enemies":"Time Eater","floor":50,"turns":6}],"seed_played":"-8080732155658199698","potions_obtained":[{"floor":3,"key":"SkillPotion"},{"floor":11,"key":"AttackPotion"},{"floor":12,"key":"SkillPotion"},{"floor":16,"key":"EssenceOfSteel"},{"floor":23,"key":"Energy Potion"},{"floor":33,"key":"BloodPotion"},{"floor":48,"key":"PowerPotion"}],"is_trial":false,"path_per_floor":["M","?","M","M","T","R","?","E","T","M","M","M","R","E","R","B",null,"M","?","M","M","M","E","R","E","T","R","$","R","M","?","R","B",null,"M","M","?","M","M","R","M","R","T","R","E","?","$","M","R","B",null],"character_chosen":"IRONCLAD","items_purchased":["Juzu Bracelet","Reaper+1","Panache","Heavy Blade+1","Double Tap","Demon Form","True Grit"],"campfire_rested":4,"item_purchase_floors":[28,28,28,47,47,47,47],"current_hp_per_floor":[72,72,71,72,72,72,72,37,37,35,38,34,58,41,65,30,68,67,67,67,67,62,46,70,61,61,61,61,61,63,63,63,59,75,80,78,78,45,35,59,59,59,66,66,71,71,71,76,76,80],"gold":25,"neow_bonus":"RANDOM_COMMON_RELIC","is_prod":false,"is_daily":false,"chose_seed":false,"campfire_upgraded":7,"win_rate":0,"timestamp":1560791282,"path_taken":["M","?","M","M","?","R","?","E","T","M","M","?","R","E","R","BOSS","M","?","M","M","M","E","R","E","T","R","$","R","M","?","R","BOSS","M","M","?","M","M","R","M","R","T","R","E","?","$","M","R","BOSS"],"build_version":"2019-01-23","purchased_purges":1,"victory":true,"max_hp_per_floor":[80,80,80,80,80,80,80,80,80,80,80,80,80,80,80,80,80,80,80,80,80,80,80,80,80,80,80,80,80,80,80,80,80,80,80,80,80,80,80,80,80,80,87,87,87,87,87,87,87,87],"card_choices":[{"not_picked":["Entrench","Clash"],"picked":"Cleave","floor":1},{"not_picked":["Whirlwind","Reckless Charge"],"picked":"Havoc","floor":3},{"not_picked":["Headbutt","Anger"],"picked":"Uppercut","floor":4},{"not_picked":["Evolve","Wild Strike"],"picked":"Power Through","floor":8},{"not_picked":["True Grit","Blood for Blood"],"picked":"Seeing Red","floor":10},{"not_picked":["Perfected Strike","Havoc"],"picked":"Corruption","floor":11},{"not_picked":["Flame Barrier","Intimidate"],"picked":"Demon Form","floor":12},{"not_picked":["Havoc","Perfected Strike"],"picked":"Second Wind","floor":14},{"not_picked":["Feed","Berserk"],"picked":"Offering","floor":16},{"not_picked":["Rage+1","Anger"],"picked":"Warcry+1","floor":18},{"not_picked":["Anger","Seeing Red"],"picked":"Armaments","floor":20},{"not_picked":["Wild Strike","Clothesline+1"],"picked":"Shrug It Off+1","floor":21},{"not_picked":["Headbutt","Power Through"],"picked":"Havoc+1","floor":22},{"not_picked":["Clash","Corruption"],"picked":"Clothesline","floor":23},{"not_picked":["Wild Strike","Perfected Strike"],"picked":"Thunderclap+1","floor":25},{"not_picked":["Iron Wave+1","Warcry"],"picked":"Inflame","floor":30},{"not_picked":["Fiend Fire+1","Double Tap"],"picked":"Offering","floor":33},{"not_picked":["Twin Strike+1","Flex","Thunderclap+1"],"picked":"SKIP","floor":35},{"not_picked":["Cleave+1","Corruption+1"],"picked":"Body Slam+1","floor":36},{"not_picked":["Body Slam+1","Thunderclap+1"],"picked":"Ghostly Armor+1","floor":38},{"not_picked":["Anger+1","Twin Strike+1","Thunderclap+1"],"picked":"SKIP","floor":39},{"not_picked":["Flex+1","Ghostly Armor+1"],"picked":"Entrench+1","floor":41},{"not_picked":["Iron Wave+1","Warcry"],"picked":"Sentinel+1","floor":45},{"not_picked":["Anger+1","Thunderclap+1"],"picked":"Barricade","floor":48}],"player_experience":863598,"relics_obtained":[{"floor":5,"key":"Self Forming Clay"},{"floor":8,"key":"Bronze Scales"},{"floor":9,"key":"Unceasing Top"},{"floor":14,"key":"The Courier"},{"floor":23,"key":"Charon\u0027s Ashes"},{"floor":25,"key":"Molten Egg 2"},{"floor":43,"key":"Strawberry"},{"floor":45,"key":"Ancient Tea Set"},{"floor":45,"key":"Dream Catcher"}],"event_choices":[{"damage_healed":0,"gold_gain":0,"player_choice":"Ignored","damage_taken":0,"max_hp_gain":0,"max_hp_loss":0,"event_name":"Golden Wing","floor":2,"gold_loss":0},{"cards_removed":["Strike_R"],"damage_healed":0,"gold_gain":0,"player_choice":"Purged","damage_taken":0,"max_hp_gain":0,"max_hp_loss":0,"event_name":"Purifier","floor":7,"gold_loss":0},{"damage_healed":0,"gold_gain":0,"player_choice":"Bet on Owner","damage_taken":0,"max_hp_gain":0,"max_hp_loss":0,"event_name":"The Joust","floor":19,"gold_loss":50},{"damage_healed":0,"gold_gain":0,"player_choice":"Upgraded","damage_taken":0,"max_hp_gain":0,"max_hp_loss":0,"event_name":"Upgrade Shrine","floor":31,"gold_loss":0,"cards_upgraded":["Inflame"]},{"damage_healed":0,"gold_gain":0,"player_choice":"Bought 0 Potions","damage_taken":0,"max_hp_gain":0,"max_hp_loss":0,"event_name":"The Woman in Blue","floor":37,"gold_loss":0},{"damage_healed":0,"gold_gain":0,"player_choice":"Ignored","damage_taken":0,"max_hp_gain":0,"max_hp_loss":0,"event_name":"Tomb of Lord Red Mask","floor":46,"gold_loss":0}],"is_beta":false,"boss_relics":[{"not_picked":["Runic Cube","Coffee Dripper"],"picked":"Snecko Eye"},{"not_picked":["White Beast Statue","Runic Dome"],"picked":"Black Star"}],"items_purged_floors":[28],"is_endless":false,"potions_floor_spawned":[3,11,12,16,18,21,23,33,36,48],"ascension_level":11}