{"path_per_floor":["M","M","M","M","M","E","M","M","T","R","$","M","E","?","R","B",null,"M","?","M","M","$","E","R"],"character_chosen":"IRONCLAD","items_purchased":["Rampage","Fiend Fire","Oddly Smooth Stone"],"gold_per_floor":[117,131,146,160,179,211,226,238,316,316,282,296,325,348,348,450,450,460,460,473,492,186,217,217,217],"floor_reached":25,"campfire_rested":2,"playtime":1580,"current_hp_per_floor":[74,74,74,70,62,56,50,41,41,65,65,66,54,33,57,33,80,76,56,56,43,43,44,44,0],"items_purged":[],"gold":217,"score":287,"play_id":"ccf3fc32-48de-42f9-a030-a1ffe4a5bf3c","local_time":"20180330223700","is_prod":false,"is_daily":false,"is_ascension_mode":true,"campfire_upgraded":1,"timestamp":1522463820,"path_taken":["M","?","M","M","M","E","M","M","T","R","$","?","E","?","R","BOSS","M","?","M","?","$","E","R","E"],"build_version":"2018-03-29v2","purchased_purges":0,"victory":false,"master_deck":["Defend_R","Defend_R","Defend_R","Bash","Cleave+1","Evolve+1","Flame Barrier+1","Clothesline","Uppercut","Shrug It Off+1","Headbutt","Battle Trance","Disarm","Carnage+1","Body Slam+1","Rampage+1","Body Slam+1","Uppercut+1","Feel No Pain+1","Demon Form+1","Twin Strike+1","Bite+1","Bite+1","Bite+1","Bite+1","Bite+1","Ghostly Armor","Metallicize+1","Fiend Fire+1"],"max_hp_per_floor":[80,80,80,80,80,80,80,80,80,80,80,80,80,80,80,80,80,80,56,56,56,56,63,63,63],"relics":["Astrolabe","Molten Egg 2","Frozen Egg 2","Bag of Marbles","Odd Mushroom","Sozu","Oddly Smooth Stone","Strawberry"],"card_choices":[{"not_picked":["Flex","Warcry"],"picked":"Clothesline","floor":1},{"not_picked":["Heavy Blade","Body Slam"],"picked":"Uppercut","floor":2},{"not_picked":["Twin Strike","Evolve"],"picked":"Shrug It Off","floor":3},{"not_picked":["Twin Strike","Clothesline"],"picked":"Headbutt","floor":4},{"not_picked":["Perfected Strike","Sever Soul"],"picked":"Battle Trance","floor":5},{"not_picked":["Havoc","Perfected Strike"],"picked":"Disarm","floor":6},{"not_picked":["Warcry","Feel No Pain"],"picked":"Carnage","floor":7},{"not_picked":["Spot Weakness","Clothesline"],"picked":"Body Slam","floor":8},{"not_picked":["Exhume","Armaments"],"picked":"Body Slam","floor":12},{"not_picked":["Warcry","Armaments"],"picked":"Uppercut","floor":13},{"not_picked":["Second Wind","Warcry"],"picked":"Feel No Pain","floor":14},{"not_picked":["Double Tap","Exhume"],"picked":"Demon Form","floor":16},{"not_picked":["Perfected Strike","Entrench"],"picked":"Twin Strike","floor":18},{"not_picked":["Warcry","Cleave"],"picked":"Ghostly Armor","floor":20},{"not_picked":["Thunderclap","Clash"],"picked":"Metallicize","floor":21}],"player_experience":159835,"potions_floor_usage":[6,6,12,13,21,21],"damage_taken":[{"damage":6,"enemies":"Cultist","floor":1,"turns":4},{"damage":0,"enemies":"Jaw Worm","floor":2,"turns":3},{"damage":0,"enemies":"2 Louse","floor":3,"turns":2},{"damage":4,"enemies":"Exordium Thugs","floor":4,"turns":5},{"damage":8,"enemies":"Blue Slaver","floor":5,"turns":4},{"damage":6,"enemies":"Lagavulin","floor":6,"turns":8},{"damage":6,"enemies":"Lots of Slimes","floor":7,"turns":2},{"damage":9,"enemies":"Red Slaver","floor":8,"turns":2},{"damage":5,"enemies":"Large Slime","floor":12,"turns":6},{"damage":12,"enemies":"Gremlin Nob","floor":13,"turns":3},{"damage":21,"enemies":"The Mushroom Lair","floor":14,"turns":4},{"damage":24,"enemies":"The Guardian","floor":16,"turns":12},{"damage":4,"enemies":"Shell Parasite","floor":18,"turns":3},{"damage":0,"enemies":"Chosen","floor":20,"turns":4},{"damage":15,"enemies":"Snake Plant","floor":21,"turns":3},{"damage":15,"enemies":"Book of Stabbing","floor":23,"turns":6},{"damage":72,"enemies":"Gremlin Leader","floor":25,"turns":8}],"event_choices":[{"event_name":"Mushrooms","player_choice":"Fought Mushrooms","floor":14,"damage_taken":0},{"event_name":"Vampires","player_choice":"Became a vampire","floor":19,"damage_taken":0}],"boss_relics":[{"not_picked":["Snecko Eye","Runic Pyramid"],"picked":"Sozu"}],"potions_floor_spawned":[2,3,5,6,7,12,13,18,20],"seed_played":"8458265814784705887","killed_by":"Gremlin Leader","ascension_level":2,"is_trial":false}