{"gold_per_floor":[110,110,124,136,17,17,30,55,55,66,66,80,108,124,124,124],"floor_reached":16,"playtime":869,"items_purged":["Strike_G"],"score":228,"play_id":"9f0b0075-338f-41c0-a1a4-d39fd87d80d1","local_time":"20181230022526","is_ascension_mode":true,"campfire_choices":[{"data":"Skewer","floor":6,"key":"SMITH"},{"data":"Dagger Spray","floor":11,"key":"SMITH"},{"floor":15,"key":"REST"}],"neow_cost":"NONE","seed_source_timestamp":781365517202884,"circlet_count":0,"master_deck":["AscendersBane","Defend_G","Defend_G","Defend_G","Defend_G","Defend_G","Strike_G","Strike_G","Strike_G","Strike_G","Survivor","Neutralize","Deadly Poison","Blade Dance","Neutralize","Skewer+1","Footwork","Crippling Poison","Tactician","Dagger Spray+1","Caltrops"],"relics":["Ring of the Snake","Centennial Puzzle","Bronze Scales","Matryoshka"],"potions_floor_usage":[8,13,14,16],"damage_taken":[{"damage":3,"enemies":"Jaw Worm","floor":1,"turns":4},{"damage":1,"enemies":"Cultist","floor":3,"turns":4},{"damage":0,"enemies":"2 Louse","floor":4,"turns":3},{"damage":5,"enemies":"2 Fungi Beasts","floor":7,"turns":4},{"damage":22,"enemies":"Lagavulin","floor":8,"turns":7},{"damage":7,"enemies":"3 Louse","floor":10,"turns":3},{"damage":8,"enemies":"Large Slime","floor":12,"turns":5},{"damage":10,"enemies":"3 Sentries","floor":13,"turns":6},{"damage":0,"enemies":"Blue Slaver","floor":14,"turns":1},{"damage":30,"enemies":"Hexaghost","floor":16,"turns":9}],"seed_played":"8864396803778220826","potions_obtained":[{"floor":7,"key":"Strength Potion"},{"floor":8,"key":"SkillPotion"},{"floor":10,"key":"SteroidPotion"},{"floor":13,"key":"Energy Potion"}],"is_trial":false,"path_per_floor":["M","?","M","M","$","R","M","E","T","M","R","M","E","M","R","B"],"character_chosen":"THE_SILENT","items_purchased":["Footwork"],"campfire_rested":1,"item_purchase_floors":[5],"current_hp_per_floor":[62,62,61,61,61,61,56,34,34,27,27,19,9,9,30,0],"gold":124,"neow_bonus":"TEN_PERCENT_HP_BONUS","is_prod":false,"is_daily":false,"chose_seed":false,"campfire_upgraded":2,"win_rate":0,"timestamp":1546154726,"path_taken":["M","?","M","M","$","R","M","E","T","?","R","M","E","M","R","BOSS"],"build_version":"2018-12-20","purchased_purges":1,"victory":false,"max_hp_per_floor":[72,72,72,72,72,72,72,72,72,72,72,72,72,72,72,72],"card_choices":[{"not_picked":["Outmaneuver","Acrobatics"],"picked":"Deadly Poison","floor":1},{"not_picked":["Deadly Poison","Deflect","Dodge and Roll"],"picked":"SKIP","floor":3},{"not_picked":["Blade Dance","Deadly Poison"],"picked":"Skewer","floor":4},{"not_picked":["Prepared","Dagger Throw"],"picked":"Crippling Poison","floor":7},{"not_picked":["Skewer","Predator"],"picked":"Tactician","floor":8},{"not_picked":["Catalyst","Venomology"],"picked":"Dagger Spray","floor":10},{"not_picked":["Outmaneuver","Blade Dance","Bane"],"picked":"SKIP","floor":12},{"not_picked":["Flechettes","Dagger Spray","Slice"],"picked":"SKIP","floor":13},{"not_picked":["Setup","PiercingWail"],"picked":"Caltrops","floor":14}],"player_experience":1123519,"relics_obtained":[{"floor":8,"key":"Centennial Puzzle"},{"floor":9,"key":"Bronze Scales"},{"floor":13,"key":"Matryoshka"}],"event_choices":[{"damage_healed":0,"gold_gain":0,"player_choice":"2 cards matched","damage_taken":0,"max_hp_gain":0,"max_hp_loss":0,"event_name":"Match and Keep!","floor":2,"gold_loss":0,"cards_obtained":["Blade Dance","Neutralize"]}],"is_beta":false,"boss_relics":[],"items_purged_floors":[5],"is_endless":false,"potions_floor_spawned":[7,8,10,13],"killed_by":"Hexaghost","ascension_level":20}