{"gold_per_floor":[119,132,145,105,105,105,105,133,133,151,177,327,327,345,345,422,422,438,53,67,82,93,93,93],"floor_reached":24,"playtime":1664,"items_purged":["Doubt"],"score":395,"play_id":"e1dcd893-fb29-4b0d-a1f8-f885fab6be5f","local_time":"20181227233856","is_ascension_mode":true,"campfire_choices":[{"data":"Backstab","floor":6,"key":"SMITH"},{"floor":13,"key":"REST"},{"data":"Deflect","floor":15,"key":"SMITH"},{"floor":23,"key":"REST"}],"neow_cost":"NONE","seed_source_timestamp":597777326344828,"circlet_count":0,"master_deck":["AscendersBane","Survivor","Neutralize+1","Dagger Spray+1","Backstab+1","Predator","Deflect+1","Well Laid Plans","Backstab","Crippling Poison","Bullet Time","Tactician","Riddle With Holes","Burst","Footwork","Infinite Blades","Flechettes","A Thousand Cuts","Calculated Gamble","Doppelganger","Tactician","Prepared","Backflip","Dagger Throw"],"relics":["Ring of the Snake","Shuriken","Thread and Needle","Question Card","Art of War","Pandora\u0027s Box","Chemical X"],"potions_floor_usage":[11,11,16,21],"damage_taken":[{"damage":0,"enemies":"Small Slimes","floor":1,"turns":5},{"damage":2,"enemies":"2 Louse","floor":2,"turns":3},{"damage":0,"enemies":"Cultist","floor":3,"turns":3},{"damage":1,"enemies":"Looter","floor":4,"turns":4},{"damage":31,"enemies":"Gremlin Nob","floor":8,"turns":4},{"damage":0,"enemies":"2 Fungi Beasts","floor":10,"turns":3},{"damage":17,"enemies":"Lagavulin","floor":11,"turns":7},{"damage":0,"enemies":"Red Slaver","floor":14,"turns":2},{"damage":5,"enemies":"The Guardian","floor":16,"turns":13},{"damage":29,"enemies":"Spheric Guardian","floor":18,"turns":5},{"damage":0,"enemies":"Chosen","floor":20,"turns":3},{"damage":0,"enemies":"Centurion and Healer","floor":21,"turns":4},{"damage":20,"enemies":"Sentry and Sphere","floor":22,"turns":4},{"damage":28,"enemies":"Book of Stabbing","floor":24,"turns":3}],"seed_played":"8598626729614120017","potions_obtained":[{"floor":2,"key":"SpeedPotion"},{"floor":10,"key":"Regen Potion"},{"floor":11,"key":"GhostInAJar"},{"floor":18,"key":"Fire Potion"}],"is_trial":false,"path_per_floor":["M","M","M","M","?","R","?","E","T","M","E","?","R","M","R","B",null,"M","$","M","M","M","R","E"],"character_chosen":"THE_SILENT","items_purchased":["Chemical X","Ancient Potion"],"campfire_rested":2,"item_purchase_floors":[19,19],"current_hp_per_floor":[59,57,57,56,51,51,51,20,20,20,18,18,37,37,37,32,58,29,29,29,29,9,28,0],"gold":93,"neow_bonus":"UPGRADE_CARD","is_prod":false,"is_daily":false,"chose_seed":false,"campfire_upgraded":2,"win_rate":0,"timestamp":1545971936,"path_taken":["M","M","M","M","?","R","?","E","T","M","E","?","R","M","R","BOSS","M","$","M","M","M","R","E"],"build_version":"2018-12-20","purchased_purges":1,"victory":false,"max_hp_per_floor":[66,66,66,66,66,66,66,66,66,66,66,66,66,66,66,66,66,66,66,66,66,66,66,66],"card_choices":[{"not_picked":["Bane","Backflip"],"picked":"Dagger Spray","floor":1},{"not_picked":["Poisoned Stab","Quick Slash"],"picked":"Backstab","floor":2},{"not_picked":["Reflex","Quick Slash"],"picked":"Predator","floor":3},{"not_picked":["Backflip","Sucker Punch"],"picked":"Deflect","floor":4},{"not_picked":["Noxious Fumes","Slice"],"picked":"Well Laid Plans","floor":8},{"not_picked":["Night Terror","Deadly Poison","Predator","Catalyst"],"picked":"SKIP","floor":10},{"not_picked":["Dash","Poisoned Stab","Calculated Gamble"],"picked":"Backstab","floor":11},{"not_picked":["All Out Attack","Dash","Sucker Punch"],"picked":"Crippling Poison","floor":14},{"not_picked":["Grand Finale","Corpse Explosion","Unload"],"picked":"Bullet Time","floor":16},{"not_picked":["Well Laid Plans","Blade Dance+1","Sucker Punch","Bane"],"picked":"SKIP","floor":18},{"not_picked":["Tactician+1","Choke","Deadly Poison"],"picked":"Prepared","floor":20},{"not_picked":["Blade Dance","Acrobatics","Outmaneuver"],"picked":"Backflip","floor":21},{"not_picked":["Distraction","Bane","All Out Attack"],"picked":"Dagger Throw","floor":22}],"player_experience":1022572,"relics_obtained":[{"floor":8,"key":"Thread and Needle"},{"floor":9,"key":"Question Card"},{"floor":11,"key":"Art of War"}],"event_choices":[{"damage_healed":0,"gold_gain":0,"player_choice":"Success","damage_taken":5,"relics_obtained":["Shuriken"],"max_hp_gain":0,"max_hp_loss":0,"event_name":"Scrap Ooze","floor":5,"gold_loss":0},{"damage_healed":0,"gold_gain":0,"player_choice":"Grow","damage_taken":0,"max_hp_gain":0,"max_hp_loss":0,"event_name":"Living Wall","floor":7,"gold_loss":0,"cards_upgraded":["Dagger Spray"]},{"damage_healed":0,"gold_gain":150,"player_choice":"AGREE","damage_taken":0,"max_hp_gain":0,"max_hp_loss":0,"event_name":"Liars Game","floor":12,"gold_loss":0,"cards_obtained":["Doubt"]}],"is_beta":false,"boss_relics":[{"not_picked":["Runic Dome","Ectoplasm"],"picked":"Pandora\u0027s Box"}],"items_purged_floors":[19],"is_endless":false,"potions_floor_spawned":[2,10,11,18],"killed_by":"Book of Stabbing","ascension_level":18}