{"gold_per_floor":[115,40,40,40,55,55,88,88,88,104,120,132,152,168,168,271,271,284,284,296,196,211,211],"floor_reached":23,"playtime":1129,"items_purged":["Strike_G","Strike_G"],"score":302,"play_id":"c75a4344-c5fb-4ec8-9bb7-1400ee1894f0","local_time":"20181127133227","is_ascension_mode":true,"campfire_choices":[{"data":"Riddle With Holes","floor":6,"key":"SMITH"},{"data":"Die Die Die","floor":15,"key":"SMITH"}],"neow_cost":"TEN_PERCENT_HP_LOSS","seed_source_timestamp":751222418596342,"circlet_count":0,"master_deck":["AscendersBane","Defend_G","Defend_G","Defend_G","Defend_G","Defend_G","Strike_G","Survivor","Neutralize","Underhanded Strike+1","Riddle With Holes+1","Dagger Throw","Leg Sweep","Backflip","Die Die Die+1","Doppelganger","Dodge and Roll+1"],"relics":["Ring of the Snake","Orichalcum","Ancient Tea Set","Pen Nib","Torii","Philosopher\u0027s Stone"],"potions_floor_usage":[7,18,22,23],"damage_taken":[{"damage":0,"enemies":"2 Louse","floor":1,"turns":4},{"damage":3,"enemies":"Jaw Worm","floor":5,"turns":7},{"damage":16,"enemies":"Lagavulin","floor":7,"turns":7},{"damage":0,"enemies":"Cultist","floor":10,"turns":2},{"damage":0,"enemies":"Exordium Wildlife","floor":11,"turns":2},{"damage":0,"enemies":"Large Slime","floor":12,"turns":5},{"damage":1,"enemies":"Looter","floor":13,"turns":3},{"damage":0,"enemies":"Blue Slaver","floor":14,"turns":2},{"damage":15,"enemies":"Slime Boss","floor":16,"turns":8},{"damage":13,"enemies":"3 Byrds","floor":18,"turns":7},{"damage":1,"enemies":"Spheric Guardian","floor":20,"turns":3},{"damage":7,"enemies":"Chosen and Byrds","floor":22,"turns":7},{"damage":38,"enemies":"Book of Stabbing","floor":23,"turns":6}],"seed_played":"-6073680395489441630","potions_obtained":[{"floor":1,"key":"FearPotion"},{"floor":7,"key":"PowerPotion"},{"floor":11,"key":"Weak Potion"},{"floor":16,"key":"FearPotion"},{"floor":18,"key":"SteroidPotion"},{"floor":20,"key":"SkillPotion"}],"is_trial":false,"path_per_floor":["M","$","?","?","M","R","E","?","T","M","M","M","M","M","R","B",null,"M","?","M","$","M","E"],"character_chosen":"THE_SILENT","items_purchased":[],"campfire_rested":0,"item_purchase_floors":[],"current_hp_per_floor":[63,63,56,56,53,53,37,37,37,37,37,37,36,36,36,21,53,40,40,39,39,32,0],"gold":211,"neow_bonus":"REMOVE_TWO","is_prod":false,"is_daily":false,"chose_seed":false,"campfire_upgraded":2,"win_rate":0,"timestamp":1543343547,"path_taken":["M","$","?","?","M","R","E","?","T","M","M","M","M","?","R","BOSS","M","?","M","$","M","E"],"build_version":"2018-11-15","purchased_purges":2,"victory":false,"max_hp_per_floor":[63,63,63,63,63,63,63,63,63,63,63,63,63,63,63,63,63,63,63,63,63,63,63],"card_choices":[{"not_picked":["Bouncing Flask","Slice"],"picked":"Underhanded Strike","floor":1},{"not_picked":["Bane","Deflect"],"picked":"Riddle With Holes","floor":5},{"not_picked":["Glass Knife","Leg Sweep"],"picked":"Dagger Throw","floor":7},{"not_picked":["Quick Slash","Outmaneuver","Caltrops"],"picked":"SKIP","floor":10},{"not_picked":["Accuracy","Concentrate"],"picked":"Leg Sweep","floor":11},{"not_picked":["Underhanded Strike","Escape Plan"],"picked":"Backflip","floor":12},{"not_picked":["Dodge and Roll","Finisher"],"picked":"Die Die Die","floor":13},{"not_picked":["Infinite Blades","Bouncing Flask","Underhanded Strike"],"picked":"SKIP","floor":14},{"not_picked":["Glass Knife","Burst"],"picked":"Doppelganger","floor":16},{"not_picked":["Dagger Spray","Slice"],"picked":"Dodge and Roll+1","floor":18},{"not_picked":["Bane","Distraction+1","Sucker Punch+1"],"picked":"SKIP","floor":20},{"not_picked":["Masterful Stab","Skewer","Backflip"],"picked":"SKIP","floor":22}],"player_experience":721877,"relics_obtained":[{"floor":7,"key":"Ancient Tea Set"},{"floor":9,"key":"Torii"}],"event_choices":[{"damage_healed":0,"gold_gain":0,"player_choice":"Success","damage_taken":7,"relics_obtained":["Orichalcum"],"max_hp_gain":0,"max_hp_loss":0,"event_name":"Scrap Ooze","floor":3,"gold_loss":0},{"damage_healed":0,"gold_gain":0,"player_choice":"Grow","damage_taken":0,"max_hp_gain":0,"max_hp_loss":0,"event_name":"Living Wall","floor":4,"gold_loss":0,"cards_upgraded":["Underhanded Strike"]},{"damage_healed":0,"gold_gain":0,"player_choice":"Gave Potion","damage_taken":0,"relics_obtained":["Pen Nib"],"max_hp_gain":0,"max_hp_loss":0,"event_name":"WeMeetAgain","floor":8,"gold_loss":0},{"damage_healed":0,"gold_gain":0,"player_choice":"Ignored","damage_taken":0,"max_hp_gain":0,"max_hp_loss":0,"event_name":"Ghosts","floor":19,"gold_loss":0}],"is_beta":false,"boss_relics":[{"not_picked":["Calling Bell","Ectoplasm"],"picked":"Philosopher\u0027s Stone"}],"items_purged_floors":[2,21],"is_endless":false,"potions_floor_spawned":[1,7,11,16,18,20],"killed_by":"Book of Stabbing","ascension_level":11}