{"gold_per_floor":[115,127,143,143,218,236,254,254,278,278,290,131,164,179,179,276,276,287,187,287,303,319,319,337,212,212,243,243,243,262,262,262,262],"floor_reached":33,"playtime":2060,"items_purged":["Strike_R","Dropkick","Bash"],"score":463,"play_id":"2704d1cd-7640-4fa3-abd8-1931becb39ed","local_time":"20180917001219","is_ascension_mode":true,"campfire_choices":[{"floor":10,"key":"REST"},{"data":"Juggernaut","floor":15,"key":"SMITH"},{"data":"Metallicize","floor":23,"key":"SMITH"},{"floor":32,"key":"REST"}],"neow_cost":"TEN_PERCENT_HP_LOSS","seed_source_timestamp":321761970488677,"circlet_count":0,"master_deck":["Defend_R","Defend_R","Defend_R","Defend_R+1","Juggernaut+1","Burning Pact","Entrench","True Grit","Battle Trance","Armaments+1","Metallicize+1","Ghostly Armor","Sentinel","Shrug It Off","Offering","Feel No Pain","Impervious","Writhe"],"relics":["Black Blood","Art of War","War Paint","Girya","Bottled Tornado","Ice Cream","Bag of Preparation","NlothsMask","Red Skull"],"potions_floor_usage":[7,20,20,27,33,33],"damage_taken":[{"damage":14,"enemies":"Jaw Worm","floor":1,"turns":5},{"damage":8,"enemies":"2 Louse","floor":2,"turns":3},{"damage":6,"enemies":"Cultist","floor":3,"turns":4},{"damage":19,"enemies":"3 Louse","floor":6,"turns":5},{"damage":25,"enemies":"Large Slime","floor":7,"turns":8},{"damage":3,"enemies":"Exordium Wildlife","floor":11,"turns":4},{"damage":0,"enemies":"Lagavulin","floor":13,"turns":7},{"damage":3,"enemies":"3 Louse","floor":14,"turns":5},{"damage":1,"enemies":"Hexaghost","floor":16,"turns":10},{"damage":6,"enemies":"2 Thieves","floor":18,"turns":4},{"damage":12,"enemies":"Colosseum Slavers","floor":20,"turns":5},{"damage":35,"enemies":"Colosseum Nobs","floor":20,"turns":5},{"damage":8,"enemies":"3 Byrds","floor":21,"turns":5},{"damage":21,"enemies":"Centurion and Healer","floor":22,"turns":11},{"damage":9,"enemies":"Sentry and Sphere","floor":24,"turns":5},{"damage":6,"enemies":"Book of Stabbing","floor":27,"turns":5},{"damage":10,"enemies":"Snake Plant","floor":30,"turns":3},{"damage":68,"enemies":"Automaton","floor":33,"turns":12}],"seed_played":"-9138160479522156742","potions_obtained":[{"floor":2,"key":"Strength Potion"},{"floor":6,"key":"Fire Potion"},{"floor":14,"key":"LiquidBronze"},{"floor":18,"key":"EssenceOfSteel"},{"floor":21,"key":"PowerPotion"},{"floor":24,"key":"FearPotion"},{"floor":27,"key":"GamblersBrew"},{"floor":30,"key":"Poison Potion"}],"is_trial":false,"path_per_floor":["M","M","M","?","?","M","M","?","T","R","M","$","E","M","R","B",null,"M","$","?","M","M","R","M","$","T","E","?","?","M","?","R"],"character_chosen":"IRONCLAD","items_purchased":["Sentinel","Shrug It Off"],"campfire_rested":2,"item_purchase_floors":[12,12],"current_hp_per_floor":[64,62,62,55,44,31,12,12,12,33,36,36,42,45,45,50,67,71,71,44,46,35,35,36,36,36,40,40,40,40,40,61,0],"gold":262,"neow_bonus":"TRANSFORM_TWO_CARDS","is_prod":false,"is_daily":false,"chose_seed":false,"campfire_upgraded":2,"win_rate":0,"timestamp":1537157539,"path_taken":["M","M","M","?","?","M","?","?","T","R","M","?","E","M","R","BOSS","M","$","?","M","M","R","M","$","T","E","?","?","?","?","R","BOSS"],"build_version":"2018-09-06","purchased_purges":3,"victory":false,"max_hp_per_floor":[72,72,72,72,72,72,72,72,72,72,72,72,72,72,72,72,72,72,72,72,72,72,72,72,72,72,72,72,72,72,72,72,72],"card_choices":[{"not_picked":["Sword Boomerang","Pummel"],"picked":"Burning Pact","floor":1},{"not_picked":["Cleave","Sword Boomerang"],"picked":"Entrench","floor":2},{"not_picked":["Fire Breathing","Wild Strike"],"picked":"True Grit","floor":3},{"not_picked":["Whirlwind","Flex"],"picked":"Battle Trance","floor":6},{"not_picked":["Sever Soul","True Grit"],"picked":"Armaments","floor":7},{"not_picked":["Sword Boomerang","Havoc"],"picked":"Ghostly Armor","floor":11},{"not_picked":["Bludgeon","Thunderclap","Flex"],"picked":"SKIP","floor":13},{"not_picked":["Cleave","Headbutt","Body Slam"],"picked":"SKIP","floor":14},{"not_picked":["Reaper","Exhume"],"picked":"Offering","floor":16},{"not_picked":["Evolve","True Grit","Thunderclap"],"picked":"SKIP","floor":18},{"not_picked":["Cleave","Intimidate+1","Armaments+1"],"picked":"SKIP","floor":21},{"not_picked":["Wild Strike+1","Warcry"],"picked":"Feel No Pain","floor":22},{"not_picked":["Fire Breathing+1","Body Slam","Searing Blow"],"picked":"SKIP","floor":24},{"not_picked":["Whirlwind","Rupture"],"picked":"Impervious","floor":27},{"not_picked":["Corruption+1","Pommel Strike","Sword Boomerang"],"picked":"SKIP","floor":30}],"player_experience":531957,"relics_obtained":[{"floor":9,"key":"Art of War"},{"floor":13,"key":"War Paint"},{"floor":20,"key":"Girya"},{"floor":20,"key":"Bottled Tornado"},{"floor":26,"key":"Ice Cream"},{"floor":27,"key":"Bag of Preparation"}],"event_choices":[{"event_name":"Golden Wing","player_choice":"Card Removal","floor":4,"damage_taken":0},{"event_name":"World of Goop","player_choice":"Gather Gold","floor":5,"damage_taken":0},{"event_name":"Living Wall","player_choice":"Change","floor":8,"damage_taken":0},{"event_name":"Colosseum","player_choice":"Fight","floor":20,"damage_taken":0},{"event_name":"Colosseum","player_choice":"Fought Nobs","floor":20,"damage_taken":0},{"event_name":"Vampires","player_choice":"Ignored","floor":28,"damage_taken":0},{"event_name":"FaceTrader","player_choice":"Trade","floor":29,"damage_taken":0},{"event_name":"The Mausoleum","player_choice":"Yes","floor":31,"damage_taken":0}],"is_beta":false,"boss_relics":[{"not_picked":["Astrolabe","Mark of Pain"],"picked":"Black Blood"}],"items_purged_floors":[12,19,25],"is_endless":false,"potions_floor_spawned":[2,6,14,18,21,24,27,30],"killed_by":"Automaton","ascension_level":9}