{"gold_per_floor":[112,124,2,2,20,45,58,73,99,110,110,129,129,148,148,249,249,267,281,84,84,84,84,119,119,170,170,186,186,216,10,10,10],"floor_reached":33,"playtime":1120,"items_purged":[],"score":267,"play_id":"6e9c967d-c49b-4984-96ee-21e0db9fb195","local_time":"20190327161551","is_ascension_mode":false,"campfire_choices":[{"data":"Infernal Blade","floor":11,"key":"SMITH"},{"data":"Infernal Blade","floor":13,"key":"SMITH"},{"floor":15,"key":"REST"},{"data":"Perfected Strike","floor":23,"key":"SMITH"},{"floor":25,"key":"REST"},{"floor":27,"key":"REST"},{"floor":32,"key":"REST"}],"neow_cost":"NONE","seed_source_timestamp":20009772725934,"circlet_count":0,"master_deck":["Strike_R","Strike_R","Strike_R","Strike_R","Strike_R","Defend_R","Defend_R","Defend_R","Defend_R","Bash","Twin Strike","Anger","Infernal Blade+1","Perfected Strike+1","Wild Strike","Headbutt","Berserk","Shrug It Off","Infernal Blade+1","Power Through","Pommel Strike","Anger","Twin Strike","Flex","Thunderclap","Armaments+1","Iron Wave","Writhe","Clothesline+1","Infernal Blade+1"],"relics":["Burning Blood","NeowsBlessing","Smiling Mask","Philosopher\u0027s Stone","Happy Flower","Red Mask","Orichalcum","Strawberry","DollysMirror"],"potions_floor_usage":[12,16,16,16,19,28,33],"damage_taken":[{"damage":0,"enemies":"Cultist","floor":1,"turns":1},{"damage":0,"enemies":"Small Slimes","floor":2,"turns":1},{"damage":0,"enemies":"Jaw Worm","floor":5,"turns":1},{"damage":35,"enemies":"3 Sentries","floor":6,"turns":8},{"damage":10,"enemies":"Looter","floor":7,"turns":2},{"damage":16,"enemies":"Large Slime","floor":8,"turns":4},{"damage":0,"enemies":"2 Fungi Beasts","floor":10,"turns":2},{"damage":27,"enemies":"Gremlin Gang","floor":12,"turns":5},{"damage":0,"enemies":"Exordium Thugs","floor":14,"turns":3},{"damage":38,"enemies":"The Guardian","floor":16,"turns":9},{"damage":26,"enemies":"Shell Parasite","floor":18,"turns":5},{"damage":23,"enemies":"2 Thieves","floor":19,"turns":4},{"damage":57,"enemies":"Masked Bandits","floor":24,"turns":5},{"damage":24,"enemies":"Snecko","floor":28,"turns":4},{"damage":17,"enemies":"Book of Stabbing","floor":30,"turns":3},{"damage":80,"enemies":"Automaton","floor":33,"turns":8}],"seed_played":"-5188184609943954318","potions_obtained":[{"floor":6,"key":"FearPotion"},{"floor":8,"key":"PowerPotion"},{"floor":10,"key":"Swift Potion"},{"floor":14,"key":"LiquidBronze"},{"floor":18,"key":"Weak Potion"},{"floor":24,"key":"Poison Potion"},{"floor":30,"key":"SkillPotion"}],"is_trial":false,"path_per_floor":["M","M","$","?","M","E","M","M","T","M","R","M","R","M","R","B",null,"M","M","$","?","?","R","?","R","T","R","M","?","E","$","R","B"],"character_chosen":"IRONCLAD","items_purchased":["Infernal Blade","Perfected Strike","Happy Flower","Flex","DollysMirror"],"campfire_rested":4,"item_purchase_floors":[3,3,20,20,31],"current_hp_per_floor":[80,80,80,80,80,51,47,37,37,43,43,22,22,28,52,20,80,60,43,43,69,69,69,18,42,42,66,48,48,44,44,70,0],"gold":10,"neow_bonus":"THREE_ENEMY_KILL","is_prod":false,"is_daily":false,"chose_seed":false,"campfire_upgraded":3,"win_rate":0,"timestamp":1553667351,"path_taken":["M","?","$","?","M","E","M","M","T","?","R","M","R","M","R","BOSS","M","M","?","?","?","R","?","R","T","R","M","?","E","?","R","BOSS"],"build_version":"2019-01-23","purchased_purges":0,"victory":false,"max_hp_per_floor":[80,80,80,80,80,80,80,80,80,80,80,80,80,80,80,80,80,80,80,80,80,80,80,80,80,80,80,80,80,87,87,87,87],"card_choices":[{"not_picked":["Clash","Havoc"],"picked":"Twin Strike","floor":1},{"not_picked":["Feel No Pain","Thunderclap"],"picked":"Anger","floor":2},{"not_picked":["Clash","Battle Trance"],"picked":"Wild Strike","floor":5},{"not_picked":["Sword Boomerang","Hemokinesis"],"picked":"Headbutt","floor":6},{"not_picked":["Sword Boomerang","Armaments"],"picked":"Berserk","floor":7},{"not_picked":["Armaments","Burning Pact"],"picked":"Shrug It Off","floor":8},{"not_picked":["Body Slam","True Grit"],"picked":"Infernal Blade","floor":10},{"not_picked":["Warcry","Dark Embrace"],"picked":"Power Through","floor":12},{"not_picked":["Whirlwind","Armaments"],"picked":"Pommel Strike","floor":14},{"not_picked":["Fiend Fire","Offering"],"picked":"Dark Embrace","floor":16},{"not_picked":["Pommel Strike","Thunderclap"],"picked":"Anger","floor":18},{"not_picked":["True Grit","Clash+1"],"picked":"Twin Strike","floor":19},{"not_picked":["Warcry","Pommel Strike"],"picked":"Thunderclap","floor":24},{"not_picked":["Flex+1","Searing Blow"],"picked":"Armaments+1","floor":28},{"not_picked":["Berserk","Carnage"],"picked":"Clothesline+1","floor":30}],"player_experience":195166,"relics_obtained":[{"floor":6,"key":"Smiling Mask"},{"floor":24,"key":"Red Mask"},{"floor":26,"key":"Orichalcum"},{"floor":30,"key":"Strawberry"}],"event_choices":[{"damage_healed":0,"gold_gain":0,"player_choice":"Ignored","damage_taken":0,"max_hp_gain":0,"max_hp_loss":0,"event_name":"NoteForYourself","floor":4,"gold_loss":0},{"damage_healed":26,"gold_gain":0,"player_choice":"Heal","damage_taken":0,"max_hp_gain":0,"max_hp_loss":0,"event_name":"The Library","floor":21,"gold_loss":0},{"damage_healed":0,"gold_gain":0,"player_choice":"Smashed Altar","damage_taken":0,"max_hp_gain":0,"max_hp_loss":0,"event_name":"Forgotten Altar","floor":22,"gold_loss":0,"cards_obtained":["Decay"]},{"damage_healed":0,"gold_gain":0,"player_choice":"Fought Bandits","damage_taken":0,"max_hp_gain":0,"max_hp_loss":0,"event_name":"Masked Bandits","floor":24,"gold_loss":0},{"damage_healed":0,"gold_gain":0,"cards_transformed":["Dark Embrace","Decay"],"player_choice":"Became Test Subject","damage_taken":0,"max_hp_gain":0,"max_hp_loss":0,"event_name":"Drug Dealer","floor":29,"gold_loss":0,"cards_obtained":["Iron Wave","Writhe"]}],"is_beta":false,"boss_relics":[{"not_picked":["Sozu","Runic Dome"],"picked":"Philosopher\u0027s Stone"}],"items_purged_floors":[],"is_endless":false,"potions_floor_spawned":[6,8,10,14,18,24,30],"killed_by":"Automaton","ascension_level":0}