{"gold_per_floor":[112,112,128,53,72,72,103,68,92,92,124,43,43,74,74,148,148,161,177,177,196,111,126,141,141,141,161,172,198,198,198,198,273,273,292,308,308,326,343,343,343],"floor_reached":41,"playtime":3343,"items_purged":["Strike_B"],"score":916,"play_id":"64d26d5d-071c-4d17-bd6e-360cb7fc4e2e","local_time":"20190829205318","is_ascension_mode":true,"campfire_choices":[{"data":"Doom and Gloom","floor":6.0,"key":"SMITH"},{"data":"Lockon","floor":10.0,"key":"SMITH"},{"floor":13.0,"key":"REST"},{"data":"Defragment","floor":15.0,"key":"SMITH"},{"floor":25,"key":"REST"},{"floor":32,"key":"REST"},{"data":"Buffer","floor":40,"key":"SMITH"}],"neow_cost":"PERCENT_DAMAGE","seed_source_timestamp":13389139989063,"circlet_count":0,"master_deck":["AscendersBane","Strike_B","Strike_B","Defend_B","Defend_B","Defend_B","Defend_B","Zap","Dualcast","Loop+1","Doom and Gloom+1","Cold Snap","Lockon+1","Coolheaded","Defragment+1","Buffer+1","Rip and Tear","Go for the Eyes","Chill","Steam","Undo","Machine Learning+1","Fusion","Genetic Algorithm","Redo"],"special_seed":0,"relics":["Cracked Core","Bronze Scales","Smiling Mask","Anchor","Vajra","Lizard Tail","Enchiridion","Pantograph","Frozen Egg 2","Symbiotic Virus","Nuclear Battery"],"potions_floor_usage":[24,29,30,36,41],"damage_taken":[{"damage":1.0,"enemies":"Cultist","floor":1.0,"turns":4.0},{"damage":13.0,"enemies":"2 Louse","floor":3.0,"turns":3.0},{"damage":8.0,"enemies":"Small Slimes","floor":5.0,"turns":3.0},{"damage":26.0,"enemies":"3 Sentries","floor":7.0,"turns":4.0},{"damage":10.0,"enemies":"Lagavulin","floor":11.0,"turns":4.0},{"damage":9.0,"enemies":"3 Sentries","floor":14.0,"turns":5.0},{"damage":3.0,"enemies":"The Guardian","floor":16.0,"turns":10.0},{"damage":0,"enemies":"3 Byrds","floor":18,"turns":2},{"damage":24,"enemies":"2 Thieves","floor":19,"turns":3},{"damage":0,"enemies":"Chosen and Byrds","floor":21,"turns":3},{"damage":5,"enemies":"Cultist and Chosen","floor":23,"turns":5},{"damage":17,"enemies":"Snake Plant","floor":24,"turns":5},{"damage":1,"enemies":"Centurion and Healer","floor":27,"turns":8},{"damage":0,"enemies":"Sentry and Sphere","floor":28,"turns":6},{"damage":21,"enemies":"Book of Stabbing","floor":29,"turns":5},{"damage":4,"enemies":"Colosseum Slavers","floor":30,"turns":3},{"damage":24,"enemies":"Collector","floor":33,"turns":9},{"damage":0,"enemies":"3 Shapes","floor":35,"turns":8},{"damage":0,"enemies":"Orb Walker","floor":36,"turns":4},{"damage":20,"enemies":"4 Shapes","floor":38,"turns":9},{"damage":25,"enemies":"Sphere and 2 Shapes","floor":39,"turns":9},{"damage":109,"enemies":"Reptomancer","floor":41,"turns":10}],"seed_played":"-3092284912786710447","potions_obtained":[{"floor":1.0,"key":"Swift Potion"},{"floor":5.0,"key":"SteroidPotion"},{"floor":11.0,"key":"EssenceOfSteel"},{"floor":19,"key":"SpeedPotion"},{"floor":24,"key":"Explosive Potion"},{"floor":27,"key":"Energy Potion"},{"floor":33,"key":"SkillPotion"},{"floor":36,"key":"Regen Potion"}],"is_trial":false,"path_per_floor":["M","?","M","$","M","R","E","?","T","R","E","$","R","E","R","B",null,"M","M","?","M","?","M","M","R","T","M","M","E","?","?","R","B",null,"M","M","?","M","M","R","E"],"character_chosen":"DEFECT","items_purchased":["Defragment"],"campfire_rested":3,"item_purchase_floors":[12],"current_hp_per_floor":[59,59,46,46,38,38,12,33,33,33,23,23,48,39,39,36,73,73,49,28,28,28,23,6,31,31,30,30,9,5,5,30,31,72,72,72,72,52,27,27,0],"gold":343,"neow_bonus":"TWENTY_PERCENT_HP_BONUS","is_prod":false,"is_daily":false,"chose_seed":false,"campfire_upgraded":4,"win_rate":0,"timestamp":1567126398,"path_taken":["M","?","M","$","M","R","E","?","T","R","E","$","R","E","R","BOSS","M","M","?","M","?","M","M","R","T","M","M","E","?","?","R","BOSS","M","M","?","M","M","R","E"],"build_version":"2019-07-17","purchased_purges":1,"victory":false,"max_hp_per_floor":[85,85,85,85,85,85,85,85,85,85,85,85,85,85,85,85,85,85,85,85,85,85,85,85,85,85,85,85,85,85,85,85,85,85,85,85,85,85,85,85,85],"card_choices":[{"not_picked":["Fusion","Leap"],"picked":"Loop","floor":1.0},{"not_picked":["Streamline","Defragment"],"picked":"Doom and Gloom","floor":3.0},{"not_picked":["Ball Lightning","Capacitor"],"picked":"Cold Snap","floor":5.0},{"not_picked":["Chaos","Recycle"],"picked":"Lockon","floor":7.0},{"not_picked":["Skim","Rip and Tear"],"picked":"Coolheaded","floor":11.0},{"not_picked":["Sunder","Ball Lightning","White Noise"],"picked":"SKIP","floor":14.0},{"not_picked":["All For One","Rainbow"],"picked":"Buffer","floor":16.0},{"not_picked":["Gash","Beam Cell"],"picked":"Rip and Tear","floor":18},{"not_picked":["Skim","Leap"],"picked":"Go for the Eyes","floor":19},{"not_picked":["Barrage","Streamline+1","Sweeping Beam"],"picked":"SKIP","floor":21},{"not_picked":["Rebound+1","Blizzard+1"],"picked":"Chill","floor":23},{"not_picked":["Darkness","Multi-Cast"],"picked":"Steam","floor":24},{"not_picked":["Go for the Eyes","Fusion","Steam Power"],"picked":"SKIP","floor":27},{"not_picked":["Compile Driver","Blizzard","Stack"],"picked":"SKIP","floor":28},{"not_picked":["Sweeping Beam","Stack"],"picked":"Undo","floor":29},{"not_picked":["Buffer+1","Multi-Cast"],"picked":"Machine Learning+1","floor":33},{"not_picked":["Turbo+1","Stack"],"picked":"Fusion","floor":35},{"not_picked":["Gash+1","Go for the Eyes","Ball Lightning"],"picked":"SKIP","floor":36},{"not_picked":["Conserve Battery","Melter+1"],"picked":"Genetic Algorithm","floor":38},{"not_picked":["Hologram","Go for the Eyes"],"picked":"Redo","floor":39}],"player_experience":1905439,"relics_obtained":[{"floor":7.0,"key":"Bronze Scales"},{"floor":9.0,"key":"Smiling Mask"},{"floor":11.0,"key":"Anchor"},{"floor":14.0,"key":"Vajra"},{"floor":20,"key":"Enchiridion"},{"floor":26,"key":"Frozen Egg 2"},{"floor":29,"key":"Symbiotic Virus"}],"event_choices":[{"damage_healed":0.0,"max_hp_gain":0.0,"max_hp_loss":0.0,"gold_gain":0.0,"event_name":"Living Wall","player_choice":"Grow","floor":2.0,"gold_loss":0.0,"damage_taken":0.0,"cards_upgraded":["Loop"]},{"damage_healed":21.0,"max_hp_gain":0.0,"max_hp_loss":0.0,"gold_gain":0.0,"event_name":"The Cleric","player_choice":"Healed","floor":8.0,"gold_loss":35.0,"damage_taken":0.0},{"damage_healed":0,"gold_gain":0,"player_choice":"Obtained Book","damage_taken":21,"max_hp_gain":0,"max_hp_loss":0,"event_name":"Cursed Tome","floor":20,"gold_loss":0},{"damage_healed":0,"gold_gain":0,"player_choice":"Obtained Relic","damage_taken":0,"relics_obtained":["Pantograph"],"max_hp_gain":0,"max_hp_loss":0,"event_name":"Addict","floor":22,"gold_loss":85},{"damage_healed":0,"gold_gain":0,"player_choice":"Fight","damage_taken":0,"max_hp_gain":0,"max_hp_loss":0,"event_name":"Colosseum","floor":30,"gold_loss":0},{"damage_healed":0,"gold_gain":0,"player_choice":"Fled From Nobs","damage_taken":0,"max_hp_gain":0,"max_hp_loss":0,"event_name":"Colosseum","floor":30,"gold_loss":0},{"damage_healed":0,"gold_gain":0,"player_choice":"Ignored","damage_taken":0,"max_hp_gain":0,"max_hp_loss":0,"event_name":"N\u0027loth","floor":31,"gold_loss":0},{"cards_removed":["Strike_B"],"damage_healed":0,"gold_gain":0,"player_choice":"Offered Basic","damage_taken":0,"max_hp_gain":0,"max_hp_loss":0,"event_name":"Bonfire Elementals","floor":37,"gold_loss":0}],"is_beta":false,"boss_relics":[{"not_picked":["Calling Bell","Tiny House"],"picked":"Lizard Tail"},{"not_picked":["Cursed Key","Runic Pyramid"],"picked":"Nuclear Battery"}],"items_purged_floors":[4],"is_endless":false,"potions_floor_spawned":[1,5,11,19,24,27,30,33,36],"killed_by":"Reptomancer","ascension_level":20}