{"gold_per_floor":[113,124,124,49,149,180,180,197,243,96,72,72,72,102,102,207,207,220,95,112,212,227,256,256,256,283,283,297,102,102,102,102,199,199,215,215,215,40,140,140,140,140,166,185,185,210,10,10,10,10,10,10,10,35,35],"floor_reached":55,"playtime":4207,"items_purged":["Strike_R","Strike_R","Strike_R","Defend_R","Defend_R","Defend_R"],"score":754,"play_id":"f4c95c74-5ad9-472f-99f6-2086c9ba74b9","local_time":"20190705202215","is_ascension_mode":true,"campfire_choices":[{"floor":7.0,"key":"RECALL"},{"floor":13.0,"key":"REST"},{"data":"Spot Weakness","floor":15.0,"key":"SMITH"},{"floor":24.0,"key":"REST"},{"data":"Double Tap","floor":30.0,"key":"SMITH"},{"data":"Battle Trance","floor":32.0,"key":"SMITH"},{"data":"Shrug It Off","floor":41.0,"key":"SMITH"},{"data":"Shrug It Off","floor":45.0,"key":"SMITH"},{"data":"Brutality","floor":49.0,"key":"SMITH"},{"data":"Clothesline","floor":52.0,"key":"SMITH"}],"neow_cost":"NONE","seed_source_timestamp":0,"circlet_count":0,"master_deck":["Strike_R+1","Defend_R","Bash+1","Rampage+1","Clothesline+1","Cleave","Shrug It Off+1","Spot Weakness+1","Double Tap+1","Battle Trance+1","Headbutt","Shrug It Off+1","Brutality+1"],"special_seed":0,"relics":["Burning Blood","Juzu Bracelet","Centennial Puzzle","Whetstone","Oddly Smooth Stone","Busted Crown","Torii","Runic Cube","Champion Belt","Regal Pillow","PreservedInsect","Kunai"],"potions_floor_usage":[55],"damage_taken":[{"damage":0.0,"enemies":"2 Louse","floor":1.0,"turns":2.0},{"damage":6.0,"enemies":"Cultist","floor":2.0,"turns":3.0},{"damage":26.0,"enemies":"Gremlin Nob","floor":6.0,"turns":4.0},{"damage":6.0,"enemies":"Jaw Worm","floor":8.0,"turns":3.0},{"damage":26.0,"enemies":"Lagavulin","floor":14.0,"turns":5.0},{"damage":21.0,"enemies":"The Guardian","floor":16.0,"turns":9.0},{"damage":9.0,"enemies":"2 Thieves","floor":18.0,"turns":4.0},{"damage":0.0,"enemies":"Chosen","floor":20.0,"turns":3.0},{"damage":20.0,"enemies":"Sentry and Sphere","floor":22.0,"turns":6.0},{"damage":42.0,"enemies":"Book of Stabbing","floor":23.0,"turns":6.0},{"damage":1.0,"enemies":"Snecko","floor":28.0,"turns":3.0},{"damage":14.0,"enemies":"Champ","floor":33.0,"turns":8.0},{"damage":27.0,"enemies":"3 Darklings","floor":35.0,"turns":4.0},{"damage":1.0,"enemies":"Mind Bloom Boss Battle","floor":39.0,"turns":6.0},{"damage":0.0,"enemies":"Nemesis","floor":40.0,"turns":1.0},{"damage":0.0,"enemies":"Orb Walker","floor":44.0,"turns":2.0},{"damage":9.0,"enemies":"Giant Head","floor":46.0,"turns":5.0},{"damage":58.0,"enemies":"Awakened One","floor":50.0,"turns":8.0},{"damage":27,"enemies":"Shield and Spear","floor":54,"turns":4},{"damage":107,"enemies":"The Heart","floor":55,"turns":6}],"seed_played":"-6978768299533651407","potions_obtained":[{"floor":1.0,"key":"Ancient Potion"},{"floor":2.0,"key":"Energy Potion"},{"floor":6.0,"key":"Regen Potion"},{"floor":8.0,"key":"SmokeBomb"},{"floor":23.0,"key":"BloodPotion"},{"floor":33.0,"key":"FearPotion"}],"is_trial":false,"path_per_floor":["M","M","?","$","?","E","R","M","T","$","?","?","R","E","R","B",null,"M","$","M","?","M","E","R","?","T","?","M","$","R","$","R","B",null,"M","?","?","$","?","E","R","$","T","M","R","E","$","?","R","B",null,"R","$","E","B"],"character_chosen":"IRONCLAD","items_purchased":["Shrug It Off","Shrug It Off"],"campfire_rested":2,"item_purchase_floors":[10,29],"current_hp_per_floor":[80,80,80,80,80,60,60,60,60,60,60,53,77,57,57,42,80,77,77,80,80,66,45,69,69,69,69,74,74,74,74,74,66,80,59,59,59,59,64,70,70,70,70,76,76,73,73,73,73,21,76,76,76,55,0],"gold":35,"neow_bonus":"RANDOM_COMMON_RELIC","is_prod":false,"is_daily":false,"chose_seed":false,"campfire_upgraded":7,"win_rate":0,"timestamp":1562350935,"path_taken":["M","M","?","?","?","E","R","M","T","$","?","?","R","E","R","BOSS","M","$","M","?","M","E","R","?","T","?","M","$","R","$","R","BOSS","M","?","?","$","?","E","R","?","T","M","R","E","$","?","R","BOSS","R","$","E","BOSS"],"build_version":"2019-07-01","purchased_purges":6,"victory":false,"max_hp_per_floor":[80,80,80,80,80,80,80,80,80,80,80,80,80,80,80,80,80,80,80,80,80,80,80,80,80,80,80,80,80,80,80,80,80,80,80,80,80,80,80,80,80,80,80,80,80,80,80,76,76,76,76,76,76,76,76],"card_choices":[{"not_picked":["Corruption","Sever Soul","Heavy Blade"],"picked":"SKIP","floor":1.0},{"not_picked":["Uppercut","Pummel"],"picked":"Rampage","floor":2.0},{"not_picked":["Limit Break","Body Slam"],"picked":"Clothesline","floor":6.0},{"not_picked":["Warcry","Clothesline"],"picked":"Cleave","floor":8.0},{"not_picked":["Iron Wave","Headbutt"],"picked":"Spot Weakness","floor":14.0},{"not_picked":["Impervious","Demon Form"],"picked":"Double Tap","floor":16.0},{"not_picked":[],"picked":"Battle Trance","floor":18.0},{"not_picked":["Cleave"],"picked":"SKIP","floor":20.0},{"not_picked":["Carnage"],"picked":"SKIP","floor":22.0},{"not_picked":["Warcry"],"picked":"SKIP","floor":23.0},{"not_picked":["Heavy Blade"],"picked":"SKIP","floor":28.0},{"not_picked":["Body Slam"],"picked":"SKIP","floor":35.0},{"not_picked":["Clash+1"],"picked":"SKIP","floor":44.0},{"not_picked":[],"picked":"Brutality","floor":46.0},{"not_picked":["Inflame+1"],"picked":"SKIP","floor":54}],"player_experience":16956,"relics_obtained":[{"floor":6.0,"key":"Centennial Puzzle"},{"floor":9.0,"key":"Whetstone"},{"floor":14.0,"key":"Oddly Smooth Stone"},{"floor":23.0,"key":"Torii"},{"floor":39.0,"key":"Champion Belt"},{"floor":43.0,"key":"Regal Pillow"},{"floor":46.0,"key":"PreservedInsect"},{"floor":54,"key":"Kunai"}],"event_choices":[{"damage_healed":0.0,"max_hp_gain":0.0,"max_hp_loss":0.0,"gold_gain":0.0,"event_name":"Upgrade Shrine","player_choice":"Upgraded","floor":3.0,"gold_loss":0.0,"damage_taken":0.0,"cards_upgraded":["Rampage"]},{"damage_healed":0.0,"max_hp_gain":0.0,"max_hp_loss":0.0,"gold_gain":100.0,"event_name":"Golden Shrine","player_choice":"Pray","floor":5.0,"gold_loss":0.0,"damage_taken":0.0},{"damage_healed":0.0,"max_hp_gain":0.0,"max_hp_loss":0.0,"gold_gain":0.0,"event_name":"World of Goop","player_choice":"Left Gold","floor":11.0,"gold_loss":24.0,"damage_taken":0.0},{"cards_removed":["Strike_R"],"damage_healed":0.0,"max_hp_gain":0.0,"max_hp_loss":0.0,"gold_gain":0.0,"event_name":"Golden Wing","player_choice":"Card Removal","floor":12.0,"gold_loss":0.0,"damage_taken":7.0},{"damage_healed":0.0,"max_hp_gain":0.0,"max_hp_loss":0.0,"gold_gain":100.0,"event_name":"Golden Shrine","player_choice":"Pray","floor":21.0,"gold_loss":0.0,"damage_taken":0.0},{"damage_healed":0.0,"max_hp_gain":0.0,"max_hp_loss":0.0,"gold_gain":0.0,"event_name":"Vampires","player_choice":"Ignored","floor":25.0,"gold_loss":0.0,"damage_taken":0.0},{"damage_healed":0.0,"max_hp_gain":0.0,"max_hp_loss":0.0,"gold_gain":0.0,"event_name":"The Library","player_choice":"Read","floor":27.0,"gold_loss":0.0,"damage_taken":0.0,"cards_obtained":["Headbutt"]},{"damage_healed":0.0,"max_hp_gain":0.0,"max_hp_loss":0.0,"gold_gain":0.0,"event_name":"Tomb of Lord Red Mask","player_choice":"Ignored","floor":36.0,"gold_loss":0.0,"damage_taken":0.0},{"damage_healed":0.0,"max_hp_gain":0.0,"max_hp_loss":0.0,"gold_gain":0.0,"event_name":"Mysterious Sphere","player_choice":"Ignored","floor":37.0,"gold_loss":0.0,"damage_taken":0.0},{"damage_healed":0.0,"max_hp_gain":0.0,"max_hp_loss":0.0,"gold_gain":0.0,"event_name":"MindBloom","player_choice":"Fight","floor":39.0,"gold_loss":0.0,"damage_taken":0.0},{"damage_healed":0.0,"max_hp_gain":0.0,"max_hp_loss":4.0,"gold_gain":0.0,"event_name":"Winding Halls","player_choice":"Max HP","floor":48.0,"gold_loss":0.0,"damage_taken":0.0}],"is_beta":false,"boss_relics":[{"not_picked":["Lizard Tail","Coffee Dripper"],"picked":"Busted Crown"},{"not_picked":["Calling Bell","Tiny House"],"picked":"Runic Cube"}],"items_purged_floors":[4,10,19,29,38,47],"is_endless":false,"potions_floor_spawned":[1,2,6,8,23,33,35],"killed_by":"The Heart","ascension_level":1}