{"gold_per_floor":[363,2,15,165,183,183,199,199,245,43,43,59,89,107,107,178,178,195,195,195,37,54,85,85,105,132,146,171,191,116,116,116,116],"floor_reached":33,"playtime":1284,"items_purged":["Regret"],"score":562,"play_id":"da5c5024-99f8-4b08-b936-7404eef5a398","local_time":"20190804173555","is_ascension_mode":true,"campfire_choices":[{"data":"Neutralize","floor":6,"key":"SMITH"},{"data":"Bouncing Flask","floor":8,"key":"SMITH"},{"floor":15,"key":"REST"},{"floor":24,"key":"REST"},{"floor":32,"key":"REST"}],"neow_cost":"TEN_PERCENT_HP_LOSS","seed_source_timestamp":7533117913838,"circlet_count":0,"master_deck":["AscendersBane","Strike_G+1","Strike_G+1","Strike_G+1","Strike_G+1","Strike_G+1","Defend_G+1","Defend_G+1","Defend_G+1","Defend_G+1","Defend_G+1","Survivor","Neutralize+1","Dodge and Roll+1","Bouncing Flask+1","Endless Agony+1","Doubt","Quick Slash+1","Backstab+1","Poisoned Stab+1","Finisher+1","Tactician","Bullet Time","Wraith Form v2","Distraction+1","All Out Attack+1","Backflip","PiercingWail","Well Laid Plans","Footwork"],"relics":["Ring of the Snake","Molten Egg 2","Bag of Preparation","PreservedInsect","Centennial Puzzle","Cursed Key","Vajra","Dodecahedron","Bag of Marbles","Omamori"],"potions_floor_usage":[16,16,23,33,33],"damage_taken":[{"damage":2,"enemies":"2 Louse","floor":1,"turns":4},{"damage":2,"enemies":"Cultist","floor":3,"turns":4},{"damage":0,"enemies":"Small Slimes","floor":5,"turns":3},{"damage":4,"enemies":"Exordium Wildlife","floor":7,"turns":2},{"damage":1,"enemies":"Lots of Slimes","floor":12,"turns":3},{"damage":16,"enemies":"3 Sentries","floor":13,"turns":5},{"damage":0,"enemies":"Blue Slaver","floor":14,"turns":2},{"damage":24,"enemies":"Slime Boss","floor":16,"turns":13},{"damage":1,"enemies":"Spheric Guardian","floor":18,"turns":3},{"damage":12,"enemies":"Shell Parasite","floor":22,"turns":4},{"damage":0,"enemies":"Book of Stabbing","floor":23,"turns":3},{"damage":0,"enemies":"3 Cultists","floor":25,"turns":1},{"damage":0,"enemies":"Snecko","floor":27,"turns":1},{"damage":4,"enemies":"Slavers","floor":28,"turns":3},{"damage":6,"enemies":"Centurion and Healer","floor":29,"turns":3},{"damage":67,"enemies":"Automaton","floor":33,"turns":10}],"seed_played":"-5835357684491589227","potions_obtained":[{"floor":1,"key":"Dexterity Potion"},{"floor":3,"key":"Dexterity Potion"},{"floor":12,"key":"GhostInAJar"},{"floor":16,"key":"GamblersBrew"},{"floor":22,"key":"Dexterity Potion"},{"floor":27,"key":"AttackPotion"}],"is_trial":false,"path_per_floor":["M","$","M","?","M","R","M","R","T","$","?","M","E","M","R","B",null,"M","?","?","$","M","E","R","M","T","M","E","M","$","?","R","B"],"character_chosen":"THE_SILENT","items_purchased":["Molten Egg 2","Bouncing Flask","PreservedInsect","Poisoned Stab+1","Vajra"],"campfire_rested":3,"item_purchase_floors":[2,2,10,10,21],"current_hp_per_floor":[57,57,55,55,55,55,51,51,51,51,51,50,34,34,52,28,52,51,35,35,35,23,23,42,42,42,42,38,32,32,32,51,0],"gold":116,"neow_bonus":"TWO_FIFTY_GOLD","is_prod":false,"is_daily":false,"chose_seed":false,"campfire_upgraded":2,"win_rate":0,"timestamp":1564904155,"path_taken":["M","$","M","?","M","R","M","R","T","$","?","?","E","M","R","BOSS","M","?","?","?","?","E","R","M","T","M","E","M","$","?","R","BOSS"],"build_version":"2019-07-17","purchased_purges":1,"victory":false,"max_hp_per_floor":[60,60,60,60,60,60,60,60,60,60,60,60,60,60,60,60,60,60,65,65,65,65,65,65,65,65,65,65,65,65,65,65,65],"card_choices":[{"not_picked":["Concentrate","Underhanded Strike"],"picked":"Dodge and Roll","floor":1},{"not_picked":["Deflect","Acrobatics"],"picked":"Endless Agony+1","floor":3},{"not_picked":["Deadly Poison","Tactician"],"picked":"Quick Slash+1","floor":5},{"not_picked":["Eviscerate+1","Dodge and Roll"],"picked":"Backstab+1","floor":7},{"not_picked":["Deflect","Outmaneuver"],"picked":"Finisher+1","floor":12},{"not_picked":["Poisoned Stab+1","Deadly Poison"],"picked":"Tactician","floor":13},{"not_picked":["Bane+1","Deflect"],"picked":"Bullet Time","floor":14},{"not_picked":["After Image","Doppelganger"],"picked":"Wraith Form v2","floor":16},{"not_picked":["Slice+1","Quick Slash+1"],"picked":"Distraction+1","floor":18},{"not_picked":["Blade Dance","Endless Agony+1"],"picked":"All Out Attack+1","floor":22},{"not_picked":["Underhanded Strike+1","Outmaneuver","Storm of Steel"],"picked":"SKIP","floor":23},{"not_picked":["Caltrops","Blade Dance"],"picked":"Backflip","floor":25},{"not_picked":["Masterful Stab+1","Flying Knee+1"],"picked":"PiercingWail","floor":27},{"not_picked":["Backflip","Poisoned Stab+1","Expertise"],"picked":"SKIP","floor":28},{"not_picked":["Skewer+1","Acrobatics"],"picked":"Well Laid Plans","floor":29}],"player_experience":1111955,"relics_obtained":[{"floor":9,"key":"Bag of Preparation"},{"floor":13,"key":"Centennial Puzzle"},{"floor":23,"key":"Dodecahedron"},{"floor":26,"key":"Bag of Marbles"},{"floor":28,"key":"Omamori"}],"event_choices":[{"damage_healed":0,"gold_gain":150,"player_choice":"AGREE","damage_taken":0,"max_hp_gain":0,"max_hp_loss":0,"event_name":"Liars Game","floor":4,"gold_loss":0,"cards_obtained":["Doubt"]},{"damage_healed":0,"gold_gain":0,"player_choice":"Upgraded","damage_taken":0,"max_hp_gain":0,"max_hp_loss":0,"event_name":"Upgrade Shrine","floor":11,"gold_loss":0,"cards_upgraded":["Dodge and Roll"]},{"damage_healed":0,"gold_gain":0,"player_choice":"Shed Blood","damage_taken":21,"max_hp_gain":5,"max_hp_loss":0,"event_name":"Forgotten Altar","floor":19,"gold_loss":0},{"damage_healed":0,"gold_gain":0,"player_choice":"Simplicity","damage_taken":0,"max_hp_gain":0,"max_hp_loss":0,"event_name":"Back to Basics","floor":20,"gold_loss":0,"cards_upgraded":["Strike_G","Strike_G","Strike_G","Strike_G","Strike_G","Defend_G","Defend_G","Defend_G","Defend_G","Defend_G"]},{"damage_healed":0,"gold_gain":0,"player_choice":"Read","damage_taken":0,"max_hp_gain":0,"max_hp_loss":0,"event_name":"The Library","floor":31,"gold_loss":0,"cards_obtained":["Footwork"]}],"is_beta":false,"boss_relics":[{"not_picked":["Busted Crown","Coffee Dripper"],"picked":"Cursed Key"}],"items_purged_floors":[30],"is_endless":false,"potions_floor_spawned":[1,3,12,16,22,27,28],"killed_by":"Automaton","ascension_level":16}