{"gold_per_floor":[216,228,403,478,492,520,520,532,532,551,567,580,595,595,595,725,725,698,718,733,440,440,440,440,440,486,530,574,597,617,617],"floor_reached":31,"playtime":1654,"items_purged":["Strike_R"],"score":261,"play_id":"aa4d4e26-7411-4ec1-9f43-ed50bf810ae9","local_time":"20190418123202","is_ascension_mode":false,"campfire_choices":[{"floor":7,"key":"REST"},{"data":"Bash","floor":15,"key":"SMITH"},{"data":"Armaments","floor":23,"key":"SMITH"},{"floor":25,"key":"REST"}],"neow_cost":"NONE","seed_source_timestamp":967726750191,"circlet_count":0,"master_deck":["Strike_R","Strike_R","Strike_R","Strike_R","Defend_R","Defend_R","Defend_R","Defend_R","Bash+1","Cleave","Metallicize","Doubt","Heavy Blade","Anger","Iron Wave","Sword Boomerang","Iron Wave","Heavy Blade","Power Through","Injury","Demon Form","Infernal Blade+1","Headbutt","Sword Boomerang","Blood for Blood","Shrug It Off","Armaments+1","Metallicize","Barricade","Shockwave","Shrug It Off","Armaments+1"],"relics":["Black Blood","Boot","Orichalcum","Golden Idol","MutagenicStrength","Bag of Marbles","Mummified Hand","Red Mask"],"potions_floor_usage":[2,16,16,18,20,28,30],"damage_taken":[{"damage":1,"enemies":"Cultist","floor":1,"turns":3},{"damage":1,"enemies":"Jaw Worm","floor":2,"turns":4},{"damage":2,"enemies":"2 Louse","floor":5,"turns":3},{"damage":43,"enemies":"3 Sentries","floor":6,"turns":16},{"damage":2,"enemies":"Looter","floor":8,"turns":4},{"damage":8,"enemies":"3 Louse","floor":10,"turns":3},{"damage":6,"enemies":"2 Fungi Beasts","floor":11,"turns":4},{"damage":3,"enemies":"Large Slime","floor":12,"turns":5},{"damage":9,"enemies":"Exordium Wildlife","floor":13,"turns":5},{"damage":62,"enemies":"Hexaghost","floor":16,"turns":12},{"damage":29,"enemies":"2 Thieves","floor":18,"turns":5},{"damage":30,"enemies":"Spheric Guardian","floor":19,"turns":6},{"damage":18,"enemies":"Snecko","floor":20,"turns":6},{"damage":41,"enemies":"Gremlin Leader","floor":27,"turns":7},{"damage":20,"enemies":"Masked Bandits","floor":28,"turns":6},{"damage":8,"enemies":"Shelled Parasite and Fungi","floor":29,"turns":6},{"damage":13,"enemies":"Chosen and Byrds","floor":30,"turns":7},{"damage":27,"enemies":"Book of Stabbing","floor":31,"turns":7}],"seed_played":"360280177242876644","potions_obtained":[{"floor":1,"key":"Weak Potion"},{"floor":2,"key":"Weak Potion"},{"floor":10,"key":"Explosive Potion"},{"floor":11,"key":"Regen Potion"},{"floor":13,"key":"AttackPotion"},{"floor":19,"key":"Fire Potion"},{"floor":20,"key":"SteroidPotion"},{"floor":29,"key":"Regen Potion"}],"is_trial":false,"path_per_floor":["M","M","?","?","M","E","R","M","T","M","M","M","M","?","R","B",null,"M","M","M","$","?","R","?","R","T","E","?","M","M","E"],"character_chosen":"IRONCLAD","items_purchased":["Blood for Blood","Shrug It Off","Armaments","Metallicize"],"campfire_rested":2,"item_purchase_floors":[21,21,21,21],"current_hp_per_floor":[80,80,80,69,73,36,60,64,64,62,62,65,62,62,62,21,80,61,41,33,33,33,33,33,57,57,26,16,18,24,0],"gold":617,"neow_bonus":"HUNDRED_GOLD","is_prod":false,"is_daily":false,"chose_seed":false,"campfire_upgraded":2,"win_rate":0,"timestamp":1555554722,"path_taken":["M","?","?","?","M","E","R","M","T","M","M","M","M","?","R","BOSS","M","M","M","$","?","R","?","R","T","E","?","M","M","E"],"build_version":"2019-01-23","purchased_purges":1,"victory":false,"max_hp_per_floor":[80,80,80,80,80,80,80,80,80,80,80,80,80,80,80,80,80,80,80,80,80,80,80,80,80,80,80,80,80,80,80],"card_choices":[{"not_picked":["Infernal Blade","Dual Wield"],"picked":"Cleave","floor":1},{"not_picked":["Body Slam","Clothesline"],"picked":"Metallicize","floor":2},{"not_picked":["Rampage","Flame Barrier"],"picked":"Heavy Blade","floor":5},{"not_picked":["Disarm","Battle Trance"],"picked":"Anger","floor":6},{"not_picked":["Pummel","Twin Strike"],"picked":"Iron Wave","floor":8},{"not_picked":["Battle Trance","Headbutt"],"picked":"Sword Boomerang","floor":10},{"not_picked":["Intimidate","Perfected Strike"],"picked":"Iron Wave","floor":11},{"not_picked":["Clothesline","Clash"],"picked":"Heavy Blade","floor":12},{"not_picked":["Thunderclap","Havoc"],"picked":"Power Through","floor":13},{"not_picked":["Reaper","Exhume"],"picked":"Demon Form","floor":16},{"not_picked":["Clothesline","Pommel Strike"],"picked":"Infernal Blade+1","floor":18},{"not_picked":["Body Slam","Havoc"],"picked":"Headbutt","floor":19},{"not_picked":["Carnage+1","Sever Soul"],"picked":"Sword Boomerang","floor":20},{"not_picked":["Dual Wield","Hemokinesis+1"],"picked":"Barricade","floor":27},{"not_picked":["Perfected Strike","Reckless Charge+1"],"picked":"Shockwave","floor":28},{"not_picked":["Thunderclap","Clothesline"],"picked":"Shrug It Off","floor":29},{"not_picked":["Wild Strike","Flex"],"picked":"Armaments+1","floor":30}],"player_experience":323186,"relics_obtained":[{"floor":6,"key":"Boot"},{"floor":9,"key":"Orichalcum"},{"floor":26,"key":"Bag of Marbles"},{"floor":27,"key":"Mummified Hand"},{"floor":28,"key":"Red Mask"}],"event_choices":[{"damage_healed":0,"gold_gain":175,"player_choice":"AGREE","damage_taken":0,"max_hp_gain":0,"max_hp_loss":0,"event_name":"Liars Game","floor":3,"gold_loss":0,"cards_obtained":["Doubt"]},{"damage_healed":0,"gold_gain":75,"player_choice":"Gather Gold","damage_taken":11,"max_hp_gain":0,"max_hp_loss":0,"event_name":"World of Goop","floor":4,"gold_loss":0},{"damage_healed":0,"gold_gain":0,"player_choice":"Take Wound","damage_taken":0,"relics_obtained":["Golden Idol"],"max_hp_gain":0,"max_hp_loss":0,"event_name":"Golden Idol","floor":14,"gold_loss":0,"cards_obtained":["Injury"]},{"damage_healed":0,"gold_gain":0,"player_choice":"Inject Mutagens","damage_taken":0,"relics_obtained":["MutagenicStrength"],"max_hp_gain":0,"max_hp_loss":0,"event_name":"Drug Dealer","floor":22,"gold_loss":0},{"damage_healed":0,"gold_gain":0,"player_choice":"Ignored","damage_taken":0,"max_hp_gain":0,"max_hp_loss":0,"event_name":"Ghosts","floor":24,"gold_loss":0},{"damage_healed":0,"gold_gain":0,"player_choice":"Fought Bandits","damage_taken":0,"max_hp_gain":0,"max_hp_loss":0,"event_name":"Masked Bandits","floor":28,"gold_loss":0}],"is_beta":false,"boss_relics":[{"not_picked":["Lizard Tail","Fusion Hammer"],"picked":"Black Blood"}],"items_purged_floors":[21],"is_endless":false,"potions_floor_spawned":[1,2,10,11,13,19,20,29],"killed_by":"Book of Stabbing","ascension_level":0}