{"gold_per_floor":[117,127,144,124,143,177,191,191,191,202,229,229,5,16,16,111,111,126,144,155,175,175,175,188,188,188,215,229,239,239,239,239,341,391,404,404,38,57,57],"floor_reached":39,"playtime":1694,"items_purged":["Strike_R","Defend_R"],"score":692,"play_id":"87cd32fa-8f47-423d-8ad8-4c6a8448be20","local_time":"20181202171523","is_ascension_mode":true,"campfire_choices":[{"floor":8,"key":"REST"},{"data":"Rampage","floor":12,"key":"SMITH"},{"floor":15,"key":"REST"},{"data":"Whirlwind","floor":23,"key":"SMITH"},{"data":"Double Tap","floor":25,"key":"SMITH"},{"data":"Bite","floor":30,"key":"SMITH"},{"data":"Bite","floor":32,"key":"SMITH"}],"neow_cost":"NONE","seed_source_timestamp":151818632130458,"circlet_count":0,"master_deck":["AscendersBane","Defend_R","Defend_R","Defend_R","Bash","Double Tap+1","Sword Boomerang","Rampage+1","Thunderclap","Cleave+1","Flame Barrier+1","Spot Weakness","Reaper","Whirlwind+1","Bite+1","Bite","Bite","Bite+1","Flex","Berserk"],"relics":["Burning Blood","Potion Belt","Bag of Marbles","Whetstone","Busted Crown","Matryoshka","The Courier","Tiny House","Membership Card","Toxic Egg 2","Juzu Bracelet"],"potions_floor_usage":[6,6,6,7,11,21,28,33,33,33,33,38],"damage_taken":[{"damage":9,"enemies":"Small Slimes","floor":1,"turns":4},{"damage":1,"enemies":"Cultist","floor":2,"turns":3},{"damage":2,"enemies":"2 Louse","floor":3,"turns":2},{"damage":29,"enemies":"Exordium Wildlife","floor":5,"turns":4},{"damage":48,"enemies":"Gremlin Nob","floor":6,"turns":5},{"damage":8,"enemies":"Exordium Thugs","floor":7,"turns":5},{"damage":0,"enemies":"2 Fungi Beasts","floor":10,"turns":3},{"damage":18,"enemies":"Lagavulin","floor":11,"turns":5},{"damage":9,"enemies":"Blue Slaver","floor":14,"turns":3},{"damage":40,"enemies":"Hexaghost","floor":16,"turns":8},{"damage":15,"enemies":"3 Byrds","floor":18,"turns":4},{"damage":2,"enemies":"Chosen","floor":19,"turns":4},{"damage":7,"enemies":"Centurion and Healer","floor":20,"turns":4},{"damage":23,"enemies":"Snecko","floor":21,"turns":4},{"damage":24,"enemies":"Snake Plant","floor":24,"turns":4},{"damage":12,"enemies":"Gremlin Leader","floor":27,"turns":6},{"damage":14,"enemies":"Centurion and Healer","floor":28,"turns":5},{"damage":6,"enemies":"Cultist and Chosen","floor":29,"turns":4},{"damage":86,"enemies":"Champ","floor":33,"turns":8},{"damage":47,"enemies":"3 Shapes","floor":35,"turns":9},{"damage":46,"enemies":"3 Darklings","floor":38,"turns":4},{"damage":83,"enemies":"Writhing Mass","floor":39,"turns":5}],"seed_played":"8839332199328158320","potions_obtained":[{"floor":2,"key":"Dexterity Potion"},{"floor":4,"key":"EntropicBrew"},{"floor":6,"key":"Fire Potion"},{"floor":16,"key":"EssenceOfSteel"},{"floor":19,"key":"AttackPotion"},{"floor":20,"key":"Poison Potion"},{"floor":28,"key":"FearPotion"},{"floor":29,"key":"Dexterity Potion"},{"floor":31,"key":"SteroidPotion"},{"floor":31,"key":"LiquidBronze"},{"floor":34,"key":"Explosive Potion"}],"is_trial":false,"path_per_floor":["M","M","M","?","M","E","M","R","T","M","E","R","$","M","R","B",null,"M","M","M","M","?","R","M","R","T","E","M","M","R","?","R","B",null,"M","?","$","M","M"],"character_chosen":"IRONCLAD","items_purchased":["Whetstone","Membership Card","Toxic Egg 2","Juzu Bracelet"],"campfire_rested":2,"item_purchase_floors":[13,37,37,37],"current_hp_per_floor":[69,74,78,78,55,21,19,43,43,49,37,37,37,36,60,28,67,69,75,76,63,63,63,53,53,53,63,63,80,80,80,80,22,71,65,65,65,57,0],"gold":57,"neow_bonus":"ONE_RANDOM_RARE_CARD","is_prod":false,"is_daily":false,"chose_seed":false,"campfire_upgraded":5,"win_rate":0,"timestamp":1543788923,"path_taken":["M","M","M","?","M","E","?","R","T","M","E","R","?","M","R","BOSS","M","M","M","M","?","R","M","R","T","E","M","M","R","?","R","BOSS","M","?","$","M","M"],"build_version":"2018-11-15","purchased_purges":2,"victory":false,"max_hp_per_floor":[80,80,80,80,80,80,80,80,80,80,80,80,80,80,80,80,80,80,80,80,80,80,80,80,80,80,80,80,80,80,80,80,80,85,85,85,85,85,85],"card_choices":[{"not_picked":["True Grit","Rupture"],"picked":"Sword Boomerang","floor":1},{"not_picked":["Fire Breathing","Reckless Charge"],"picked":"Rampage","floor":2},{"not_picked":["Twin Strike","Blood for Blood"],"picked":"Thunderclap","floor":3},{"not_picked":["Wild Strike","Metallicize"],"picked":"Cleave","floor":5},{"not_picked":["Metallicize","Searing Blow"],"picked":"Flame Barrier","floor":6},{"not_picked":["Body Slam","Perfected Strike","Carnage"],"picked":"SKIP","floor":7},{"not_picked":["Clash","Perfected Strike"],"picked":"Spot Weakness","floor":10},{"not_picked":["Exhume","True Grit","Thunderclap"],"picked":"SKIP","floor":11},{"not_picked":["Clash","Hemokinesis","Carnage"],"picked":"SKIP","floor":14},{"not_picked":["Brutality","Juggernaut"],"picked":"Reaper","floor":16},{"not_picked":["Reckless Charge"],"picked":"SKIP","floor":18},{"not_picked":[],"picked":"Whirlwind","floor":19},{"not_picked":["Armaments"],"picked":"SKIP","floor":20},{"not_picked":["Entrench"],"picked":"SKIP","floor":21},{"not_picked":["Heavy Blade"],"picked":"SKIP","floor":24},{"not_picked":["Reaper"],"picked":"SKIP","floor":27},{"not_picked":["Clash"],"picked":"SKIP","floor":28},{"not_picked":[],"picked":"Flex","floor":29},{"not_picked":[],"picked":"Berserk","floor":33},{"not_picked":["Sever Soul"],"picked":"SKIP","floor":35},{"not_picked":["Twin Strike+1"],"picked":"SKIP","floor":38}],"player_experience":760026,"relics_obtained":[{"floor":6,"key":"Potion Belt"},{"floor":9,"key":"Bag of Marbles"},{"floor":11,"key":"Blood Vial"},{"floor":26,"key":"Matryoshka"},{"floor":27,"key":"The Courier"}],"event_choices":[{"damage_healed":0,"gold_gain":0,"player_choice":"Bought 1 Potion","damage_taken":0,"max_hp_gain":0,"max_hp_loss":0,"event_name":"The Woman in Blue","floor":4,"gold_loss":0},{"damage_healed":0,"gold_gain":0,"player_choice":"Became a vampire (Vial)","damage_taken":0,"max_hp_gain":0,"max_hp_loss":0,"event_name":"Vampires","floor":22,"relics_lost":["Blood Vial"],"gold_loss":0,"cards_obtained":["Bite","Bite","Bite","Bite","Bite"]},{"damage_healed":0,"gold_gain":0,"player_choice":"Got Potions","damage_taken":0,"max_hp_gain":0,"max_hp_loss":0,"event_name":"Lab","floor":31,"gold_loss":0},{"cards_removed":["Bite"],"damage_healed":0,"gold_gain":0,"player_choice":"Removed Attack","damage_taken":0,"max_hp_gain":0,"max_hp_loss":0,"event_name":"Falling","floor":36,"gold_loss":0}],"is_beta":false,"boss_relics":[{"not_picked":["Velvet Choker","Ectoplasm"],"picked":"Busted Crown"},{"not_picked":["Mark of Pain","Calling Bell"],"picked":"Tiny House"}],"items_purged_floors":[13,37],"is_endless":false,"potions_floor_spawned":[2,5,6,16,19,20,28,29],"killed_by":"Writhing Mass","ascension_level":12}