{"gold_per_floor":[112,112,130,305,69,100,100,100,100,100,100,100,100],"floor_reached":13,"playtime":644,"items_purged":[],"score":79,"play_id":"1280f129-196d-4e79-924d-aec0df32cf30","local_time":"20190323023532","is_ascension_mode":false,"campfire_choices":[{"floor":7,"key":"REST"},{"data":"Zap","floor":10,"key":"SMITH"},{"data":"Dualcast","floor":12,"key":"SMITH"}],"neow_cost":"NONE","seed_source_timestamp":16452887718669,"circlet_count":0,"master_deck":["Strike_B","Strike_B","Strike_B","Defend_B","Defend_B","Defend_B","Defend_B","Zap+1","Dualcast+1","Aggregate","Conserve Battery","Hologram","Doubt","Capacitor","Sweeping Beam","Injury"],"relics":["Cracked Core","Juzu Bracelet","Nunchaku","Frozen Egg 2","Dodecahedron","Golden Idol"],"potions_floor_usage":[13],"damage_taken":[{"damage":1,"enemies":"Cultist","floor":1,"turns":4},{"damage":1,"enemies":"Jaw Worm","floor":3,"turns":4},{"damage":42,"enemies":"3 Sentries","floor":6,"turns":9},{"damage":67,"enemies":"Gremlin Nob","floor":13,"turns":5}],"seed_played":"-8015263485127963447","potions_obtained":[{"floor":1,"key":"EssenceOfSteel"},{"floor":6,"key":"Energy Potion"}],"is_trial":false,"path_per_floor":["M","?","M","?","$","E","R","T","T","R","?","R","E"],"character_chosen":"DEFECT","items_purchased":["Juzu Bracelet","Capacitor"],"campfire_rested":1,"item_purchase_floors":[5,5],"current_hp_per_floor":[74,74,73,73,73,31,53,53,53,53,53,53,0],"gold":100,"neow_bonus":"TRANSFORM_CARD","is_prod":false,"is_daily":false,"chose_seed":false,"campfire_upgraded":2,"win_rate":0.0,"timestamp":1553272532,"path_taken":["M","?","M","?","$","E","R","?","T","R","?","R","E"],"build_version":"2019-01-23","purchased_purges":0,"victory":false,"max_hp_per_floor":[75,75,75,75,75,75,75,75,75,75,75,75,75],"card_choices":[{"not_picked":["Sweeping Beam","Steam"],"picked":"Conserve Battery","floor":1},{"not_picked":["Steam","Barrage"],"picked":"Hologram","floor":3},{"not_picked":["Gash","Streamline"],"picked":"Sweeping Beam","floor":6}],"player_experience":53091,"relics_obtained":[{"floor":6,"key":"Nunchaku"},{"floor":8,"key":"Frozen Egg 2"},{"floor":9,"key":"Dodecahedron"}],"event_choices":[{"damage_healed":0,"gold_gain":0,"player_choice":"Ignored","damage_taken":0,"max_hp_gain":0,"max_hp_loss":0,"event_name":"Golden Wing","floor":2,"gold_loss":0},{"damage_healed":0,"gold_gain":175,"player_choice":"AGREE","damage_taken":0,"max_hp_gain":0,"max_hp_loss":0,"event_name":"Liars Game","floor":4,"gold_loss":0,"cards_obtained":["Doubt"]},{"damage_healed":0,"gold_gain":0,"player_choice":"Take Wound","damage_taken":0,"relics_obtained":["Golden Idol"],"max_hp_gain":0,"max_hp_loss":0,"event_name":"Golden Idol","floor":11,"gold_loss":0,"cards_obtained":["Injury"]}],"is_beta":false,"boss_relics":[],"items_purged_floors":[],"is_endless":false,"potions_floor_spawned":[1,6],"killed_by":"Gremlin Nob","ascension_level":0}