{"gold_per_floor":[114,114,124,299,314,314,330,330,356,390,406,406,406],"floor_reached":13,"playtime":476,"items_purged":[],"score":102,"play_id":"e0e9cd97-a4ba-4de9-8a9c-5345dad99784","local_time":"20190909203537","is_ascension_mode":true,"campfire_choices":[{"floor":6,"key":"RECALL"},{"data":"Heatsinks","floor":8,"key":"SMITH"}],"neow_cost":"NONE","seed_source_timestamp":468061370637000,"circlet_count":0,"master_deck":["Strike_B","Strike_B","Strike_B","Strike_B","Defend_B","Defend_B","Defend_B","Defend_B","Zap","Dualcast","Tempest","Cold Snap","Hello World","Heatsinks+1","Hologram","Glacier"],"relics":["Cracked Core","NeowsBlessing","Oddly Smooth Stone","Potion Belt"],"potions_floor_usage":[10,13],"damage_taken":[{"damage":0,"enemies":"Jaw Worm","floor":1,"turns":1},{"damage":0,"enemies":"Cultist","floor":3,"turns":1},{"damage":0,"enemies":"2 Louse","floor":5,"turns":1},{"damage":8,"enemies":"Blue Slaver","floor":7,"turns":3},{"damage":51,"enemies":"Gremlin Nob","floor":10,"turns":5},{"damage":10,"enemies":"Exordium Thugs","floor":11,"turns":5},{"damage":8,"enemies":"Large Slime","floor":13,"turns":1}],"seed_played":"3279147255503001010","potions_obtained":[{"floor":1,"key":"SneckoOil"},{"floor":5,"key":"SpeedPotion"},{"floor":7,"key":"Fire Potion"},{"floor":11,"key":"FocusPotion"}],"is_trial":false,"path_per_floor":["M","?","M","?","M","R","M","R","T","E","M","?","M"],"character_chosen":"DEFECT","items_purchased":[],"campfire_rested":0,"item_purchase_floors":[],"current_hp_per_floor":[75,75,75,75,75,75,67,67,67,16,6,6,0],"gold":406,"neow_bonus":"THREE_ENEMY_KILL","is_prod":false,"is_daily":false,"chose_seed":false,"campfire_upgraded":1,"win_rate":0,"timestamp":1568079337,"path_taken":["M","?","?","?","M","R","M","R","T","E","M","?","M"],"build_version":"2019-07-17","purchased_purges":0,"victory":false,"max_hp_per_floor":[75,75,75,75,75,75,75,75,75,75,75,75,75],"card_choices":[{"not_picked":["Aggregate","Stack"],"picked":"Tempest","floor":1},{"not_picked":["Reprogram","Streamline"],"picked":"Cold Snap","floor":3},{"not_picked":["Ball Lightning","Rebound"],"picked":"Hello World","floor":5},{"not_picked":["Conserve Battery","Gash"],"picked":"Heatsinks","floor":7},{"not_picked":["Stack","Streamline"],"picked":"Hologram","floor":10},{"not_picked":["Steam","Machine Learning"],"picked":"Glacier","floor":11}],"player_experience":309408,"relics_obtained":[{"floor":10,"key":"Potion Belt"}],"event_choices":[{"damage_healed":0,"gold_gain":0,"player_choice":"Gave Potion","damage_taken":0,"relics_obtained":["Oddly Smooth Stone"],"max_hp_gain":0,"max_hp_loss":0,"event_name":"WeMeetAgain","floor":2,"gold_loss":0},{"damage_healed":0,"gold_gain":175,"player_choice":"AGREE","damage_taken":0,"max_hp_gain":0,"max_hp_loss":0,"event_name":"Liars Game","floor":4,"gold_loss":0,"cards_obtained":["Doubt"]},{"cards_removed":["Doubt"],"damage_healed":0,"gold_gain":0,"player_choice":"Forget","damage_taken":0,"max_hp_gain":0,"max_hp_loss":0,"event_name":"Living Wall","floor":12,"gold_loss":0}],"is_beta":false,"boss_relics":[],"items_purged_floors":[],"is_endless":false,"potions_floor_spawned":[1,5,7,11],"killed_by":"Large Slime","ascension_level":4}