{"path_per_floor":["M","?","M","$","?","E","R","E","T","M","?","M","R","M","R"],"character_chosen":"IRONCLAD","items_purchased":["Shockwave","Pummel"],"gold_per_floor":[118,118,133,25,25,52,52,87,87,105,131,144,144,162,162,162],"floor_reached":16,"campfire_rested":0,"playtime":710,"current_hp_per_floor":[80,64,70,70,70,76,76,68,82,85,87,71,71,76,76,0],"items_purged":[],"gold":162,"score":149,"play_id":"089337c4-437b-4909-8c26-e2548cae5d51","local_time":"20180329014209","is_prod":false,"is_daily":false,"is_ascension_mode":true,"campfire_upgraded":3,"timestamp":1522302129,"path_taken":["M","?","M","?","?","E","R","E","T","M","?","M","R","M","R","BOSS"],"build_version":"2018-03-22v2","purchased_purges":0,"victory":false,"master_deck":["Strike_R","Strike_R+1","Strike_R","Strike_R","Strike_R","Defend_R","Defend_R","Defend_R","Defend_R+1","Bash","Twin Strike","Armaments+1","Shockwave","Pummel+1","Madness","Havoc","Warcry","Body Slam","Perfected Strike+1","Sentinel+1","Flex+1"],"max_hp_per_floor":[80,80,80,80,80,80,80,80,94,94,94,94,94,94,94,94],"relics":["Burning Blood","NeowsBlessing","Blood Vial","Toxic Egg 2","Mango","Odd Mushroom"],"card_choices":[{"not_picked":["Armaments","Headbutt"],"picked":"Twin Strike","floor":1},{"not_picked":["Heavy Blade","Warcry"],"picked":"Armaments","floor":3},{"not_picked":["Inflame","Heavy Blade"],"picked":"Warcry","floor":6},{"not_picked":["Pommel Strike","Bludgeon"],"picked":"Body Slam","floor":8},{"not_picked":["Body Slam","Headbutt"],"picked":"Perfected Strike","floor":10},{"not_picked":["Infernal Blade","Heavy Blade"],"picked":"Sentinel","floor":11},{"not_picked":["Corruption","Clothesline"],"picked":"Flex","floor":14}],"player_experience":151433,"potions_floor_usage":[8,11,16],"damage_taken":[{"damage":0,"enemies":"Cultist","floor":1,"turns":1},{"damage":0,"enemies":"Jaw Worm","floor":3,"turns":1},{"damage":0,"enemies":"Gremlin Nob","floor":6,"turns":1},{"damage":16,"enemies":"Lagavulin","floor":8,"turns":6},{"damage":5,"enemies":"2 Louse","floor":10,"turns":3},{"damage":6,"enemies":"The Mushroom Lair","floor":11,"turns":4},{"damage":24,"enemies":"Lots of Slimes","floor":12,"turns":5},{"damage":3,"enemies":"Looter","floor":14,"turns":2},{"damage":85,"enemies":"Slime Boss","floor":16,"turns":10}],"event_choices":[{"event_name":"Shining Light","player_choice":"Entered Light","floor":2,"damage_taken":0},{"event_name":"Match and Keep!","player_choice":"2 cards matched","floor":5,"damage_taken":0},{"event_name":"Mushrooms","player_choice":"Fought Mushrooms","floor":11,"damage_taken":0}],"boss_relics":[],"potions_floor_spawned":[6,8,11],"seed_played":"2568708585222330919","killed_by":"Slime Boss","ascension_level":2,"is_trial":false}