{"gold_per_floor":[118,129,146,165,178,178,178,240,240,268,268,295,295,305,305,409,409,409,334,113,113,113,113,113,113,113,113,113,113,113,13,13,13,13,13,13,0,0,0,0,0,0,0,0,0,0,0,0,0,0],"floor_reached":50,"playtime":4044,"items_purged":["Strike_G","Strike_G"],"score":958,"play_id":"283938fc-ffeb-44fd-8756-4ebcfb50d7f7","local_time":"20181202150159","is_ascension_mode":true,"campfire_choices":[{"data":"Bane","floor":6,"key":"SMITH"},{"data":"Envenom","floor":13,"key":"SMITH"},{"data":"Backflip","floor":15,"key":"SMITH"},{"data":"Noxious Fumes","floor":25,"key":"SMITH"},{"data":"Malaise","floor":28,"key":"SMITH"},{"data":"Underhanded Strike","floor":32,"key":"SMITH"},{"data":"Poisoned Stab","floor":40,"key":"SMITH"},{"data":"Setup","floor":42,"key":"SMITH"},{"data":"Neutralize","floor":49,"key":"SMITH"}],"neow_cost":"NONE","seed_source_timestamp":141460226556846,"circlet_count":0,"master_deck":["AscendersBane","Defend_G","Defend_G","Defend_G","Defend_G","Defend_G","Survivor","Neutralize+1","Leg Sweep","Poisoned Stab+1","Poisoned Stab+1","Bane+1","Envenom+1","Backflip+1","Calculated Gamble","Malaise+1","Deflect","Underhanded Strike+1","Ghostly","Ghostly","Ghostly","Ghostly","Ghostly","Distraction+1","Prepared+1","Bane+1","Dagger Spray+1","Glass Knife+1","Dagger Throw+1","Predator+1","Doppelganger+1","Terror+1","Mind Blast+1","Setup+1"],"relics":["Eternal Feather","Question Card","Matryoshka","Boot","Ectoplasm","Oddly Smooth Stone","Strawberry","Gremlin Horn","Molten Egg 2","Nilry\u0027s Codex","Ancient Tea Set","Astrolabe","Red Mask","Paper Crane","Smiling Mask","Juzu Bracelet","Meat on the Bone"],"potions_floor_usage":[2,3,10,10,18,29,29,33,44,45,50],"damage_taken":[{"damage":1,"enemies":"2 Louse","floor":1,"turns":4},{"damage":7,"enemies":"Small Slimes","floor":2,"turns":4},{"damage":2,"enemies":"Jaw Worm","floor":3,"turns":4},{"damage":1,"enemies":"Blue Slaver","floor":4,"turns":5},{"damage":5,"enemies":"Looter","floor":5,"turns":5},{"damage":16,"enemies":"Lagavulin","floor":10,"turns":6},{"damage":29,"enemies":"3 Sentries","floor":12,"turns":7},{"damage":1,"enemies":"Exordium Wildlife","floor":14,"turns":3},{"damage":32,"enemies":"Hexaghost","floor":16,"turns":9},{"damage":9,"enemies":"Shell Parasite","floor":18,"turns":5},{"damage":18,"enemies":"2 Thieves","floor":19,"turns":5},{"damage":4,"enemies":"Cultist and Chosen","floor":22,"turns":8},{"damage":10,"enemies":"Book of Stabbing","floor":23,"turns":7},{"damage":7,"enemies":"Sentry and Sphere","floor":24,"turns":6},{"damage":1,"enemies":"Shelled Parasite and Fungi","floor":29,"turns":8},{"damage":0,"enemies":"Slavers","floor":30,"turns":4},{"damage":19,"enemies":"Collector","floor":33,"turns":11},{"damage":1,"enemies":"Orb Walker","floor":35,"turns":4},{"damage":12,"enemies":"3 Darklings","floor":38,"turns":4},{"damage":33,"enemies":"Giant Head","floor":41,"turns":9},{"damage":0,"enemies":"Sphere and 2 Shapes","floor":44,"turns":5},{"damage":0,"enemies":"Maw","floor":45,"turns":4},{"damage":0,"enemies":"Reptomancer","floor":46,"turns":5},{"damage":6,"enemies":"3 Darklings","floor":48,"turns":6},{"damage":44,"enemies":"Time Eater","floor":50,"turns":12}],"seed_played":"4681487150258083179","potions_obtained":[{"floor":1,"key":"Fire Potion"},{"floor":2,"key":"AttackPotion"},{"floor":4,"key":"AttackPotion"},{"floor":5,"key":"Regen Potion"},{"floor":16,"key":"SkillPotion"},{"floor":22,"key":"Energy Potion"},{"floor":24,"key":"Swift Potion"},{"floor":29,"key":"SkillPotion"},{"floor":33,"key":"SpeedPotion"},{"floor":41,"key":"GamblersBrew"},{"floor":44,"key":"SmokeBomb"},{"floor":46,"key":"AttackPotion"}],"is_trial":false,"path_per_floor":["M","M","M","M","M","R","?","?","T","E","?","E","R","M","R","B",null,"M","M","$","?","M","E","M","R","T","?","R","M","E","$","R","B",null,"M","?","?","M","?","R","E","R","T","M","M","E","?","M","R","B"],"character_chosen":"THE_SILENT","items_purchased":["Oddly Smooth Stone"],"campfire_rested":0,"item_purchase_floors":[20],"current_hp_per_floor":[62,55,53,52,47,56,56,56,56,55,60,31,43,42,54,22,62,53,35,35,35,31,28,21,39,39,23,41,40,40,40,44,25,39,38,38,38,26,26,44,11,32,32,32,32,32,32,26,44,0],"gold":0,"neow_bonus":"BOSS_RELIC","is_prod":false,"is_daily":false,"chose_seed":false,"campfire_upgraded":9,"win_rate":0,"timestamp":1543780919,"path_taken":["M","M","M","M","M","R","?","?","T","E","?","E","R","M","R","BOSS","M","M","$","?","M","E","M","R","T","?","R","M","E","?","R","BOSS","M","?","?","M","?","R","E","R","T","M","M","E","?","M","R","BOSS"],"build_version":"2018-11-15","purchased_purges":2,"victory":false,"max_hp_per_floor":[70,70,70,70,70,70,70,70,70,70,75,75,75,75,75,75,75,75,75,75,37,37,44,44,44,44,44,44,44,44,44,44,44,44,44,44,44,44,44,44,44,44,44,44,44,44,44,44,44,44],"card_choices":[{"not_picked":["Dagger Spray","Expertise"],"picked":"Leg Sweep","floor":1},{"not_picked":["PiercingWail","Blade Dance"],"picked":"Poisoned Stab","floor":2},{"not_picked":["Outmaneuver","Blade Dance"],"picked":"Noxious Fumes","floor":3},{"not_picked":["Blade Dance","Accuracy"],"picked":"Poisoned Stab","floor":4},{"not_picked":["Quick Slash","Blur"],"picked":"Bane","floor":5},{"not_picked":["Quick Slash","Sucker Punch","Bullet Time"],"picked":"Envenom","floor":10},{"not_picked":["Footwork","Finisher","Slice"],"picked":"Backflip","floor":12},{"not_picked":["Accuracy","Skewer","Escape Plan"],"picked":"Calculated Gamble","floor":14},{"not_picked":["Wraith Form v2","Bullet Time","Doppelganger"],"picked":"Malaise","floor":16},{"not_picked":["Eviscerate","Endless Agony","PiercingWail"],"picked":"Deflect","floor":18},{"not_picked":["Dagger Spray","Flying Knee","Predator"],"picked":"Underhanded Strike","floor":19},{"not_picked":["Dash","Quick Slash+1","Dagger Throw"],"picked":"Distraction+1","floor":22},{"not_picked":["Footwork","Acrobatics","Backflip+1"],"picked":"Prepared+1","floor":23},{"not_picked":["Slice","Malaise","Deadly Poison","Dagger Spray"],"picked":"SKIP","floor":24},{"not_picked":["Riddle With Holes+1","Dodge and Roll","Quick Slash+1"],"picked":"Bane+1","floor":29},{"not_picked":["Footwork","Caltrops","Backflip"],"picked":"Dagger Spray+1","floor":30},{"not_picked":["A Thousand Cuts","After Image","Burst"],"picked":"Glass Knife+1","floor":33},{"not_picked":["Riddle With Holes+1","Quick Slash+1","Leg Sweep"],"picked":"Terror+1","floor":35},{"not_picked":["Impatience","Swift Strike+1","Finesse"],"picked":"Mind Blast+1","floor":36},{"not_picked":["PiercingWail+1","Flechettes+1","Well Laid Plans","Choke+1"],"picked":"SKIP","floor":38},{"not_picked":["Dodge and Roll","Backflip","Tools of the Trade"],"picked":"Setup","floor":41},{"not_picked":["Prepared","Underhanded Strike+1","Concentrate","Sucker Punch+1"],"picked":"SKIP","floor":44},{"not_picked":["PiercingWail","Dash+1","Bane+1","Outmaneuver"],"picked":"SKIP","floor":46},{"not_picked":["Crippling Poison","Cloak And Dagger+1","Reflex","Distraction"],"picked":"SKIP","floor":48}],"player_experience":749986,"relics_obtained":[{"floor":9,"key":"Question Card"},{"floor":10,"key":"Matryoshka"},{"floor":12,"key":"Boot"},{"floor":23,"key":"Strawberry"},{"floor":26,"key":"Gremlin Horn"},{"floor":26,"key":"Molten Egg 2"},{"floor":27,"key":"Nilry\u0027s Codex"},{"floor":30,"key":"Ancient Tea Set"},{"floor":41,"key":"Paper Crane"},{"floor":43,"key":"Smiling Mask"},{"floor":43,"key":"Juzu Bracelet"},{"floor":46,"key":"Meat on the Bone"}],"event_choices":[{"damage_healed":0,"gold_gain":0,"player_choice":"Grow","damage_taken":0,"max_hp_gain":0,"max_hp_loss":0,"event_name":"Living Wall","floor":7,"gold_loss":0,"cards_upgraded":["Poisoned Stab"]},{"damage_healed":0,"gold_gain":62,"player_choice":"Gained Gold","damage_taken":0,"max_hp_gain":0,"max_hp_loss":0,"event_name":"Golden Wing","floor":8,"gold_loss":0},{"damage_healed":0,"gold_gain":0,"player_choice":"Donut","damage_taken":0,"max_hp_gain":5,"max_hp_loss":0,"event_name":"Big Fish","floor":11,"gold_loss":0},{"damage_healed":0,"gold_gain":0,"player_choice":"Became a Ghost","damage_taken":0,"max_hp_gain":0,"max_hp_loss":38,"event_name":"Ghosts","floor":21,"gold_loss":0,"cards_obtained":["Ghostly","Ghostly","Ghostly","Ghostly","Ghostly"]},{"damage_healed":0,"gold_gain":0,"player_choice":"Obtained Book","damage_taken":16,"max_hp_gain":0,"max_hp_loss":0,"event_name":"Cursed Tome","floor":27,"gold_loss":0},{"damage_healed":0,"gold_gain":0,"player_choice":"Memory 1","damage_taken":0,"max_hp_gain":0,"max_hp_loss":0,"event_name":"SensoryStone","floor":36,"gold_loss":0},{"damage_healed":0,"gold_gain":0,"player_choice":"Paid","damage_taken":0,"relics_obtained":["Red Mask"],"max_hp_gain":0,"max_hp_loss":0,"event_name":"Tomb of Lord Red Mask","floor":37,"gold_loss":13},{"damage_healed":0,"gold_gain":0,"player_choice":"Ignored","damage_taken":0,"max_hp_gain":0,"max_hp_loss":0,"event_name":"SecretPortal","floor":39,"gold_loss":0},{"cards_removed":["Noxious Fumes"],"damage_healed":0,"gold_gain":0,"player_choice":"Removed Power","damage_taken":0,"max_hp_gain":0,"max_hp_loss":0,"event_name":"Falling","floor":47,"gold_loss":0}],"is_beta":false,"boss_relics":[{"not_picked":["Calling Bell","Orrery"],"picked":"Ectoplasm"},{"not_picked":["Snecko Eye","Coffee Dripper"],"picked":"Astrolabe"}],"items_purged_floors":[20,31],"is_endless":false,"potions_floor_spawned":[1,2,4,5,16,22,24,29,33,41,44,45,46],"killed_by":"Time Eater","ascension_level":11}