{"gold_per_floor":[18,33,44,55,67,67,96,96,173,173,192,42,69,95,95,194,194,214,214,214,228,247,247,282,282,282,295,308,77,93,93,93,193,193,213,78,94,108,108,108],"floor_reached":40,"playtime":2368,"items_purged":["Gash","Hello World+1"],"score":588,"play_id":"e8a32482-f0b3-4aac-866c-ced880e4a589","local_time":"20190906184122","is_ascension_mode":true,"campfire_choices":[{"data":"Dualcast","floor":6,"key":"SMITH"},{"data":"Loop","floor":8,"key":"SMITH"},{"floor":10,"key":"REST"},{"data":"Coolheaded","floor":15,"key":"SMITH"},{"data":"Zap","floor":23,"key":"SMITH"},{"floor":25,"key":"REST"},{"floor":32,"key":"REST"}],"neow_cost":"NO_GOLD","seed_source_timestamp":3865757569100,"circlet_count":0,"master_deck":["Defend_B+1","Defend_B+1","Defend_B+1","Defend_B+1","Zap+1","Dualcast+1","Electrodynamics","Steam","Loop+1","Coolheaded+1","Machine Learning","BootSequence","Defragment","Defragment","Streamline+1","Amplify","Chaos+1","Leap+1","Tempest","Lockon","Streamline+1","Glacier"],"relics":["Cracked Core","Omamori","Shuriken","Happy Flower","Mango","Art of War","Velvet Choker","Dream Catcher","Girya","Anchor","CultistMask","Astrolabe"],"potions_floor_usage":[13,13,24,24,33,33],"damage_taken":[{"damage":1,"enemies":"Cultist","floor":1,"turns":3},{"damage":7,"enemies":"Jaw Worm","floor":2,"turns":3},{"damage":0,"enemies":"2 Louse","floor":3,"turns":2},{"damage":11,"enemies":"Gremlin Gang","floor":4,"turns":3},{"damage":6,"enemies":"Blue Slaver","floor":5,"turns":4},{"damage":10,"enemies":"3 Sentries","floor":7,"turns":3},{"damage":8,"enemies":"Exordium Wildlife","floor":11,"turns":2},{"damage":12,"enemies":"Gremlin Nob","floor":13,"turns":3},{"damage":28,"enemies":"Hexaghost","floor":16,"turns":10},{"damage":13,"enemies":"Chosen","floor":18,"turns":5},{"damage":10,"enemies":"2 Thieves","floor":21,"turns":3},{"damage":6,"enemies":"Centurion and Healer","floor":22,"turns":5},{"damage":24,"enemies":"Book of Stabbing","floor":24,"turns":7},{"damage":26,"enemies":"Snake Plant","floor":27,"turns":4},{"damage":0,"enemies":"Shelled Parasite and Fungi","floor":28,"turns":6},{"damage":9,"enemies":"Sentry and Sphere","floor":30,"turns":6},{"damage":31,"enemies":"Champ","floor":33,"turns":10},{"damage":0,"enemies":"3 Shapes","floor":35,"turns":4},{"damage":25,"enemies":"3 Darklings","floor":37,"turns":5},{"damage":0,"enemies":"4 Shapes","floor":38,"turns":5},{"damage":58,"enemies":"Giant Head","floor":40,"turns":8}],"seed_played":"2153797471678975404","potions_obtained":[{"floor":1,"key":"Weak Potion"},{"floor":3,"key":"Swift Potion"},{"floor":7,"key":"GamblersBrew"},{"floor":13,"key":"FairyPotion"},{"floor":16,"key":"Dexterity Potion"},{"floor":28,"key":"Weak Potion"},{"floor":30,"key":"LiquidBronze"},{"floor":33,"key":"AttackPotion"}],"is_trial":false,"path_per_floor":["M","M","M","M","M","R","E","R","T","R","M","$","E","T","R","B",null,"M","?","?","M","M","R","E","R","T","M","M","$","M","?","R","B",null,"M","$","M","M","?","E"],"character_chosen":"DEFECT","items_purchased":["Happy Flower","Anchor","Lockon"],"campfire_rested":3,"item_purchase_floors":[12,29,36],"current_hp_per_floor":[67,60,60,49,43,43,33,33,33,55,47,47,49,49,49,21,72,59,59,59,49,43,43,19,45,45,19,19,19,10,10,36,5,68,68,68,43,43,43,0],"gold":108,"neow_bonus":"THREE_RARE_CARDS","is_prod":false,"is_daily":false,"chose_seed":false,"campfire_upgraded":4,"win_rate":0,"timestamp":1567788082,"path_taken":["M","?","M","M","M","R","E","R","T","R","M","$","E","?","R","BOSS","M","?","?","M","M","R","E","R","T","M","M","$","?","?","R","BOSS","M","$","?","M","?","E"],"build_version":"2019-07-17","purchased_purges":2,"victory":false,"max_hp_per_floor":[75,75,75,75,75,75,75,75,75,75,75,75,89,89,89,89,89,89,89,89,89,89,89,89,89,89,89,89,89,89,89,89,89,89,89,89,89,89,89,89],"card_choices":[{"not_picked":["Fission","Seek"],"picked":"Electrodynamics","floor":0},{"not_picked":["White Noise","Streamline","Reprogram"],"picked":"SKIP","floor":1},{"not_picked":["Storm","Compile Driver","Sweeping Beam"],"picked":"SKIP","floor":2},{"not_picked":["Sweeping Beam","Storm","Leap"],"picked":"SKIP","floor":3},{"not_picked":["Leap","Meteor Strike"],"picked":"Steam","floor":4},{"not_picked":["Compile Driver","Streamline"],"picked":"Gash","floor":5},{"not_picked":["Tempest","Turbo"],"picked":"Loop","floor":7},{"not_picked":["Steam","Recycle","Static Discharge"],"picked":"SKIP","floor":11},{"not_picked":["Thunder Strike","Reinforced Body"],"picked":"Coolheaded","floor":13},{"not_picked":["Amplify","Creative AI"],"picked":"Machine Learning","floor":16},{"not_picked":["Beam Cell+1","Cold Snap","Coolheaded"],"picked":"SKIP","floor":18},{"not_picked":["Redo+1","Cold Snap"],"picked":"BootSequence","floor":21},{"not_picked":["Aggregate","Ball Lightning","Cold Snap"],"picked":"SKIP","floor":22},{"not_picked":["Ball Lightning+1","Cold Snap","Stack"],"picked":"SKIP","floor":24},{"not_picked":["Scrape","Sweeping Beam"],"picked":"Defragment","floor":25},{"not_picked":["Rebound","Static Discharge+1","Conserve Battery"],"picked":"SKIP","floor":27},{"not_picked":["Ball Lightning","Turbo"],"picked":"Defragment","floor":28},{"not_picked":["Hello World","Conserve Battery"],"picked":"Streamline+1","floor":30},{"not_picked":["Thunder Strike","All For One"],"picked":"Amplify","floor":33},{"not_picked":["Turbo","Heatsinks"],"picked":"Tempest","floor":35},{"not_picked":["Recycle+1","Self Repair"],"picked":"Streamline+1","floor":37},{"not_picked":["Steam Power+1","Turbo+1"],"picked":"Glacier","floor":38}],"player_experience":135572,"relics_obtained":[{"floor":7,"key":"Omamori"},{"floor":9,"key":"Shuriken"},{"floor":13,"key":"Mango"},{"floor":14,"key":"Art of War"},{"floor":24,"key":"Dream Catcher"},{"floor":26,"key":"Girya"}],"event_choices":[{"damage_healed":0,"gold_gain":0,"player_choice":"Simplicity","damage_taken":0,"max_hp_gain":0,"max_hp_loss":0,"event_name":"Back to Basics","floor":19,"gold_loss":0,"cards_upgraded":["Strike_B","Strike_B","Strike_B","Strike_B","Defend_B","Defend_B","Defend_B","Defend_B"]},{"cards_removed":["Strike_B"],"damage_healed":0,"gold_gain":0,"player_choice":"Purged","damage_taken":0,"max_hp_gain":0,"max_hp_loss":0,"event_name":"Purifier","floor":20,"gold_loss":0},{"damage_healed":0,"gold_gain":0,"player_choice":"Trade","damage_taken":0,"relics_obtained":["CultistMask"],"max_hp_gain":0,"max_hp_loss":0,"event_name":"FaceTrader","floor":31,"gold_loss":0},{"damage_healed":0,"gold_gain":0,"player_choice":"Memory 1","damage_taken":0,"max_hp_gain":0,"max_hp_loss":0,"event_name":"SensoryStone","floor":39,"gold_loss":0}],"is_beta":false,"boss_relics":[{"not_picked":["Black Star","Nuclear Battery"],"picked":"Velvet Choker"},{"not_picked":["Coffee Dripper","Tiny House"],"picked":"Astrolabe"}],"items_purged_floors":[29,36],"is_endless":false,"potions_floor_spawned":[1,3,7,13,16,18,28,30,33],"killed_by":"Giant Head","ascension_level":8}