{"gold_per_floor":[117,117,117,141,157,192,192,205,205,205],"floor_reached":10,"playtime":317,"items_purged":[],"score":136,"play_id":"6f9aea27-fa7a-4a37-b1f6-d40cf59992e0","local_time":"20190901184445","is_ascension_mode":true,"campfire_choices":[{"data":"Feel No Pain","floor":7,"key":"SMITH"}],"neow_cost":"NONE","seed_source_timestamp":29750376434832,"circlet_count":0,"master_deck":["AscendersBane","Strike_R","Strike_R","Strike_R","Strike_R","Strike_R","Defend_R","Defend_R","Defend_R","Defend_R","Bash","Feel No Pain+1","Injury","Dual Wield","Anger","Limit Break","Iron Wave"],"relics":["Burning Blood","NeowsBlessing","Golden Idol","CultistMask","Kunai","Paper Frog"],"potions_floor_usage":[6,10],"damage_taken":[{"damage":0,"enemies":"Cultist","floor":1,"turns":1},{"damage":0,"enemies":"2 Louse","floor":4,"turns":1},{"damage":0,"enemies":"Small Slimes","floor":5,"turns":1},{"damage":33,"enemies":"3 Sentries","floor":6,"turns":14},{"damage":22,"enemies":"Blue Slaver","floor":8,"turns":5},{"damage":45,"enemies":"Lagavulin","floor":10,"turns":7}],"seed_played":"-1665088728648541983","potions_obtained":[{"floor":1,"key":"SkillPotion"},{"floor":4,"key":"FearPotion"}],"is_trial":false,"path_per_floor":["M","?","?","M","M","E","R","M","T","E"],"character_chosen":"IRONCLAD","items_purchased":[],"campfire_rested":0,"item_purchase_floors":[],"current_hp_per_floor":[74,74,74,75,75,48,48,32,32,0],"gold":205,"neow_bonus":"THREE_ENEMY_KILL","is_prod":false,"is_daily":false,"chose_seed":false,"campfire_upgraded":1,"win_rate":0,"timestamp":1567327485,"path_taken":["M","?","?","?","M","E","R","M","T","E"],"build_version":"2019-07-17","purchased_purges":0,"victory":false,"max_hp_per_floor":[75,75,75,75,75,75,75,75,75,75],"card_choices":[{"not_picked":["Iron Wave","Havoc"],"picked":"Feel No Pain","floor":1},{"not_picked":["Warcry","Blood for Blood"],"picked":"Dual Wield","floor":4},{"not_picked":["Searing Blow","Sentinel"],"picked":"Anger","floor":5},{"not_picked":["True Grit","Warcry"],"picked":"Limit Break","floor":6},{"not_picked":["Sword Boomerang","Anger"],"picked":"Iron Wave","floor":8}],"player_experience":1239983,"relics_obtained":[{"floor":6,"key":"Kunai"},{"floor":9,"key":"Paper Frog"}],"event_choices":[{"damage_healed":0,"gold_gain":0,"player_choice":"Take Wound","damage_taken":0,"relics_obtained":["Golden Idol"],"max_hp_gain":0,"max_hp_loss":0,"event_name":"Golden Idol","floor":2,"gold_loss":0,"cards_obtained":["Injury"]},{"damage_healed":0,"gold_gain":0,"player_choice":"Trade","damage_taken":0,"relics_obtained":["CultistMask"],"max_hp_gain":0,"max_hp_loss":0,"event_name":"FaceTrader","floor":3,"gold_loss":0}],"is_beta":false,"boss_relics":[],"items_purged_floors":[],"is_endless":false,"potions_floor_spawned":[1,4],"killed_by":"Lagavulin","ascension_level":20}