{"gold_per_floor":[111,111,129,148,161,161,190,190,190,200,233,56,85,101,101,172,172,189,189,189,201,214,214],"floor_reached":23,"playtime":2281,"items_purged":["Pain"],"score":426,"play_id":"ccd44bc0-198d-4d39-bbda-387b98301ec7","local_time":"20190829110006","is_ascension_mode":true,"campfire_choices":[{"data":"Barrage","floor":6,"key":"SMITH"},{"floor":8,"key":"REST"},{"floor":15,"key":"DIG"}],"neow_cost":"NONE","seed_source_timestamp":19338194013757,"circlet_count":0,"master_deck":["AscendersBane","Strike_B","Strike_B","Strike_B","Strike_B","Defend_B","Defend_B","Defend_B","Defend_B","Zap","Dualcast","Glacier","Loop","Barrage+1","Steam","Static Discharge","Ball Lightning","Heatsinks","Go for the Eyes","Loop","Beam Cell","Core Surge","Compile Driver","Writhe","Auto Shields+1"],"relics":["Cracked Core","WarpedTongs","DataDisk","Pear","Shovel","Bottled Tornado","Smiling Mask","Coffee Dripper","Toxic Egg 2","Turnip"],"potions_floor_usage":[5,7,13,16,21],"damage_taken":[{"damage":8,"enemies":"Small Slimes","floor":1,"turns":4},{"damage":2,"enemies":"Cultist","floor":3,"turns":3},{"damage":9,"enemies":"Jaw Worm","floor":4,"turns":4},{"damage":7,"enemies":"Gremlin Gang","floor":5,"turns":8},{"damage":21,"enemies":"Lagavulin","floor":7,"turns":9},{"damage":4,"enemies":"Blue Slaver","floor":10,"turns":4},{"damage":17,"enemies":"3 Sentries","floor":11,"turns":9},{"damage":24,"enemies":"Gremlin Nob","floor":13,"turns":4},{"damage":0,"enemies":"Large Slime","floor":14,"turns":4},{"damage":9,"enemies":"Hexaghost","floor":16,"turns":10},{"damage":23,"enemies":"2 Thieves","floor":18,"turns":3},{"damage":29,"enemies":"Shell Parasite","floor":21,"turns":4},{"damage":14,"enemies":"Cultist and Chosen","floor":22,"turns":5},{"damage":8,"enemies":"Slavers","floor":23,"turns":1}],"seed_played":"-7673913025220661377","potions_obtained":[{"floor":1,"key":"FearPotion"},{"floor":5,"key":"GamblersBrew"},{"floor":10,"key":"PowerPotion"},{"floor":11,"key":"SpeedPotion"},{"floor":13,"key":"Fire Potion"},{"floor":16,"key":"LiquidBronze"}],"is_trial":false,"path_per_floor":["M","?","M","M","M","R","E","R","T","M","E","$","E","M","R","B",null,"M","?","?","M","M","E"],"character_chosen":"DEFECT","items_purchased":["Go for the Eyes","Loop"],"campfire_rested":1,"item_purchase_floors":[12,12],"current_hp_per_floor":[63,63,61,52,45,45,24,47,57,53,36,36,12,12,12,3,67,44,44,44,15,1,0],"gold":214,"neow_bonus":"TEN_PERCENT_HP_BONUS","is_prod":false,"is_daily":false,"chose_seed":false,"campfire_upgraded":1,"win_rate":0,"timestamp":1567090806,"path_taken":["M","?","M","M","M","R","E","R","T","M","E","$","E","?","R","BOSS","M","?","?","?","M","E"],"build_version":"2019-07-17","purchased_purges":1,"victory":false,"max_hp_per_floor":[78,78,78,78,78,78,78,78,88,88,88,88,88,88,88,88,88,88,88,88,88,88,88],"card_choices":[{"not_picked":["BootSequence","Chaos"],"picked":"Glacier","floor":1},{"not_picked":["Hologram","Gash"],"picked":"Loop","floor":3},{"not_picked":["Force Field","Rebound"],"picked":"Barrage","floor":4},{"not_picked":["Compile Driver","Gash"],"picked":"Steam","floor":5},{"not_picked":["Reboot","Undo"],"picked":"Static Discharge","floor":7},{"not_picked":["Tempest","Turbo"],"picked":"Ball Lightning","floor":10},{"not_picked":["Gash","Tempest"],"picked":"Heatsinks","floor":11},{"not_picked":["Consume","Recycle"],"picked":"Beam Cell","floor":13},{"not_picked":["Leap","Redo","Rebound"],"picked":"SKIP","floor":14},{"not_picked":["Fission","Rainbow"],"picked":"Core Surge","floor":16},{"not_picked":["Static Discharge","Beam Cell"],"picked":"Compile Driver","floor":18},{"not_picked":["Rebound+1","Ball Lightning","Capacitor"],"picked":"SKIP","floor":21},{"not_picked":["Beam Cell","Static Discharge"],"picked":"Auto Shields+1","floor":22}],"player_experience":1893124,"relics_obtained":[{"floor":7,"key":"DataDisk"},{"floor":9,"key":"Pear"},{"floor":11,"key":"Shovel"},{"floor":13,"key":"Bottled Tornado"},{"floor":15,"key":"Smiling Mask"}],"event_choices":[{"damage_healed":0,"gold_gain":0,"player_choice":"Rummage","damage_taken":0,"relics_obtained":["WarpedTongs"],"max_hp_gain":0,"max_hp_loss":0,"event_name":"Accursed Blacksmith","floor":2,"gold_loss":0,"cards_obtained":["Pain"]},{"damage_healed":0,"gold_gain":0,"player_choice":"Opened","damage_taken":0,"relics_obtained":["Toxic Egg 2"],"max_hp_gain":0,"max_hp_loss":0,"event_name":"The Mausoleum","floor":19,"gold_loss":0,"cards_obtained":["Writhe"]},{"damage_healed":0,"gold_gain":0,"player_choice":"Gave Potion","damage_taken":0,"relics_obtained":["Turnip"],"max_hp_gain":0,"max_hp_loss":0,"event_name":"WeMeetAgain","floor":20,"gold_loss":0}],"is_beta":false,"boss_relics":[{"not_picked":["Astrolabe","Busted Crown"],"picked":"Coffee Dripper"}],"items_purged_floors":[12],"is_endless":false,"potions_floor_spawned":[1,5,10,11,13,16],"killed_by":"Slavers","ascension_level":20}