{"path_per_floor":["M","M","M","$","?","E","M","R","T","R","?","M","M","E","R"],"character_chosen":"IRONCLAD","items_purchased":["Double Tap"],"gold_per_floor":[149,163,181,17,17,49,64,64,91,91,91,107,126,157,157,157],"floor_reached":16,"campfire_rested":2,"playtime":617,"current_hp_per_floor":[71,63,62,62,62,57,50,50,50,75,75,75,69,24,47,0],"items_purged":[],"gold":157,"score":129,"play_id":"a0fa3d12-16d0-4c49-84f5-b40b5e873db5","local_time":"20180404011435","is_prod":false,"is_daily":false,"is_ascension_mode":true,"campfire_upgraded":1,"timestamp":1522818875,"path_taken":["M","M","M","$","?","E","M","R","T","R","?","?","M","E","R","BOSS"],"build_version":"2018-03-29v2","purchased_purges":0,"victory":false,"master_deck":["Strike_R","Strike_R","Strike_R","Strike_R+1","Strike_R","Defend_R","Defend_R","Defend_R","Defend_R","Bash","Corruption","Shrug It Off","Armaments","Clash","Double Tap+1","Sentinel","Dual Wield","Shrug It Off","Reaper","True Grit"],"max_hp_per_floor":[85,85,85,85,85,85,85,85,85,85,79,79,79,79,79,79],"relics":["Tiny House","Mercury Hourglass","Ancient Tea Set","Golden Idol","Ginger"],"card_choices":[{"not_picked":["Burning Pact","Intimidate"],"picked":"Corruption","floor":0},{"not_picked":["Perfected Strike","Evolve"],"picked":"Shrug It Off","floor":1},{"not_picked":["Twin Strike","Rage"],"picked":"Armaments","floor":2},{"not_picked":["Corruption","Metallicize"],"picked":"Clash","floor":3},{"not_picked":["Dropkick","Warcry"],"picked":"Sentinel","floor":6},{"not_picked":["Twin Strike","Blood for Blood"],"picked":"Dual Wield","floor":7},{"not_picked":["Twin Strike","Iron Wave"],"picked":"Shrug It Off","floor":12},{"not_picked":["Body Slam","Thunderclap"],"picked":"Reaper","floor":13},{"not_picked":["Combust","Dropkick"],"picked":"True Grit","floor":14}],"player_experience":168156,"potions_floor_usage":[6,12,16,16],"damage_taken":[{"damage":14,"enemies":"Jaw Worm","floor":1,"turns":3},{"damage":8,"enemies":"Small Slimes","floor":2,"turns":4},{"damage":1,"enemies":"Cultist","floor":3,"turns":3},{"damage":5,"enemies":"Gremlin Nob","floor":6,"turns":4},{"damage":7,"enemies":"Gremlin Gang","floor":7,"turns":3},{"damage":0,"enemies":"Large Slime","floor":12,"turns":3},{"damage":6,"enemies":"Red Slaver","floor":13,"turns":3},{"damage":45,"enemies":"Lagavulin","floor":14,"turns":6},{"damage":54,"enemies":"Hexaghost","floor":16,"turns":9}],"event_choices":[{"event_name":"The Cleric","player_choice":"Leave","floor":5,"damage_taken":0},{"event_name":"Golden Idol","player_choice":"Lose Max HP","floor":11,"damage_taken":0}],"boss_relics":[],"potions_floor_spawned":[1,2,12],"seed_played":"7536142999463948858","killed_by":"Hexaghost","ascension_level":3,"is_trial":false}