{"gold_per_floor":[112,112,112,132,143,175,175,188,215,228,243,243,274,287,287,388,388,398,398,398,306,323,323,341,124,124,140,140],"floor_reached":28,"playtime":4282,"items_purged":[],"score":232,"play_id":"24610277-9370-4699-90c3-f98598900ecf","local_time":"20190709182643","is_ascension_mode":false,"campfire_choices":[{"floor":7,"key":"REST"},{"floor":12,"key":"REST"},{"floor":15,"key":"REST"},{"floor":23,"key":"REST"}],"neow_cost":"NONE","seed_source_timestamp":20733842391692,"circlet_count":0,"master_deck":["Strike_B+1","Strike_B+1","Strike_B+1","Strike_B+1","Defend_B+1","Defend_B+1","Defend_B+1","Defend_B+1","Zap","Dualcast+1","Doom and Gloom","Coolheaded","Stack","Melter","Go for the Eyes","Chaos+1","Conserve Battery","Fusion","Loop","Multi-Cast","Redo","Barrage","Doom and Gloom","Defragment","Ball Lightning","Reinforced Body","Storm"],"relics":["Cracked Core","NeowsBlessing","Strawberry","Regal Pillow","PreservedInsect","Eternal Feather","War Paint","Kunai"],"potions_floor_usage":[14,16,16,22,24,28],"damage_taken":[{"damage":0,"enemies":"Small Slimes","floor":1,"turns":1},{"damage":0,"enemies":"2 Louse","floor":4,"turns":1},{"damage":0,"enemies":"Jaw Worm","floor":5,"turns":1},{"damage":43,"enemies":"Lagavulin","floor":6,"turns":11},{"damage":3,"enemies":"Large Slime","floor":8,"turns":5},{"damage":0,"enemies":"Looter","floor":10,"turns":3},{"damage":5,"enemies":"3 Louse","floor":11,"turns":2},{"damage":15,"enemies":"3 Sentries","floor":13,"turns":6},{"damage":20,"enemies":"Gremlin Gang","floor":14,"turns":2},{"damage":60,"enemies":"Slime Boss","floor":16,"turns":11},{"damage":17,"enemies":"Chosen","floor":18,"turns":5},{"damage":18,"enemies":"3 Byrds","floor":22,"turns":5},{"damage":43,"enemies":"3 Cultists","floor":24,"turns":5},{"damage":36,"enemies":"Snake Plant","floor":27,"turns":5},{"damage":16,"enemies":"Sentry and Sphere","floor":28,"turns":2}],"seed_played":"-3488936933880951887","potions_obtained":[{"floor":1,"key":"FocusPotion"},{"floor":11,"key":"Swift Potion"},{"floor":13,"key":"Explosive Potion"},{"floor":14,"key":"EssenceOfSteel"},{"floor":18,"key":"EssenceOfSteel"},{"floor":27,"key":"Regen Potion"}],"is_trial":false,"path_per_floor":["M","?","?","M","M","E","R","M","T","M","M","R","E","M","R","B",null,"M","?","?","$","M","R","M","$","T","M","M"],"character_chosen":"DEFECT","items_purchased":["Barrage","Doom and Gloom","War Paint","Reinforced Body"],"campfire_rested":4,"item_purchase_floors":[21,21,25,25],"current_hp_per_floor":[75,60,60,60,60,24,48,45,45,45,40,79,64,44,82,22,82,65,65,65,65,47,82,39,39,39,3,0],"gold":140,"neow_bonus":"THREE_ENEMY_KILL","is_prod":false,"is_daily":false,"chose_seed":false,"campfire_upgraded":0,"win_rate":0.0,"timestamp":1562693203,"path_taken":["M","?","?","M","M","E","R","M","T","M","M","R","E","M","R","BOSS","M","?","?","$","M","R","M","?","T","M","M"],"build_version":"2019-07-05","purchased_purges":0,"victory":false,"max_hp_per_floor":[75,75,75,75,75,82,82,82,82,82,82,82,82,82,82,82,82,82,82,82,82,82,82,82,82,82,82,82],"card_choices":[{"not_picked":["Barrage","Go for the Eyes"],"picked":"Doom and Gloom","floor":1},{"not_picked":["Barrage","Compile Driver"],"picked":"Coolheaded","floor":4},{"not_picked":["Coolheaded","Double Energy"],"picked":"Stack","floor":5},{"not_picked":["Sweeping Beam","Cold Snap"],"picked":"Melter","floor":6},{"not_picked":["Genetic Algorithm","Hologram"],"picked":"Go for the Eyes","floor":8},{"not_picked":["Ball Lightning","Reprogram"],"picked":"Chaos","floor":10},{"not_picked":["Cold Snap","Barrage"],"picked":"Conserve Battery","floor":11},{"not_picked":["Glacier","Thunder Strike"],"picked":"Fusion","floor":13},{"not_picked":["Coolheaded","Hologram"],"picked":"Loop","floor":14},{"not_picked":["Creative AI","Rainbow"],"picked":"Multi-Cast","floor":16},{"not_picked":["Conserve Battery","Sweeping Beam"],"picked":"Redo","floor":18},{"not_picked":["Conserve Battery","Blizzard"],"picked":"Defragment","floor":22},{"not_picked":["Steam","Rip and Tear+1"],"picked":"Ball Lightning","floor":24},{"not_picked":["Compile Driver","Hologram"],"picked":"Storm","floor":27}],"player_experience":10645,"relics_obtained":[{"floor":6,"key":"Strawberry"},{"floor":9,"key":"Regal Pillow"},{"floor":13,"key":"PreservedInsect"},{"floor":26,"key":"Kunai"}],"event_choices":[{"damage_healed":0,"gold_gain":0,"player_choice":"Entered Light","damage_taken":15,"max_hp_gain":0,"max_hp_loss":0,"event_name":"Shining Light","floor":2,"gold_loss":0,"cards_upgraded":["Strike_B","Strike_B"]},{"damage_healed":0,"gold_gain":0,"player_choice":"Ignored","damage_taken":0,"max_hp_gain":0,"max_hp_loss":0,"event_name":"Liars Game","floor":3,"gold_loss":0},{"damage_healed":0,"gold_gain":0,"player_choice":"Simplicity","damage_taken":0,"max_hp_gain":0,"max_hp_loss":0,"event_name":"Back to Basics","floor":19,"gold_loss":0,"cards_upgraded":["Strike_B","Strike_B","Defend_B","Defend_B","Defend_B","Defend_B"]},{"damage_healed":0,"gold_gain":0,"player_choice":"Ignored","damage_taken":0,"max_hp_gain":0,"max_hp_loss":0,"event_name":"Vampires","floor":20,"gold_loss":0}],"is_beta":false,"boss_relics":[{"not_picked":["Runic Dome","Runic Pyramid"],"picked":"Eternal Feather"}],"items_purged_floors":[],"is_endless":false,"potions_floor_spawned":[1,11,13,14,18,27],"killed_by":"Sentry and Sphere","ascension_level":0}