{"path_per_floor":["M","?","M","M","M","M","E","R","T","E","M","$","M","$","R","B",null,"M","?","M","M","?"],"character_chosen":"IRONCLAD","items_purchased":["Armaments","Fire Breathing","Ancient Tea Set","Pommel Strike"],"gold_per_floor":[114,114,125,136,154,171,199,199,199,231,246,220,240,11,11,107,107,126,126,139,151,76],"floor_reached":23,"campfire_rested":0,"playtime":1267,"current_hp_per_floor":[68,54,60,66,68,72,64,64,64,60,65,65,61,61,61,31,72,68,68,61,47,47],"items_purged":[],"gold":76,"score":205,"play_id":"d31ac7dd-467c-4c61-a263-77ddb7312da2","local_time":"20180321030817","is_prod":false,"is_daily":false,"is_ascension_mode":false,"campfire_upgraded":2,"timestamp":1521616097,"path_taken":["M","?","M","M","M","M","E","R","T","E","M","$","M","$","R","BOSS","M","?","M","M","?","E"],"build_version":"2018-03-15v3","purchased_purges":0,"victory":false,"master_deck":["Strike_R","Strike_R","Strike_R","Strike_R+1","Defend_R","Defend_R","Bash","Whirlwind","Perfected Strike+1","Ghostly Armor","Pommel Strike","Pommel Strike","Corruption+1","Wild Strike","Flex","Impervious","Dual Wield","Armaments+1","Fire Breathing+1","Pommel Strike","Juggernaut+1","Sword Boomerang+1","Double Tap"],"max_hp_per_floor":[72,72,72,72,72,72,72,72,72,72,72,72,72,72,72,72,72,72,72,72,72,72],"relics":["Burning Blood","Dodecahedron","Torii","Frozen Egg 2","Black Star","Nloth\u0027s Gift"],"card_choices":[{"not_picked":["Second Wind","Blood for Blood"],"picked":"Ghostly Armor"},{"not_picked":["Twin Strike","Dark Embrace"],"picked":"Pommel Strike"},{"not_picked":["Body Slam","Searing Blow"],"picked":"Pommel Strike"},{"not_picked":["Iron Wave","Heavy Blade"],"picked":"Corruption"},{"not_picked":["Warcry","Headbutt"],"picked":"Wild Strike"},{"not_picked":["Havoc","Metallicize"],"picked":"Flex"},{"not_picked":["Shrug It Off","Headbutt"],"picked":"Impervious"},{"not_picked":["Warcry","Havoc"],"picked":"Dual Wield"},{"not_picked":["Barricade","Bludgeon"],"picked":"Juggernaut"},{"not_picked":["Blood for Blood","Ghostly Armor"],"picked":"Sword Boomerang"},{"not_picked":["Anger","Shrug It Off"],"picked":"Double Tap"}],"player_experience":49871,"potions_floor_usage":[16,16,18,18,23],"damage_taken":[{"damage":10,"enemies":"Small Slimes","floor":1,"turns":2},{"damage":0,"enemies":"2 Louse","floor":3,"turns":2},{"damage":0,"enemies":"Cultist","floor":4,"turns":2},{"damage":4,"enemies":"Blue Slaver","floor":5,"turns":3},{"damage":0,"enemies":"Large Slime","floor":6,"turns":4},{"damage":14,"enemies":"Gremlin Nob","floor":7,"turns":3},{"damage":10,"enemies":"3 Sentries","floor":10,"turns":6},{"damage":1,"enemies":"Exordium Wildlife","floor":11,"turns":3},{"damage":10,"enemies":"Looter","floor":13,"turns":3},{"damage":36,"enemies":"Hexaghost","floor":16,"turns":10},{"damage":10,"enemies":"Spheric Guardian","floor":18,"turns":3},{"damage":13,"enemies":"3 Byrds","floor":20,"turns":6},{"damage":20,"enemies":"3 Cultists","floor":21,"turns":5},{"damage":49,"enemies":"Gremlin Leader","floor":23,"turns":4}],"event_choices":[{"event_name":"Shining Light","player_choice":"Entered Light","floor":2,"damage_taken":0},{"event_name":"N\u0027loth","player_choice":"Traded a Ancient Tea Set","floor":19,"damage_taken":0},{"event_name":"Beggar","player_choice":"Gave Gold","floor":22,"damage_taken":0}],"boss_relics":[{"not_picked":["Ectoplasm","Sozu"],"picked":"Black Star"}],"potions_floor_spawned":[1,5,10,13,16,20,21],"seed_played":"-2995455857599248129","killed_by":"Gremlin Leader","ascension_level":0,"is_trial":false}