{"gold_per_floor":[14,14,33,33,52,77,93,118,118,193,210,223,223,243,243,348,348,359,359,379,406,406,440,194,194,194,0,0,30,50,80,80,80],"floor_reached":33,"playtime":2938,"items_purged":["Strike_B","Strike_B"],"score":315,"play_id":"5c15f199-ccd7-4bdd-bbd5-77553d3727d9","local_time":"20190910142704","is_ascension_mode":false,"campfire_choices":[{"data":"Zap","floor":13,"key":"SMITH"},{"floor":15,"key":"REST"},{"floor":25,"key":"REST"},{"data":"Go for the Eyes","floor":28,"key":"SMITH"},{"data":"Buffer","floor":32,"key":"SMITH"}],"neow_cost":"NO_GOLD","seed_source_timestamp":157017334352800,"circlet_count":0,"master_deck":["Defend_B","Defend_B","Defend_B","Defend_B+1","Zap+1","Dualcast","Barrage","Ball Lightning","Lockon","Coolheaded","Capacitor","Conserve Battery+1","Streamline","Cold Snap","Go for the Eyes+1","Buffer+1","Cold Snap+1","Self Repair+1","Undo+1","Redo","Ball Lightning","Conserve Battery","Conserve Battery"],"relics":["Cracked Core","Art of War","Pen Nib","The Courier","Sozu","Red Mask","Torii","PreservedInsect","Centennial Puzzle","War Paint","Potion Belt","Ginger"],"potions_floor_usage":[],"damage_taken":[{"damage":0,"enemies":"2 Louse","floor":1,"turns":2},{"damage":0,"enemies":"Cultist","floor":3,"turns":2},{"damage":1,"enemies":"Jaw Worm","floor":5,"turns":2},{"damage":16,"enemies":"Gremlin Nob","floor":6,"turns":3},{"damage":11,"enemies":"3 Louse","floor":7,"turns":4},{"damage":18,"enemies":"Lagavulin","floor":8,"turns":5},{"damage":0,"enemies":"Looter","floor":11,"turns":3},{"damage":2,"enemies":"Blue Slaver","floor":12,"turns":3},{"damage":15,"enemies":"Gremlin Gang","floor":14,"turns":4},{"damage":24,"enemies":"Hexaghost","floor":16,"turns":9},{"damage":10,"enemies":"3 Byrds","floor":18,"turns":5},{"damage":6,"enemies":"Chosen","floor":20,"turns":3},{"damage":55,"enemies":"Masked Bandits","floor":21,"turns":7},{"damage":17,"enemies":"Book of Stabbing","floor":23,"turns":7},{"damage":10,"enemies":"Slavers","floor":29,"turns":6},{"damage":1,"enemies":"Snake Plant","floor":30,"turns":4},{"damage":17,"enemies":"Gremlin Leader","floor":31,"turns":6},{"damage":64,"enemies":"Champ","floor":33,"turns":12}],"seed_played":"-1533613759480880827","potions_obtained":[{"floor":6,"key":"Energy Potion"},{"floor":8,"key":"Regen Potion"},{"floor":14,"key":"Swift Potion"},{"floor":16,"key":"Block Potion"}],"is_trial":false,"path_per_floor":["M","?","M","?","M","E","M","E","T","?","M","M","R","M","R","B",null,"M","?","M","?","T","E","$","R","T","$","R","E","M","E","R","B"],"character_chosen":"DEFECT","items_purchased":["PreservedInsect","Ball Lightning","Conserve Battery","War Paint"],"campfire_rested":2,"item_purchase_floors":[24,24,24,27],"current_hp_per_floor":[89,89,89,89,88,72,61,43,43,32,32,30,30,15,41,17,89,79,79,73,28,28,21,21,47,47,47,47,47,56,49,49,0],"gold":80,"neow_bonus":"TWENTY_PERCENT_HP_BONUS","is_prod":false,"is_daily":false,"chose_seed":false,"campfire_upgraded":3,"win_rate":0,"timestamp":1568122024,"path_taken":["M","?","?","?","?","E","M","E","T","?","M","M","R","M","R","BOSS","M","?","M","?","?","E","$","R","T","$","R","E","M","E","R","BOSS"],"build_version":"2019-07-17","purchased_purges":2,"victory":false,"max_hp_per_floor":[89,89,89,89,89,89,89,89,89,89,89,89,89,89,89,89,89,89,89,89,89,89,89,89,89,89,89,89,89,89,89,89,89],"card_choices":[{"not_picked":["Rebound","Scrape"],"picked":"Barrage","floor":1},{"not_picked":["Conserve Battery","Sweeping Beam"],"picked":"Ball Lightning","floor":3},{"not_picked":["Gash","Storm"],"picked":"Lockon","floor":5},{"not_picked":["Beam Cell","Double Energy"],"picked":"Coolheaded","floor":6},{"not_picked":["Stack","Steam"],"picked":"Capacitor","floor":7},{"not_picked":["Sweeping Beam","Ball Lightning"],"picked":"Conserve Battery","floor":8},{"not_picked":["Reprogram","Sunder"],"picked":"Streamline","floor":11},{"not_picked":["Sweeping Beam","Seek"],"picked":"Cold Snap","floor":12},{"not_picked":["Cold Snap","Rebound"],"picked":"Go for the Eyes","floor":14},{"not_picked":["Fission","All For One"],"picked":"Buffer","floor":16},{"not_picked":["Fusion","Genetic Algorithm"],"picked":"Cold Snap+1","floor":18},{"not_picked":["Redo","Go for the Eyes"],"picked":"Self Repair+1","floor":20},{"not_picked":["Steam Power","Sweeping Beam"],"picked":"Undo+1","floor":21},{"not_picked":["Beam Cell+1","Rip and Tear+1"],"picked":"Redo","floor":23},{"not_picked":["Sunder","Rip and Tear+1","Go for the Eyes"],"picked":"SKIP","floor":29},{"not_picked":["Hologram","Fusion"],"picked":"Conserve Battery","floor":30},{"not_picked":["Rainbow","Chaos","Scrape"],"picked":"SKIP","floor":31}],"player_experience":154210,"relics_obtained":[{"floor":6,"key":"Art of War"},{"floor":8,"key":"Pen Nib"},{"floor":9,"key":"The Courier"},{"floor":21,"key":"Red Mask"},{"floor":23,"key":"Torii"},{"floor":26,"key":"Centennial Puzzle"},{"floor":29,"key":"Potion Belt"},{"floor":31,"key":"Ginger"}],"event_choices":[{"cards_removed":["Strike_B"],"damage_healed":0,"gold_gain":0,"player_choice":"Card Removal","damage_taken":0,"max_hp_gain":0,"max_hp_loss":0,"event_name":"Wheel of Change","floor":2,"gold_loss":0},{"cards_removed":["Strike_B"],"damage_healed":0,"gold_gain":0,"player_choice":"Offered Basic","damage_taken":0,"max_hp_gain":0,"max_hp_loss":0,"event_name":"Bonfire Elementals","floor":4,"gold_loss":0},{"damage_healed":0,"gold_gain":75,"player_choice":"Gather Gold","damage_taken":11,"max_hp_gain":0,"max_hp_loss":0,"event_name":"World of Goop","floor":10,"gold_loss":0},{"damage_healed":0,"gold_gain":0,"player_choice":"Ignored","damage_taken":0,"max_hp_gain":0,"max_hp_loss":0,"event_name":"The Mausoleum","floor":19,"gold_loss":0},{"damage_healed":0,"gold_gain":0,"player_choice":"Fought Bandits","damage_taken":0,"max_hp_gain":0,"max_hp_loss":0,"event_name":"Masked Bandits","floor":21,"gold_loss":0}],"is_beta":false,"boss_relics":[{"not_picked":["Velvet Choker","White Beast Statue"],"picked":"Sozu"}],"items_purged_floors":[24,27],"is_endless":false,"potions_floor_spawned":[6,8,14,16,21,23,29,30],"killed_by":"Champ","ascension_level":0}