{"gold_per_floor":[111,123,135,135,147,160,160,13,39,70,70,70,245,245,245,245],"floor_reached":16,"playtime":632,"items_purged":[],"score":115,"play_id":"2ff7142b-034f-458e-bed0-0c3b7e668fee","local_time":"20190429184222","is_ascension_mode":true,"campfire_choices":[{"floor":7,"key":"REST"},{"floor":11,"key":"REST"},{"floor":15,"key":"REST"}],"neow_cost":"CURSE","seed_source_timestamp":3636761801582,"circlet_count":0,"master_deck":["Strike_B","Strike_B","Strike_B","Strike_B","Defend_B","Defend_B","Defend_B","Defend_B","Zap","Dualcast","Machine Learning","BootSequence","Glacier","Redo","Go for the Eyes","Sweeping Beam","Undo"],"relics":["Cracked Core","Centennial Puzzle","Anchor","Ancient Tea Set","Orichalcum"],"potions_floor_usage":[10,16],"damage_taken":[{"damage":0,"enemies":"Small Slimes","floor":1,"turns":3},{"damage":6,"enemies":"Jaw Worm","floor":2,"turns":4},{"damage":0,"enemies":"2 Louse","floor":3,"turns":2},{"damage":9,"enemies":"Exordium Wildlife","floor":5,"turns":7},{"damage":2,"enemies":"Blue Slaver","floor":6,"turns":4},{"damage":20,"enemies":"Gremlin Nob","floor":10,"turns":4},{"damage":66,"enemies":"Hexaghost","floor":16,"turns":16}],"seed_played":"-6553453981734030954","potions_obtained":[{"floor":3,"key":"Fire Potion"},{"floor":5,"key":"PowerPotion"}],"is_trial":false,"path_per_floor":["M","M","M","?","M","M","R","$","T","E","R","?","?","?","R","B"],"character_chosen":"DEFECT","items_purchased":["Anchor"],"campfire_rested":3,"item_purchase_floors":[8],"current_hp_per_floor":[75,69,69,36,27,25,47,47,47,27,49,49,49,42,64,0],"gold":245,"neow_bonus":"THREE_RARE_CARDS","is_prod":false,"is_daily":false,"chose_seed":false,"campfire_upgraded":0,"win_rate":0,"timestamp":1556527342,"path_taken":["M","M","M","?","M","M","R","$","T","E","R","?","?","?","R","BOSS"],"build_version":"2019-01-23","purchased_purges":0,"victory":false,"max_hp_per_floor":[75,75,75,75,75,75,75,75,75,75,75,75,75,75,75,75],"card_choices":[{"not_picked":["Reboot","Hyperbeam"],"picked":"Machine Learning","floor":0},{"not_picked":["Cold Snap","Leap"],"picked":"BootSequence","floor":1},{"not_picked":["Rip and Tear","Chill"],"picked":"Glacier","floor":2},{"not_picked":["Storm","Reprogram"],"picked":"Redo","floor":3},{"not_picked":["Coolheaded","Beam Cell"],"picked":"Go for the Eyes","floor":5},{"not_picked":["Coolheaded","Double Energy"],"picked":"Sweeping Beam","floor":6},{"not_picked":["Machine Learning","Gash"],"picked":"Undo","floor":10}],"player_experience":511032,"relics_obtained":[{"floor":9,"key":"Ancient Tea Set"},{"floor":10,"key":"Orichalcum"}],"event_choices":[{"damage_healed":0,"gold_gain":0,"player_choice":"Success","damage_taken":33,"relics_obtained":["Centennial Puzzle"],"max_hp_gain":0,"max_hp_loss":0,"event_name":"Scrap Ooze","floor":4,"gold_loss":0},{"cards_removed":["Shame"],"damage_healed":0,"gold_gain":0,"player_choice":"Forget","damage_taken":0,"max_hp_gain":0,"max_hp_loss":0,"event_name":"Living Wall","floor":12,"gold_loss":0},{"damage_healed":0,"gold_gain":175,"player_choice":"AGREE","damage_taken":0,"max_hp_gain":0,"max_hp_loss":0,"event_name":"Liars Game","floor":13,"gold_loss":0,"cards_obtained":["Doubt"]},{"cards_removed":["Doubt"],"damage_healed":0,"gold_gain":0,"player_choice":"Card Removal","damage_taken":7,"max_hp_gain":0,"max_hp_loss":0,"event_name":"Golden Wing","floor":14,"gold_loss":0}],"is_beta":false,"boss_relics":[],"items_purged_floors":[],"is_endless":false,"potions_floor_spawned":[3,5],"killed_by":"Hexaghost","ascension_level":3}