{"gold_per_floor":[109,109,109,124,124,124,149,161,184,184,61,76,109,121,121,121],"floor_reached":16,"playtime":546,"items_purged":["Strike_G"],"score":216,"play_id":"b52e3015-5099-4164-b705-37a186d04663","local_time":"20181209225912","is_ascension_mode":true,"campfire_choices":[{"data":"Neutralize","floor":6,"key":"SMITH"},{"floor":10,"key":"RECALL"},{"floor":15,"key":"REST"}],"neow_cost":"NONE","seed_source_timestamp":510205221709891,"circlet_count":0,"master_deck":["AscendersBane","Defend_G","Defend_G","Defend_G","Defend_G","Defend_G","Strike_G","Strike_G","Strike_G","Strike_G","Survivor","Neutralize+1","Choke+1","Flying Knee","Footwork","Underhanded Strike","Flechettes","Deflect"],"relics":["Ring of the Snake","NeowsBlessing","Happy Flower","Centennial Puzzle","Smiling Mask"],"potions_floor_usage":[13,13,16],"damage_taken":[{"damage":0,"enemies":"Jaw Worm","floor":1,"turns":1},{"damage":0,"enemies":"Small Slimes","floor":4,"turns":1},{"damage":0,"enemies":"3 Sentries","floor":7,"turns":1},{"damage":0,"enemies":"Cultist","floor":8,"turns":3},{"damage":1,"enemies":"3 Louse","floor":12,"turns":3},{"damage":23,"enemies":"Lagavulin","floor":13,"turns":5},{"damage":10,"enemies":"Exordium Wildlife","floor":14,"turns":5},{"damage":55,"enemies":"Hexaghost","floor":16,"turns":15}],"seed_played":"-7322274706462508873","potions_obtained":[{"floor":1,"key":"SneckoOil"},{"floor":7,"key":"AttackPotion"},{"floor":13,"key":"GhostInAJar"}],"is_trial":false,"path_per_floor":["M","?","?","M","?","R","E","M","T","R","$","M","E","M","R","B"],"character_chosen":"THE_SILENT","items_purchased":["Underhanded Strike"],"campfire_rested":1,"item_purchase_floors":[11],"current_hp_per_floor":[63,63,63,63,63,63,63,63,63,63,63,62,39,29,50,0],"gold":121,"neow_bonus":"THREE_ENEMY_KILL","is_prod":false,"is_daily":false,"chose_seed":false,"campfire_upgraded":1,"win_rate":0,"timestamp":1544414352,"path_taken":["M","?","?","?","?","R","E","M","T","R","?","M","E","M","R","BOSS"],"build_version":"2018-12-06","purchased_purges":1,"victory":false,"max_hp_per_floor":[70,70,70,70,70,70,70,70,70,70,70,70,70,70,70,70],"card_choices":[{"not_picked":["Deadly Poison","Prepared"],"picked":"Choke","floor":1},{"not_picked":["Dagger Spray","Crippling Poison"],"picked":"Flying Knee","floor":4},{"not_picked":["Bullet Time","Deflect"],"picked":"Footwork","floor":7},{"not_picked":["Noxious Fumes","Sucker Punch","Flying Knee"],"picked":"SKIP","floor":8},{"not_picked":["Footwork","Skewer"],"picked":"Flechettes","floor":12},{"not_picked":["Bouncing Flask","Dagger Spray","Choke"],"picked":"SKIP","floor":13},{"not_picked":["Outmaneuver","Flying Knee"],"picked":"Deflect","floor":14}],"player_experience":848777,"relics_obtained":[{"floor":7,"key":"Centennial Puzzle"},{"floor":13,"key":"Smiling Mask"}],"event_choices":[{"damage_healed":0,"gold_gain":0,"player_choice":"Box","damage_taken":0,"relics_obtained":["Happy Flower"],"max_hp_gain":0,"max_hp_loss":0,"event_name":"Big Fish","floor":2,"gold_loss":0,"cards_obtained":["Regret"]},{"cards_removed":["Regret"],"damage_healed":0,"gold_gain":0,"player_choice":"Removed Curses","damage_taken":0,"max_hp_gain":0,"max_hp_loss":0,"event_name":"Fountain of Cleansing","floor":3,"gold_loss":0},{"damage_healed":0,"gold_gain":0,"player_choice":"Grow","damage_taken":0,"max_hp_gain":0,"max_hp_loss":0,"event_name":"Living Wall","floor":5,"gold_loss":0,"cards_upgraded":["Choke"]}],"is_beta":false,"boss_relics":[],"items_purged_floors":[11],"is_endless":false,"potions_floor_spawned":[1,7,12,13],"killed_by":"Hexaghost","ascension_level":12}