{"gold_per_floor":[115,129,147,72,91,91,106,139,139,159,169,204,204,225,225,321,321,334,20,20,36,36,72,72,137,213,213,253,48,48,48,48,48],"floor_reached":33,"playtime":2883,"items_purged":[],"score":676,"play_id":"b90c1596-822c-479c-b34c-26dd758b6806","local_time":"20190507114032","is_ascension_mode":true,"campfire_choices":[{"data":"Neutralize","floor":6.0,"key":"SMITH"},{"data":"Finisher","floor":15.0,"key":"SMITH"},{"floor":24.0,"key":"REST"},{"floor":27.0,"key":"REST"},{"floor":32,"key":"REST"}],"neow_cost":"TEN_PERCENT_HP_LOSS","seed_source_timestamp":1125785038614934,"circlet_count":0,"master_deck":["AscendersBane","Defend_G","Defend_G","Defend_G","Defend_G","Defend_G","Strike_G","Strike_G","Survivor","Neutralize+1","Dagger Throw","Finisher+1","Deadly Poison","Backstab","Leg Sweep+1","Dagger Throw","Deflect","Poisoned Stab","Dagger Spray","After Image","Tactician+1","Cloak And Dagger+1","Calculated Gamble","Dagger Throw","Underhanded Strike","Doppelganger","Noxious Fumes","All Out Attack","Heel Hook"],"special_seed":0,"relics":["Ring of the Snake","Pocketwatch","Tough Bandages","Oddly Smooth Stone","Odd Mushroom","Bag of Marbles","Golden Idol","Black Star","Tingsha","Letter Opener","Juzu Bracelet","Tiny Chest","Gremlin Horn","Shuriken","PreservedInsect","Calipers","War Paint"],"potions_floor_usage":[33],"damage_taken":[{"damage":0.0,"enemies":"2 Louse","floor":1.0,"turns":4.0},{"damage":0.0,"enemies":"Small Slimes","floor":2.0,"turns":4.0},{"damage":2.0,"enemies":"Jaw Worm","floor":3.0,"turns":3.0},{"damage":15.0,"enemies":"3 Louse","floor":5.0,"turns":4.0},{"damage":4.0,"enemies":"Large Slime","floor":7.0,"turns":4.0},{"damage":2.0,"enemies":"Gremlin Nob","floor":8.0,"turns":3.0},{"damage":0.0,"enemies":"The Mushroom Lair","floor":10.0,"turns":4.0},{"damage":5.0,"enemies":"Gremlin Gang","floor":11.0,"turns":3.0},{"damage":0.0,"enemies":"3 Sentries","floor":12.0,"turns":7.0},{"damage":0.0,"enemies":"Looter","floor":14.0,"turns":2.0},{"damage":22.0,"enemies":"Hexaghost","floor":16.0,"turns":10.0},{"damage":0.0,"enemies":"3 Byrds","floor":18.0,"turns":5.0},{"damage":0.0,"enemies":"2 Thieves","floor":21.0,"turns":3.0},{"damage":19.0,"enemies":"Slavers","floor":23.0,"turns":6.0},{"damage":19.0,"enemies":"Gremlin Leader","floor":25.0,"turns":9.0},{"damage":35.0,"enemies":"Slavers","floor":28.0,"turns":5.0},{"damage":30,"enemies":"Collector","floor":33,"turns":8}],"seed_played":"-639263567110015248","potions_obtained":[{"floor":5.0,"key":"Dexterity Potion"},{"floor":7.0,"key":"SkillPotion"},{"floor":8.0,"key":"Ancient Potion"},{"floor":14.0,"key":"EntropicBrew"},{"floor":23.0,"key":"Weak Potion"},{"floor":28.0,"key":"Block Potion"}],"is_trial":false,"path_per_floor":["M","M","M","?","M","R","M","E","T","?","M","E","?","M","R","B",null,"M","$","?","M","?","E","R","E","T","R","E","$","?","?","R","B"],"character_chosen":"THE_SILENT","items_purchased":["Tingsha","Noxious Fumes","War Paint"],"campfire_rested":3,"item_purchase_floors":[19,29,29],"current_hp_per_floor":[59,59,57,57,42,42,38,36,36,36,31,31,31,31,31,24,47,47,47,47,47,47,28,44,25,25,41,6,6,6,6,22,0],"gold":48,"neow_bonus":"ONE_RARE_RELIC","is_prod":false,"is_daily":false,"chose_seed":false,"campfire_upgraded":2,"win_rate":0,"timestamp":1557243632,"path_taken":["M","M","M","?","M","R","M","E","T","?","M","E","?","M","R","BOSS","M","$","?","M","?","E","R","E","T","R","E","$","?","?","R","BOSS"],"build_version":"2019-01-23","purchased_purges":0,"victory":false,"max_hp_per_floor":[60,60,60,60,60,60,60,60,60,60,60,60,54,54,54,54,54,54,54,54,54,54,54,54,54,54,54,54,54,54,54,54,54],"card_choices":[{"not_picked":["PiercingWail","Infinite Blades"],"picked":"Dagger Throw","floor":1.0},{"not_picked":["Blur","Concentrate"],"picked":"Finisher","floor":2.0},{"not_picked":["Masterful Stab","PiercingWail"],"picked":"Deadly Poison","floor":3.0},{"not_picked":["Riddle With Holes","Flechettes"],"picked":"Backstab","floor":5.0},{"not_picked":["Masterful Stab","Cloak And Dagger"],"picked":"Leg Sweep","floor":7.0},{"not_picked":["Sucker Punch","Deflect"],"picked":"Dagger Throw","floor":8.0},{"not_picked":["Finisher","Quick Slash"],"picked":"Deflect","floor":10.0},{"not_picked":["Night Terror","Deadly Poison","Distraction"],"picked":"SKIP","floor":11.0},{"not_picked":["Sucker Punch","Masterful Stab"],"picked":"Poisoned Stab","floor":12.0},{"not_picked":["Masterful Stab","Underhanded Strike"],"picked":"Dagger Spray","floor":14.0},{"not_picked":["Corpse Explosion","Venomology"],"picked":"After Image","floor":16.0},{"not_picked":["Underhanded Strike","Deadly Poison"],"picked":"Tactician","floor":18.0},{"not_picked":["Accuracy","Expertise"],"picked":"Cloak And Dagger+1","floor":21.0},{"not_picked":["Choke","Backflip"],"picked":"Dagger Throw","floor":23.0},{"not_picked":["Cloak And Dagger","Deadly Poison"],"picked":"Underhanded Strike","floor":25.0},{"not_picked":["Bane+1","Distraction"],"picked":"Doppelganger","floor":28.0}],"player_experience":1490767,"relics_obtained":[{"floor":8.0,"key":"Tough Bandages"},{"floor":9.0,"key":"Oddly Smooth Stone"},{"floor":10.0,"key":"Odd Mushroom"},{"floor":12.0,"key":"Bag of Marbles"},{"floor":23.0,"key":"Letter Opener"},{"floor":23.0,"key":"Juzu Bracelet"},{"floor":25.0,"key":"Tiny Chest"},{"floor":25.0,"key":"Gremlin Horn"},{"floor":26.0,"key":"Shuriken"},{"floor":28.0,"key":"PreservedInsect"},{"floor":28.0,"key":"Calipers"}],"event_choices":[{"cards_removed":["Strike_G"],"damage_healed":0.0,"max_hp_gain":0.0,"max_hp_loss":0.0,"gold_gain":0.0,"event_name":"The Cleric","player_choice":"Card Removal","floor":4.0,"gold_loss":75.0,"damage_taken":0.0},{"damage_healed":0.0,"max_hp_gain":0.0,"max_hp_loss":0.0,"gold_gain":0.0,"event_name":"Mushrooms","player_choice":"Fought Mushrooms","floor":10.0,"gold_loss":0.0,"damage_taken":0.0},{"damage_healed":0.0,"max_hp_gain":0.0,"max_hp_loss":6.0,"gold_gain":0.0,"event_name":"Golden Idol","player_choice":"Lose Max HP","floor":13.0,"gold_loss":0.0,"damage_taken":0.0,"relics_obtained":["Golden Idol"]},{"damage_healed":0.0,"max_hp_gain":0.0,"max_hp_loss":0.0,"gold_gain":0.0,"event_name":"Beggar","player_choice":"Ignored","floor":20.0,"gold_loss":0.0,"damage_taken":0.0},{"damage_healed":0.0,"max_hp_gain":0.0,"max_hp_loss":0.0,"gold_gain":0.0,"event_name":"The Library","player_choice":"Read","floor":22.0,"gold_loss":0.0,"damage_taken":0.0,"cards_obtained":["Calculated Gamble"]},{"damage_healed":0,"gold_gain":0,"cards_transformed":["Strike_G","Strike_G"],"player_choice":"Became Test Subject","damage_taken":0,"max_hp_gain":0,"max_hp_loss":0,"event_name":"Drug Dealer","floor":30,"gold_loss":0,"cards_obtained":["All Out Attack","Heel Hook"]}],"is_beta":false,"boss_relics":[{"not_picked":["HoveringKite","Snecko Eye"],"picked":"Black Star"}],"items_purged_floors":[],"is_endless":false,"potions_floor_spawned":[5,7,8,10,14,23,28],"killed_by":"Collector","ascension_level":20}