{"gold_per_floor":[116,126,126,141,141,141,170,84,110,122,122,222,236,248,248,352,352,368,63,75,75],"floor_reached":21,"playtime":725,"items_purged":["Regret"],"score":235,"play_id":"ed6215fb-5c3d-4014-8b39-af7ce352f3c1","local_time":"20180801170011","is_ascension_mode":true,"campfire_choices":[{"data":"Searing Blow","floor":6,"key":"SMITH"},{"data":"Searing Blow+1","floor":11,"key":"SMITH"},{"floor":15,"key":"REST"}],"neow_cost":"TEN_PERCENT_HP_LOSS","seed_source_timestamp":1806534266606501,"circlet_count":0,"master_deck":["Strike_R","Strike_R","Strike_R","Strike_R","Strike_R","Defend_R","Defend_R","Defend_R","Defend_R","Bash","Berserk","Searing Blow+2","Perfected Strike","Uppercut","Battle Trance","Dual Wield+1","Havoc+1","Demon Form","True Grit+1","Apotheosis+1","Warcry+1","Wild Strike"],"relics":["Burning Blood","Vajra","Anchor","Mummified Hand","Toxic Egg 2","Bronze Scales","Runic Dome"],"potions_floor_usage":[16,16,16],"damage_taken":[{"damage":22,"enemies":"Jaw Worm","floor":1,"turns":5},{"damage":1,"enemies":"2 Louse","floor":2,"turns":2},{"damage":4,"enemies":"Cultist","floor":4,"turns":3},{"damage":18,"enemies":"Gremlin Nob","floor":7,"turns":3},{"damage":2,"enemies":"3 Louse","floor":10,"turns":2},{"damage":19,"enemies":"Exordium Thugs","floor":13,"turns":4},{"damage":29,"enemies":"Large Slime","floor":14,"turns":3},{"damage":36,"enemies":"Hexaghost","floor":16,"turns":6},{"damage":19,"enemies":"3 Byrds","floor":18,"turns":3},{"damage":12,"enemies":"Shell Parasite","floor":20,"turns":4},{"damage":43,"enemies":"Sentry and Sphere","floor":21,"turns":3}],"seed_played":"-357038695395313226","potions_obtained":[{"floor":7,"key":"FearPotion"},{"floor":10,"key":"GamblersBrew"},{"floor":14,"key":"Block Potion"},{"floor":16,"key":"FearPotion"},{"floor":18,"key":"Explosive Potion"},{"floor":20,"key":"Fire Potion"}],"is_trial":false,"path_per_floor":["M","M","?","M","?","R","E","?","T","M","R","?","M","M","R","B",null,"M","$","M"],"character_chosen":"IRONCLAD","items_purchased":["Apotheosis+1","Warcry+1"],"campfire_rested":1,"item_purchase_floors":[19,19],"current_hp_per_floor":[56,61,61,63,60,60,48,48,48,52,52,52,39,16,37,7,56,43,43,37,0],"gold":75,"neow_bonus":"THREE_RARE_CARDS","is_prod":false,"is_daily":false,"chose_seed":false,"campfire_upgraded":2,"win_rate":0,"timestamp":1533157211,"path_taken":["M","M","?","M","?","R","E","?","T","?","R","?","?","M","R","BOSS","M","$","M","M"],"build_version":"2018-07-26","purchased_purges":1,"victory":false,"max_hp_per_floor":[72,72,72,72,72,72,72,72,72,72,72,72,72,72,72,72,72,72,72,72,72],"card_choices":[{"not_picked":["Double Tap","Barricade"],"picked":"Berserk","floor":0},{"not_picked":["Twin Strike","Heavy Blade"],"picked":"Searing Blow","floor":1},{"not_picked":["Cleave","Heavy Blade"],"picked":"Perfected Strike","floor":2},{"not_picked":["Headbutt","Perfected Strike"],"picked":"Uppercut","floor":4},{"not_picked":["Clothesline","Intimidate"],"picked":"Battle Trance","floor":7},{"not_picked":["Rupture","Spot Weakness+1","Heavy Blade"],"picked":"SKIP","floor":10},{"not_picked":["Thunderclap","Barricade"],"picked":"Dual Wield+1","floor":13},{"not_picked":["Iron Wave","Second Wind+1"],"picked":"Havoc+1","floor":14},{"not_picked":["Dark Embrace","Immolate"],"picked":"Demon Form","floor":16},{"not_picked":["Headbutt","Sword Boomerang"],"picked":"True Grit+1","floor":18},{"not_picked":["Spot Weakness+1","Anger"],"picked":"Wild Strike","floor":20}],"player_experience":334897,"relics_obtained":[{"floor":7,"key":"Mummified Hand"},{"floor":9,"key":"Bronze Scales"}],"event_choices":[{"event_name":"Big Fish","player_choice":"Box","floor":3,"damage_taken":0},{"event_name":"Scrap Ooze","player_choice":"success","floor":5,"damage_taken":3},{"event_name":"WeMeetAgain","player_choice":"Gold","floor":8,"damage_taken":0},{"event_name":"Golden Shrine","player_choice":"Pray","floor":12,"damage_taken":0}],"is_beta":false,"boss_relics":[{"not_picked":["Runic Cube","White Beast Statue"],"picked":"Runic Dome"}],"items_purged_floors":[19],"is_endless":false,"potions_floor_spawned":[7,10,14,16,18,20],"killed_by":"Sentry and Sphere","ascension_level":6}