{"path_per_floor":["M","M","M","?","M","E","M","R","T","M","E","R","?","M","R"],"character_chosen":"THE_SILENT","items_purchased":[],"gold_per_floor":[118,128,140,140,150,176,189,189,214,232,260,260,284,303,303,303],"floor_reached":16,"campfire_rested":3,"playtime":924,"current_hp_per_floor":[32,32,28,28,23,19,19,40,40,34,20,41,41,41,62,0],"items_purged":[],"gold":303,"score":131,"play_id":"b5484e26-d7fa-43a0-af09-3d0230f4ec48","local_time":"20180405020714","is_prod":false,"is_daily":false,"is_ascension_mode":true,"campfire_upgraded":0,"timestamp":1522908434,"path_taken":["M","M","?","?","M","E","M","R","T","?","E","R","?","M","R","BOSS"],"build_version":"2018-03-29v2","purchased_purges":0,"victory":false,"master_deck":["Defend_G+1","Defend_G","Defend_G","Defend_G","Strike_G","Strike_G","Strike_G","Strike_G","Survivor","Neutralize","Backstab","Dagger Spray","Blade Dance+1","Injury","Dagger Throw","Backflip+1","Flying Knee","Cloak And Dagger","Die Die Die","Riddle With Holes","Cloak And Dagger"],"max_hp_per_floor":[70,70,70,70,70,70,70,70,70,70,70,70,70,70,70,70],"relics":["Ring of the Snake","Question Card","War Paint","Toolbox","Odd Mushroom"],"card_choices":[{"not_picked":["Malaise","Crippling Poison"],"picked":"Backstab","floor":1},{"not_picked":["Sucker Punch","Bane"],"picked":"Dagger Spray","floor":2},{"not_picked":["Underhanded Strike","Eviscerate"],"picked":"Blade Dance","floor":3},{"not_picked":["PiercingWail","Deadly Poison"],"picked":"Dagger Throw","floor":5},{"not_picked":["Poisoned Stab","Setup"],"picked":"Backflip","floor":6},{"not_picked":["Masterful Stab","Poisoned Stab","Prepared"],"picked":"Flying Knee","floor":7},{"not_picked":["Reflex","Prepared","Dodge and Roll"],"picked":"Cloak And Dagger","floor":10},{"not_picked":["Concentrate","Terror","Flechettes"],"picked":"Die Die Die","floor":11},{"not_picked":["PiercingWail","Dagger Throw","Backflip"],"picked":"Riddle With Holes","floor":13},{"not_picked":["Acrobatics","Slice","Masterful Stab"],"picked":"Cloak And Dagger","floor":14}],"player_experience":168773,"potions_floor_usage":[5,6,7,11,13,16],"damage_taken":[{"damage":3,"enemies":"Cultist","floor":1,"turns":4},{"damage":0,"enemies":"2 Louse","floor":2,"turns":2},{"damage":4,"enemies":"Small Slimes","floor":3,"turns":3},{"damage":5,"enemies":"Gremlin Gang","floor":5,"turns":4},{"damage":19,"enemies":"3 Sentries","floor":6,"turns":6},{"damage":0,"enemies":"Looter","floor":7,"turns":1},{"damage":6,"enemies":"Lots of Slimes","floor":10,"turns":2},{"damage":14,"enemies":"Lagavulin","floor":11,"turns":7},{"damage":0,"enemies":"The Mushroom Lair","floor":13,"turns":1},{"damage":0,"enemies":"3 Louse","floor":14,"turns":1},{"damage":63,"enemies":"Hexaghost","floor":16,"turns":12}],"event_choices":[{"event_name":"Accursed Blacksmith","player_choice":"Forge","floor":4,"damage_taken":0},{"event_name":"Mushrooms","player_choice":"Fought Mushrooms","floor":13,"damage_taken":0}],"boss_relics":[],"potions_floor_spawned":[1,2,3,6,10,14],"seed_played":"3151139799411184088","killed_by":"Hexaghost","ascension_level":3,"is_trial":false}