{"gold_per_floor":[10,27,27,127,151,151,170,184,210,210,251,251,267,288,288,382,382,400,74,74,57,57,57,57],"floor_reached":24,"playtime":859,"items_purged":[],"score":337,"play_id":"01d8c603-08ad-4f38-a371-07d8fedcd982","local_time":"20190711052525","is_ascension_mode":true,"campfire_choices":[{"floor":6,"key":"REST"},{"floor":10,"key":"REST"},{"floor":12,"key":"REST"},{"data":"Demon Form","floor":15,"key":"SMITH"},{"data":"Limit Break","floor":23,"key":"SMITH"}],"neow_cost":"NO_GOLD","seed_source_timestamp":48077070144233,"circlet_count":0,"master_deck":["AscendersBane","Strike_R+1","Strike_R+1","Strike_R+1","Strike_R+1","Strike_R+1","Defend_R+1","Defend_R+1","Defend_R+1","Defend_R+1","Bash","Demon Form+1","Spot Weakness","Sword Boomerang","Shrug It Off","Cleave","Infernal Blade","Feed","Seeing Red","Heavy Blade","Limit Break+1","True Grit","Corruption","Power Through","Armaments","Ghostly Armor","Sword Boomerang"],"relics":["Burning Blood","Bloody Idol","Regal Pillow","Art of War","Orrery","Lee\u0027s Waffle"],"potions_floor_usage":[8,16,16,24],"damage_taken":[{"damage":4,"enemies":"2 Louse","floor":1,"turns":3},{"damage":20,"enemies":"Small Slimes","floor":2,"turns":4},{"damage":20,"enemies":"Cultist","floor":5,"turns":5},{"damage":30,"enemies":"Lots of Slimes","floor":7,"turns":4},{"damage":18,"enemies":"2 Fungi Beasts","floor":8,"turns":4},{"damage":24,"enemies":"Gremlin Nob","floor":11,"turns":4},{"damage":15,"enemies":"3 Louse","floor":13,"turns":2},{"damage":13,"enemies":"Large Slime","floor":14,"turns":4},{"damage":57,"enemies":"Hexaghost","floor":16,"turns":9},{"damage":12,"enemies":"Spheric Guardian","floor":18,"turns":4},{"damage":12,"enemies":"2 Thieves","floor":21,"turns":4},{"damage":93,"enemies":"Gremlin Leader","floor":24,"turns":7}],"seed_played":"-5062579414514511875","potions_obtained":[{"floor":1,"key":"FearPotion"},{"floor":2,"key":"Weak Potion"},{"floor":11,"key":"Regen Potion"},{"floor":13,"key":"AttackPotion"}],"is_trial":false,"path_per_floor":["M","M","?","?","M","R","M","M","T","R","E","R","M","M","R","B",null,"M","$","?","M","?","R","E"],"character_chosen":"IRONCLAD","items_purchased":["Lee\u0027s Waffle","Ghostly Armor","AttackPotion"],"campfire_rested":3,"item_purchase_floors":[19,19,19],"current_hp_per_floor":[70,56,38,38,24,46,22,10,10,47,29,66,57,50,50,14,60,54,82,82,85,85,85,0],"gold":57,"neow_bonus":"THREE_RARE_CARDS","is_prod":false,"is_daily":false,"chose_seed":false,"campfire_upgraded":2,"win_rate":0,"timestamp":1562786725,"path_taken":["M","M","?","?","?","R","M","M","T","R","E","R","?","M","R","BOSS","M","$","?","M","?","R","E"],"build_version":"2019-07-05","purchased_purges":0,"victory":false,"max_hp_per_floor":[75,75,75,75,75,75,75,75,75,75,75,75,75,75,75,75,75,75,82,82,85,85,85,85],"card_choices":[{"not_picked":["Juggernaut","Limit Break"],"picked":"Demon Form","floor":0},{"not_picked":["Seeing Red","Iron Wave"],"picked":"Spot Weakness","floor":1},{"not_picked":["Burning Pact","Armaments"],"picked":"Sword Boomerang","floor":2},{"not_picked":["Armaments","Anger"],"picked":"Shrug It Off","floor":5},{"not_picked":["Fire Breathing","Dual Wield"],"picked":"Cleave","floor":7},{"not_picked":["Burning Pact","Second Wind"],"picked":"Infernal Blade","floor":8},{"not_picked":["Warcry","Entrench"],"picked":"Feed","floor":11},{"not_picked":["Clothesline","Inflame"],"picked":"Seeing Red","floor":13},{"not_picked":["Uppercut","True Grit"],"picked":"Heavy Blade","floor":14},{"not_picked":["Immolate","Bludgeon"],"picked":"Limit Break","floor":16},{"not_picked":["Sentinel","Dropkick"],"picked":"True Grit","floor":17},{"not_picked":["Headbutt","Anger"],"picked":"Corruption","floor":17},{"not_picked":["True Grit","Pummel"],"picked":"Power Through","floor":17},{"not_picked":["Limit Break","Iron Wave"],"picked":"Armaments","floor":17},{"not_picked":["Disarm","Clothesline","Sever Soul"],"picked":"SKIP","floor":18},{"not_picked":["Disarm","Clothesline","Sever Soul"],"picked":"SKIP","floor":18},{"not_picked":["Clothesline","Anger"],"picked":"Sword Boomerang","floor":21}],"player_experience":973061,"relics_obtained":[{"floor":9,"key":"Regal Pillow"},{"floor":11,"key":"Art of War"}],"event_choices":[{"damage_healed":0,"gold_gain":0,"player_choice":"Take Damage","damage_taken":18,"relics_obtained":["Golden Idol"],"max_hp_gain":0,"max_hp_loss":0,"event_name":"Golden Idol","floor":3,"gold_loss":0},{"damage_healed":0,"gold_gain":100,"player_choice":"Gold","damage_taken":0,"max_hp_gain":0,"max_hp_loss":0,"event_name":"Wheel of Change","floor":4,"gold_loss":0},{"damage_healed":0,"gold_gain":0,"player_choice":"Gave Idol","damage_taken":0,"relics_obtained":["Bloody Idol"],"max_hp_gain":0,"max_hp_loss":0,"event_name":"Forgotten Altar","floor":20,"relics_lost":["Golden Idol"],"gold_loss":0},{"damage_healed":0,"gold_gain":0,"player_choice":"Simplicity","damage_taken":0,"max_hp_gain":0,"max_hp_loss":0,"event_name":"Back to Basics","floor":22,"gold_loss":0,"cards_upgraded":["Strike_R","Strike_R","Strike_R","Strike_R","Strike_R","Defend_R","Defend_R","Defend_R","Defend_R"]}],"is_beta":false,"boss_relics":[{"not_picked":["Ectoplasm","Velvet Choker"],"picked":"Orrery"}],"items_purged_floors":[],"is_endless":false,"potions_floor_spawned":[1,2,11,13],"killed_by":"Gremlin Leader","ascension_level":14}