{"gold_per_floor":[369,369,379,392,392,392,412,440,440,440,454,177,203,128,128,205,205,215,229,69,79,79,79,104,104,104,118,118],"floor_reached":28,"playtime":1477,"items_purged":["Strike_R"],"score":471,"play_id":"58fd8f44-41c6-4c85-ba76-de3e29ee6675","local_time":"20190530095638","is_ascension_mode":true,"campfire_choices":[{"data":"Thunderclap","floor":6,"key":"SMITH"},{"floor":10,"key":"REST"},{"data":"Whirlwind","floor":15,"key":"SMITH"},{"floor":23,"key":"REST"},{"data":"Corruption","floor":25,"key":"SMITH"}],"neow_cost":"CURSE","seed_source_timestamp":912083548017479,"circlet_count":0,"master_deck":["AscendersBane","Strike_R","Defend_R+1","Defend_R","Defend_R","Defend_R","Bash","Rampage+1","Thunderclap+1","Iron Wave","Whirlwind+1","Shockwave","Flex+1","Corruption+1","Reaper","Shrug It Off+1","Infernal Blade+1","Infernal Blade","Clothesline","Feel No Pain","True Grit"],"relics":["Burning Blood","Blood Vial","Pen Nib","Orichalcum","Ornamental Fan","Black Star","War Paint","Singing Bowl","Self Forming Clay","Centennial Puzzle"],"potions_floor_usage":[7,13,21,24,24],"damage_taken":[{"damage":13,"enemies":"Jaw Worm","floor":1,"turns":5},{"damage":3,"enemies":"Cultist","floor":3,"turns":3},{"damage":6,"enemies":"2 Louse","floor":4,"turns":3},{"damage":13,"enemies":"Large Slime","floor":7,"turns":5},{"damage":25,"enemies":"Lagavulin","floor":8,"turns":7},{"damage":12,"enemies":"Blue Slaver","floor":11,"turns":4},{"damage":2,"enemies":"Gremlin Nob","floor":13,"turns":3},{"damage":22,"enemies":"Slime Boss","floor":16,"turns":7},{"damage":0,"enemies":"3 Byrds","floor":18,"turns":3},{"damage":18,"enemies":"Chosen","floor":19,"turns":6},{"damage":47,"enemies":"Shelled Parasite and Fungi","floor":21,"turns":6},{"damage":32,"enemies":"Slavers","floor":24,"turns":3},{"damage":12,"enemies":"Snake Plant","floor":27,"turns":4},{"damage":80,"enemies":"Book of Stabbing","floor":28,"turns":8}],"seed_played":"-7132509061769334493","potions_obtained":[{"floor":3,"key":"SkillPotion"},{"floor":8,"key":"SteroidPotion"},{"floor":13,"key":"SteroidPotion"},{"floor":16,"key":"Poison Potion"},{"floor":21,"key":"Block Potion"}],"is_trial":false,"path_per_floor":["M","?","M","M","?","R","M","E","T","R","M","$","E","?","R","B",null,"M","M","$","M","?","R","E","R","T","M","E"],"character_chosen":"IRONCLAD","items_purchased":["Orichalcum","Corruption","War Paint"],"campfire_rested":2,"item_purchase_floors":[12,12,20],"current_hp_per_floor":[61,61,64,64,57,57,50,31,31,53,49,49,55,55,55,41,67,75,63,63,30,30,52,49,49,49,57,0],"gold":118,"neow_bonus":"TWO_FIFTY_GOLD","is_prod":false,"is_daily":false,"chose_seed":false,"campfire_upgraded":3,"win_rate":0,"timestamp":1559224598,"path_taken":["M","?","M","?","?","R","M","E","T","R","M","$","E","?","R","BOSS","M","M","$","M","?","R","E","R","T","M","E"],"build_version":"2019-01-23","purchased_purges":1,"victory":false,"max_hp_per_floor":[75,75,75,75,75,75,75,75,75,75,75,75,75,75,75,75,75,75,75,75,75,75,75,75,75,75,75,75],"card_choices":[{"not_picked":["Twin Strike","Power Through"],"picked":"Rampage","floor":1},{"not_picked":["Infernal Blade","Clothesline"],"picked":"Thunderclap","floor":3},{"not_picked":["Anger","Rampage"],"picked":"Iron Wave","floor":4},{"not_picked":["Iron Wave","Perfected Strike"],"picked":"Whirlwind","floor":7},{"not_picked":["Combust","Dual Wield"],"picked":"Shockwave","floor":8},{"not_picked":["Perfected Strike","Havoc"],"picked":"Flex","floor":11},{"not_picked":["Barricade","Wild Strike","Power Through"],"picked":"SKIP","floor":13},{"not_picked":["Barricade","Exhume"],"picked":"Reaper","floor":16},{"not_picked":["Armaments","Anger"],"picked":"Shrug It Off+1","floor":18},{"not_picked":["Seeing Red","Sever Soul"],"picked":"Infernal Blade+1","floor":19},{"not_picked":["Cleave","Havoc","Corruption"],"picked":"SKIP","floor":21},{"not_picked":["Dark Embrace","Heavy Blade"],"picked":"Feel No Pain","floor":24},{"not_picked":["Pommel Strike","Twin Strike"],"picked":"True Grit","floor":27}],"player_experience":1580948,"relics_obtained":[{"floor":8,"key":"Blood Vial"},{"floor":9,"key":"Pen Nib"},{"floor":13,"key":"Ornamental Fan"},{"floor":24,"key":"Singing Bowl"},{"floor":24,"key":"Self Forming Clay"},{"floor":26,"key":"Centennial Puzzle"}],"event_choices":[{"damage_healed":0,"gold_gain":0,"player_choice":"Forge","damage_taken":0,"max_hp_gain":0,"max_hp_loss":0,"event_name":"Accursed Blacksmith","floor":2,"gold_loss":0,"cards_upgraded":["Rampage"]},{"cards_removed":["Pain"],"damage_healed":0,"gold_gain":0,"player_choice":"Card Removal","damage_taken":7,"max_hp_gain":0,"max_hp_loss":0,"event_name":"Golden Wing","floor":5,"gold_loss":0},{"cards_removed":["Strike_R"],"damage_healed":0,"gold_gain":0,"player_choice":"Card Removal","damage_taken":0,"max_hp_gain":0,"max_hp_loss":0,"event_name":"The Cleric","floor":14,"gold_loss":75},{"damage_healed":0,"gold_gain":0,"cards_transformed":["Strike_R","Strike_R"],"player_choice":"Became Test Subject","damage_taken":0,"max_hp_gain":0,"max_hp_loss":0,"event_name":"Drug Dealer","floor":22,"gold_loss":0,"cards_obtained":["Infernal Blade","Clothesline"]}],"is_beta":false,"boss_relics":[{"not_picked":["Black Blood","White Beast Statue"],"picked":"Black Star"}],"items_purged_floors":[12],"is_endless":false,"potions_floor_spawned":[3,8,13,16,19,21],"killed_by":"Book of Stabbing","ascension_level":18}