{"gold_per_floor":[110,127,142,142,163,163,0,0,26,44,44,60,60,79,79,174,174,190,110],"floor_reached":19,"playtime":870,"items_purged":[],"score":306,"play_id":"aaddfa14-a930-46a4-8859-dbfa0edbb773","local_time":"20190906044614","is_ascension_mode":true,"campfire_choices":[{"floor":6,"key":"REST"},{"data":"Recycle","floor":8,"key":"SMITH"},{"floor":13,"key":"REST"},{"data":"Hologram","floor":15,"key":"SMITH"}],"neow_cost":"TEN_PERCENT_HP_LOSS","seed_source_timestamp":59503616998242,"circlet_count":0,"master_deck":["AscendersBane","Strike_B","Strike_B","Strike_B","Strike_B","Defend_B","Defend_B","Defend_B","Defend_B","Zap","Dualcast","Rebound","Undo","Leap","Recycle+1","Self Repair","Ball Lightning","Turbo","Hologram+1","Gash","Static Discharge","All For One","Compile Driver"],"relics":["Cracked Core","Calipers","Golden Idol","Orichalcum","Cursed Key"],"potions_floor_usage":[10,14],"damage_taken":[{"damage":11,"enemies":"2 Louse","floor":1,"turns":3},{"damage":4,"enemies":"Jaw Worm","floor":2,"turns":4},{"damage":2,"enemies":"Small Slimes","floor":3,"turns":3},{"damage":11,"enemies":"2 Fungi Beasts","floor":5,"turns":3},{"damage":20,"enemies":"Exordium Thugs","floor":10,"turns":6},{"damage":17,"enemies":"Large Slime","floor":12,"turns":6},{"damage":2,"enemies":"2 Fungi Beasts","floor":14,"turns":3},{"damage":43,"enemies":"The Guardian","floor":16,"turns":13},{"damage":41,"enemies":"Shell Parasite","floor":18,"turns":5},{"damage":17,"enemies":"2 Thieves","floor":19,"turns":2}],"seed_played":"7332570171942959337","potions_obtained":[{"floor":5,"key":"Poison Potion"},{"floor":12,"key":"SpeedPotion"}],"is_trial":false,"path_per_floor":["M","M","M","?","M","R","$","R","T","M","?","M","R","M","R","B",null,"M","M"],"character_chosen":"DEFECT","items_purchased":["Self Repair","Ball Lightning","Turbo"],"campfire_rested":2,"item_purchase_floors":[7,7,7],"current_hp_per_floor":[53,49,47,47,36,55,55,55,55,42,35,25,44,49,49,13,51,17,0],"gold":110,"neow_bonus":"ONE_RARE_RELIC","is_prod":false,"is_daily":false,"chose_seed":false,"campfire_upgraded":2,"win_rate":0,"timestamp":1567709174,"path_taken":["M","M","M","?","M","R","$","R","T","M","?","?","R","M","R","BOSS","M","M"],"build_version":"2019-07-17","purchased_purges":0,"victory":false,"max_hp_per_floor":[64,64,64,64,64,64,64,64,64,64,64,64,64,64,64,64,64,64,64],"card_choices":[{"not_picked":["Conserve Battery","Turbo"],"picked":"Rebound","floor":1},{"not_picked":["Rebound","Tempest"],"picked":"Undo","floor":2},{"not_picked":["Redo","Double Energy"],"picked":"Leap","floor":3},{"not_picked":["Lockon","Aggregate"],"picked":"Recycle","floor":5},{"not_picked":["Lockon","Force Field"],"picked":"Hologram","floor":10},{"not_picked":["Steam Power","Hologram"],"picked":"Gash","floor":12},{"not_picked":["Beam Cell","Auto Shields"],"picked":"Static Discharge","floor":14},{"not_picked":["Buffer","Fission"],"picked":"All For One","floor":16},{"not_picked":["Chaos","Skim+1"],"picked":"Compile Driver","floor":18}],"player_experience":1249570,"relics_obtained":[{"floor":9,"key":"Orichalcum"}],"event_choices":[{"damage_healed":0,"gold_gain":0,"player_choice":"Take Wound","damage_taken":0,"relics_obtained":["Golden Idol"],"max_hp_gain":0,"max_hp_loss":0,"event_name":"Golden Idol","floor":4,"gold_loss":0,"cards_obtained":["Injury"]},{"cards_removed":["Injury"],"damage_healed":0,"gold_gain":0,"player_choice":"Card Removal","damage_taken":7,"max_hp_gain":0,"max_hp_loss":0,"event_name":"Golden Wing","floor":11,"gold_loss":0}],"is_beta":false,"boss_relics":[{"not_picked":["Runic Pyramid","Coffee Dripper"],"picked":"Cursed Key"}],"items_purged_floors":[],"is_endless":false,"potions_floor_spawned":[5,12],"killed_by":"2 Thieves","ascension_level":18}