{"gold_per_floor":[365,365,365,380,380,380,408,14,14,33,33,33,51,116,116,206,206,231,231,231,156],"floor_reached":21,"playtime":668,"items_purged":["Strike_B"],"score":324,"play_id":"e324a273-74e6-4155-9cda-381647015c32","local_time":"20190723205829","is_ascension_mode":true,"campfire_choices":[{"data":"Zap","floor":6,"key":"SMITH"},{"floor":12,"key":"REST"},{"floor":15,"key":"REST"}],"neow_cost":"PERCENT_DAMAGE","seed_source_timestamp":14656603689941,"circlet_count":0,"master_deck":["AscendersBane","Defend_B","Defend_B","Defend_B","Zap+1","Dualcast","Reinforced Body","Gash","Doom and Gloom","Loop","Self Repair","Injury","Cold Snap","Hologram","Core Surge","Ball Lightning","Tempest","Self Repair","Sunder"],"relics":["Cracked Core","Regal Pillow","Matryoshka","Pen Nib","Kunai","Golden Idol","Tiny Chest","Inserter"],"potions_floor_usage":[7,14,16],"damage_taken":[{"damage":1,"enemies":"Cultist","floor":1,"turns":4},{"damage":3,"enemies":"2 Louse","floor":4,"turns":3},{"damage":25,"enemies":"Gremlin Nob","floor":7,"turns":5},{"damage":8,"enemies":"Jaw Worm","floor":10,"turns":4},{"damage":3,"enemies":"Blue Slaver","floor":13,"turns":5},{"damage":14,"enemies":"Lagavulin","floor":14,"turns":6},{"damage":37,"enemies":"Slime Boss","floor":16,"turns":10},{"damage":38,"enemies":"3 Byrds","floor":18,"turns":5},{"damage":33,"enemies":"2 Thieves","floor":21,"turns":3}],"seed_played":"-7837028906800067203","potions_obtained":[{"floor":1,"key":"SteroidPotion"},{"floor":7,"key":"FearPotion"},{"floor":14,"key":"FocusPotion"},{"floor":16,"key":"Ancient Potion"}],"is_trial":false,"path_per_floor":["M","?","?","M","?","R","E","$","T","M","?","R","M","E","R","B",null,"M","?","?","M"],"character_chosen":"DEFECT","items_purchased":["Matryoshka","Loop"],"campfire_rested":2,"item_purchase_floors":[8,8],"current_hp_per_floor":[45,38,28,25,48,48,23,23,23,15,15,51,55,48,71,41,64,26,26,26,0],"gold":156,"neow_bonus":"TWO_FIFTY_GOLD","is_prod":false,"is_daily":false,"chose_seed":false,"campfire_upgraded":1,"win_rate":0,"timestamp":1563879509,"path_taken":["M","?","?","?","?","R","E","$","T","M","?","R","M","E","R","BOSS","M","?","?","?"],"build_version":"2019-07-17","purchased_purges":1,"victory":false,"max_hp_per_floor":[71,71,71,71,71,71,71,71,71,71,71,71,71,71,71,71,71,71,71,71,71],"card_choices":[{"not_picked":["Heatsinks","Beam Cell"],"picked":"Reinforced Body","floor":1},{"not_picked":["Aggregate","Rip and Tear"],"picked":"Gash","floor":4},{"not_picked":["Rebound","Beam Cell"],"picked":"Doom and Gloom","floor":7},{"not_picked":["Consume","Turbo"],"picked":"Self Repair","floor":10},{"not_picked":["Barrage","Conserve Battery"],"picked":"Cold Snap","floor":13},{"not_picked":["Consume","Leap"],"picked":"Hologram","floor":14},{"not_picked":["Creative AI","Reboot"],"picked":"Core Surge","floor":16},{"not_picked":["Gash","Steam+1"],"picked":"Ball Lightning","floor":18}],"player_experience":1083425,"relics_obtained":[{"floor":7,"key":"Regal Pillow"},{"floor":9,"key":"Pen Nib"},{"floor":9,"key":"Kunai"},{"floor":14,"key":"Tiny Chest"}],"event_choices":[{"cards_removed":["Strike_B"],"damage_healed":0,"gold_gain":0,"player_choice":"Card Removal","damage_taken":7,"max_hp_gain":0,"max_hp_loss":0,"event_name":"Golden Wing","floor":2,"gold_loss":0},{"damage_healed":0,"gold_gain":0,"player_choice":"Damaged","damage_taken":10,"max_hp_gain":0,"max_hp_loss":0,"event_name":"Wheel of Change","floor":3,"gold_loss":0},{"damage_healed":23,"gold_gain":0,"player_choice":"Banana","damage_taken":0,"max_hp_gain":0,"max_hp_loss":0,"event_name":"Big Fish","floor":5,"gold_loss":0},{"damage_healed":0,"gold_gain":0,"player_choice":"Take Wound","damage_taken":0,"relics_obtained":["Golden Idol"],"max_hp_gain":0,"max_hp_loss":0,"event_name":"Golden Idol","floor":11,"gold_loss":0,"cards_obtained":["Injury"]},{"damage_healed":0,"gold_gain":0,"cards_transformed":["Strike_B","Strike_B"],"player_choice":"Became Test Subject","damage_taken":0,"max_hp_gain":0,"max_hp_loss":0,"event_name":"Drug Dealer","floor":19,"gold_loss":0,"cards_obtained":["Tempest","Self Repair"]},{"damage_healed":0,"gold_gain":0,"cards_transformed":["Defend_B"],"player_choice":"Transformed","damage_taken":0,"max_hp_gain":0,"max_hp_loss":0,"event_name":"Transmorgrifier","floor":20,"gold_loss":0,"cards_obtained":["Sunder"]}],"is_beta":false,"boss_relics":[{"not_picked":["Tiny House","Pandora\u0027s Box"],"picked":"Inserter"}],"items_purged_floors":[8],"is_endless":false,"potions_floor_spawned":[1,7,14,16],"killed_by":"2 Thieves","ascension_level":15}