{"gold_per_floor":[109,42,60,74,89,89,89,116,116,116,66,66,77,77,77,178,178,192,8,22,42,42,69,69,0,0,0,0,0,34,34,34,130,130,150,71,71,98,121,133,180,192,204,316,328,352,383,406,418,430],"floor_reached":51,"playtime":2459,"items_purged":[],"score":1178,"play_id":"5bf3734f-22b4-4a9b-a8ac-969159105144","local_time":"20190821234837","is_ascension_mode":true,"campfire_choices":[{"data":"Noxious Fumes","floor":6.0,"key":"SMITH"},{"floor":10.0,"key":"REST"},{"data":"Deadly Poison","floor":12.0,"key":"SMITH"},{"data":"Predator","floor":15.0,"key":"SMITH"},{"data":"Catalyst","floor":24.0,"key":"SMITH"},{"data":"Catalyst","floor":27.0,"key":"SMITH"},{"floor":29.0,"key":"REST"},{"floor":32.0,"key":"REST"},{"floor":40.0,"key":"REST"},{"data":"Burst","floor":42.0,"key":"SMITH"},{"data":"Catalyst","floor":45.0,"key":"SMITH"},{"floor":49.0,"key":"REST"}],"neow_cost":"NONE","seed_source_timestamp":124426143453600,"circlet_count":0,"master_deck":["Strike_G+1","Defend_G","Defend_G+1","Survivor","Neutralize+1","Bullet Time","Crippling Poison","Noxious Fumes+1","Dodge and Roll","Deadly Poison+1","Predator+1","Venomology","Blur+1","Apotheosis","Catalyst+1","Acrobatics+1","Catalyst+1","Burst+1","Corpse Explosion+1","Expertise+1","Underhanded Strike+1","Catalyst+1","Acrobatics+1","Bouncing Flask"],"special_seed":0,"relics":["Ring of the Snake","Whetstone","Happy Flower","Snecko Eye","Meat on the Bone","Blue Candle","War Paint","Astrolabe","MawBank","Oddly Smooth Stone","Mummified Hand","Turnip"],"potions_floor_usage":[50,50,50],"damage_taken":[{"damage":0.0,"enemies":"Jaw Worm","floor":1.0,"turns":8.0},{"damage":1.0,"enemies":"Small Slimes","floor":3.0,"turns":5.0},{"damage":1.0,"enemies":"2 Louse","floor":4.0,"turns":5.0},{"damage":4.0,"enemies":"Gremlin Gang","floor":5.0,"turns":5.0},{"damage":22.0,"enemies":"Lagavulin","floor":8.0,"turns":8.0},{"damage":0.0,"enemies":"2 Fungi Beasts","floor":13.0,"turns":4.0},{"damage":8.0,"enemies":"Slime Boss","floor":16.0,"turns":8.0},{"damage":0.0,"enemies":"Chosen","floor":18.0,"turns":4.0},{"damage":0.0,"enemies":"Spheric Guardian","floor":20.0,"turns":3.0},{"damage":0.0,"enemies":"Chosen and Byrds","floor":21.0,"turns":4.0},{"damage":0.0,"enemies":"Book of Stabbing","floor":23.0,"turns":6.0},{"damage":0.0,"enemies":"Gremlin Leader","floor":30.0,"turns":3.0},{"damage":16.0,"enemies":"Champ","floor":33.0,"turns":6.0},{"damage":0.0,"enemies":"3 Darklings","floor":35.0,"turns":3.0},{"damage":8.0,"enemies":"3 Shapes","floor":39.0,"turns":2.0},{"damage":0.0,"enemies":"Giant Head","floor":41.0,"turns":5.0},{"damage":8.0,"enemies":"Mind Bloom Boss Battle","floor":44.0,"turns":3.0},{"damage":0.0,"enemies":"Maw","floor":46.0,"turns":3.0},{"damage":0.0,"enemies":"3 Darklings","floor":47.0,"turns":2.0},{"damage":7.0,"enemies":"Spire Growth","floor":48.0,"turns":2.0},{"damage":16,"enemies":"Donu and Deca","floor":50,"turns":4}],"seed_played":"3381421420908179694","potions_obtained":[{"floor":1.0,"key":"SneckoOil"},{"floor":4.0,"key":"FearPotion"},{"floor":8.0,"key":"Fruit Juice"},{"floor":14.0,"key":"Strength Potion"},{"floor":14.0,"key":"Swift Potion"},{"floor":14.0,"key":"SkillPotion"},{"floor":16.0,"key":"Regen Potion"},{"floor":18.0,"key":"Strength Potion"},{"floor":30.0,"key":"Regen Potion"},{"floor":33.0,"key":"Ancient Potion"},{"floor":35.0,"key":"Fruit Juice"},{"floor":41.0,"key":"Regen Potion"},{"floor":48.0,"key":"Dexterity Potion"}],"is_trial":false,"path_per_floor":["M","$","M","M","M","R","?","E","T","R","?","R","M","?","R","B",null,"M","$","M","M","?","E","R","$","T","R","$","R","E","?","R","B",null,"M","$","?","T","M","R","E","R","T","?","R","M","M","M","R","B",null],"character_chosen":"THE_SILENT","items_purchased":["Crippling Poison","Apotheosis","Catalyst","Catalyst"],"campfire_rested":5,"item_purchase_floors":[2,19,25,36],"current_hp_per_floor":[63,63,62,61,57,57,50,28,28,49,49,49,54,54,54,46,68,68,68,68,68,68,68,68,68,68,68,68,75,75,61,80,68,77,77,77,77,77,74,85,85,85,85,80,80,80,80,73,85,78],"gold":442,"neow_bonus":"TRANSFORM_CARD","is_prod":false,"is_daily":false,"chose_seed":false,"campfire_upgraded":7,"win_rate":0,"timestamp":1566424117,"path_taken":["M","$","M","M","M","R","?","E","T","R","?","R","M","?","R","BOSS","M","$","M","?","?","E","R","$","T","R","?","R","E","?","R","BOSS","M","$","?","?","M","R","E","R","T","?","R","M","M","M","R","BOSS"],"build_version":"2019-07-17","purchased_purges":0,"victory":true,"max_hp_per_floor":[70,70,70,70,70,70,70,70,70,70,70,70,75,75,75,75,75,75,75,75,75,75,75,75,75,75,75,75,75,75,80,80,80,80,80,80,80,80,85,85,85,85,85,85,85,85,85,85,85,85],"card_choices":[{"not_picked":["Poisoned Stab","Flying Knee","Acrobatics"],"picked":"SKIP","floor":1.0},{"not_picked":["Deadly Poison","Reflex"],"picked":"Noxious Fumes","floor":3.0},{"not_picked":["Dagger Throw","Skewer"],"picked":"Dodge and Roll","floor":4.0},{"not_picked":["Poisoned Stab","Underhanded Strike","Outmaneuver"],"picked":"SKIP","floor":5.0},{"not_picked":["Blur","Backstab"],"picked":"Deadly Poison","floor":8.0},{"not_picked":["Accuracy","Concentrate"],"picked":"Predator","floor":13.0},{"not_picked":["Envenom","Glass Knife"],"picked":"Venomology","floor":16.0},{"not_picked":["Terror+1","Flying Knee"],"picked":"Blur","floor":18.0},{"not_picked":["Riddle With Holes","Outmaneuver+1"],"picked":"Catalyst","floor":20.0},{"not_picked":["Quick Slash","Flying Knee"],"picked":"Acrobatics+1","floor":21.0},{"not_picked":["Quick Slash","Finisher+1","Skewer+1"],"picked":"SKIP","floor":23.0},{"not_picked":["Infinite Blades","Riddle With Holes","Masterful Stab"],"picked":"SKIP","floor":30.0},{"not_picked":["Glass Knife","Venomology"],"picked":"Burst","floor":33.0},{"not_picked":["Caltrops","Skewer+1","Masterful Stab"],"picked":"SKIP","floor":35.0},{"not_picked":["Cloak And Dagger+1","Slice","Quick Slash+1"],"picked":"SKIP","floor":39.0},{"not_picked":["Blade Dance","Heel Hook"],"picked":"Acrobatics+1","floor":41.0},{"not_picked":["Finisher","Slice","Cloak And Dagger"],"picked":"SKIP","floor":46.0},{"not_picked":["Sucker Punch","Acrobatics+1","Riddle With Holes"],"picked":"SKIP","floor":47.0},{"not_picked":["Terror+1","Malaise"],"picked":"Bouncing Flask","floor":48.0}],"player_experience":118759,"relics_obtained":[{"floor":8.0,"key":"Whetstone"},{"floor":9.0,"key":"Happy Flower"},{"floor":23.0,"key":"Meat on the Bone"},{"floor":26.0,"key":"Blue Candle"},{"floor":30.0,"key":"War Paint"},{"floor":38.0,"key":"MawBank"},{"floor":41.0,"key":"Oddly Smooth Stone"},{"floor":43.0,"key":"Mummified Hand"},{"floor":44.0,"key":"Turnip"}],"event_choices":[{"cards_removed":["Defend_G"],"damage_healed":0.0,"max_hp_gain":0.0,"max_hp_loss":0.0,"gold_gain":0.0,"event_name":"Golden Wing","player_choice":"Card Removal","floor":7.0,"gold_loss":0.0,"damage_taken":7.0},{"cards_removed":["Strike_G"],"damage_healed":0.0,"max_hp_gain":0.0,"max_hp_loss":0.0,"gold_gain":0.0,"event_name":"The Cleric","player_choice":"Card Removal","floor":11.0,"gold_loss":50.0,"damage_taken":0.0},{"damage_healed":0.0,"max_hp_gain":0.0,"max_hp_loss":0.0,"gold_gain":0.0,"event_name":"Lab","player_choice":"Got Potions","floor":14.0,"gold_loss":0.0,"damage_taken":0.0},{"damage_healed":0.0,"max_hp_gain":5.0,"max_hp_loss":0.0,"gold_gain":0.0,"event_name":"Forgotten Altar","player_choice":"Shed Blood","floor":31.0,"gold_loss":0.0,"damage_taken":19.0},{"cards_removed":["Defend_G"],"damage_healed":0.0,"max_hp_gain":0.0,"max_hp_loss":0.0,"gold_gain":0.0,"event_name":"Falling","player_choice":"Removed Skill","floor":37.0,"gold_loss":0.0,"damage_taken":0.0},{"damage_healed":0.0,"max_hp_gain":0.0,"max_hp_loss":0.0,"gold_gain":0.0,"event_name":"MindBloom","player_choice":"Fight","floor":44.0,"gold_loss":0.0,"damage_taken":0.0}],"is_beta":false,"boss_relics":[{"not_picked":["Coffee Dripper","Lizard Tail"],"picked":"Snecko Eye"},{"not_picked":["Orrery","Black Star"],"picked":"Astrolabe"}],"items_purged_floors":[],"is_endless":false,"potions_floor_spawned":[1,4,8,16,18,30,33,35,41,48],"ascension_level":9}