{"gold_per_floor":[117,97,97,113,13,33,108,118,118,153,153,187,187,217,217,313,313,326,326,342,342,342,342,20,46,46,136,151,171,171,185,185,286,286,305,353,91,91,12,12,30,30,30,30,41,41,41,60,60,60],"floor_reached":51,"playtime":3613,"items_purged":["Strike_R","Clumsy"],"score":814,"play_id":"f7325c7e-fbb0-4699-a0d3-138c5489381f","local_time":"20180726001310","is_ascension_mode":true,"campfire_choices":[{"data":"Uppercut","floor":11.0,"key":"SMITH"},{"data":"Armaments","floor":13.0,"key":"SMITH"},{"floor":15.0,"key":"DIG"},{"data":"Searing Blow","floor":23.0,"key":"SMITH"},{"data":"Searing Blow+1","floor":30.0,"key":"SMITH"},{"data":"Searing Blow+2","floor":32.0,"key":"SMITH"},{"data":"Searing Blow+3","floor":40.0,"key":"SMITH"},{"data":"Second Wind","floor":44.0,"key":"SMITH"},{"data":"Second Wind","floor":47,"key":"SMITH"},{"data":"Offering","floor":49,"key":"SMITH"}],"neow_cost":"NONE","seed_source_timestamp":0,"circlet_count":0,"master_deck":["Strike_R","Strike_R","Defend_R","Defend_R","Defend_R","Defend_R","Bash+1","Uppercut+1","Clash","Clash","Second Wind+1","Iron Wave","Armaments+1","Seeing Red","Offering+1","Shrug It Off","Armaments+1","Infernal Blade+1","Searing Blow+4","Inflame+1","Dark Embrace+1","Cleave+1","Clash+1","Demon Form+1","Sentinel","Second Wind+1","Jack Of All Trades+1","Feel No Pain+1","Injury","Sentinel","Rage+1","Madness","Madness","Heavy Blade+1","Battle Trance+1","Havoc+1","Intimidate+1"],"special_seed":0,"relics":["Black Blood","Red Skull","Question Card","Anchor","Bird Faced Urn","Cursed Key","Nloth\u0027s Gift","Frozen Egg 2","Charon\u0027s Ashes","Meat on the Bone","Prayer Wheel","Dead Branch"],"potions_floor_usage":[50,50,50,50],"damage_taken":[{"damage":2.0,"enemies":"2 Louse","floor":1.0,"turns":4.0},{"damage":1.0,"enemies":"Cultist","floor":4.0,"turns":3.0},{"damage":0.0,"enemies":"Small Slimes","floor":6.0,"turns":3.0},{"damage":9.0,"enemies":"Red Slaver","floor":8.0,"turns":2.0},{"damage":16.0,"enemies":"3 Sentries","floor":10.0,"turns":10.0},{"damage":6.0,"enemies":"Gremlin Nob","floor":12.0,"turns":3.0},{"damage":15.0,"enemies":"Lagavulin","floor":14.0,"turns":6.0},{"damage":40.0,"enemies":"The Guardian","floor":16.0,"turns":12.0},{"damage":17.0,"enemies":"3 Byrds","floor":18.0,"turns":6.0},{"damage":11.0,"enemies":"2 Thieves","floor":20.0,"turns":4.0},{"damage":9.0,"enemies":"Book of Stabbing","floor":25.0,"turns":3.0},{"damage":19.0,"enemies":"Sentry and Sphere","floor":28.0,"turns":4.0},{"damage":0.0,"enemies":"Snecko","floor":29.0,"turns":2.0},{"damage":8.0,"enemies":"Chosen and Byrds","floor":31.0,"turns":4.0},{"damage":41.0,"enemies":"Automaton","floor":33.0,"turns":7.0},{"damage":7.0,"enemies":"Orb Walker","floor":35.0,"turns":3.0},{"damage":52.0,"floor":36.0,"turns":9.0},{"damage":24.0,"enemies":"Flame Bruiser 1 Orb","floor":41.0,"turns":3.0},{"damage":20,"enemies":"Sphere and 2 Shapes","floor":45,"turns":4},{"damage":19,"enemies":"Flame Bruiser 2 Orb","floor":48,"turns":4},{"damage":41,"enemies":"Donu and Deca","floor":50,"turns":4}],"seed_played":"-5361916631735299348","potions_obtained":[{"floor":1.0,"key":"BloodPotion"},{"floor":2.0,"key":"SkillPotion"},{"floor":6.0,"key":"FearPotion"},{"floor":16.0,"key":"FearPotion"},{"floor":18.0,"key":"Explosive Potion"},{"floor":20.0,"key":"Fire Potion"},{"floor":29.0,"key":"FearPotion"},{"floor":35.0,"key":"EntropicBrew"},{"floor":36.0,"key":"LiquidBronze"},{"floor":48,"key":"SpeedPotion"}],"is_trial":false,"path_per_floor":["M","?","?","M","$","M","?","M","T","E","R","E","R","E","R","B",null,"M","?","M","?","?","R","$","E","T","?","M","M","R","M","R","B",null,"M","?","$","?","$","R","M","?","T","R","M","?","R","M","R","B"],"character_chosen":"IRONCLAD","items_purchased":["Clash","Frozen Egg 2","Inflame+1","Jack Of All Trades","Feel No Pain+1","Sentinel"],"campfire_rested":0,"item_purchase_floors":[5,24,24,37,37,39],"current_hp_per_floor":[80,80,80,80,80,80,69,66,66,56,56,56,56,47,47,21,65,54,54,49,49,49,49,49,48,48,32,33,53,53,55,55,50,73,80,54,54,54,54,54,52,42,42,42,54,54,54,61,61,58],"gold":60,"neow_bonus":"UPGRADE_CARD","is_prod":false,"is_daily":false,"chose_seed":false,"campfire_upgraded":9,"win_rate":0,"timestamp":1532578390,"path_taken":["M","?","?","M","$","M","?","?","T","E","R","E","R","E","R","BOSS","M","?","?","?","?","R","$","E","T","?","M","M","R","M","R","BOSS","M","?","$","?","?","R","M","?","T","R","M","?","R","M","R","BOSS"],"build_version":"2018-07-19v2","purchased_purges":2,"victory":true,"max_hp_per_floor":[80,80,80,80,80,80,80,80,80,80,80,80,80,80,80,80,80,80,80,80,80,80,80,80,80,80,80,80,80,80,80,80,80,80,80,80,80,80,80,80,80,80,80,80,80,80,80,80,80,80],"card_choices":[{"not_picked":["Havoc","Armaments"],"picked":"Uppercut","floor":1.0},{"not_picked":["Perfected Strike","Iron Wave"],"picked":"Clash","floor":4.0},{"not_picked":["Pummel","Infernal Blade","Uppercut"],"picked":"SKIP","floor":6.0},{"not_picked":["Carnage","Feel No Pain"],"picked":"Second Wind","floor":8.0},{"not_picked":["Second Wind","Fire Breathing"],"picked":"Iron Wave","floor":10.0},{"not_picked":["Flex","Evolve","True Grit"],"picked":"Armaments","floor":12.0},{"not_picked":["Heavy Blade","Wild Strike","Entrench"],"picked":"Seeing Red","floor":14.0},{"not_picked":["Bludgeon","Reaper","Exhume"],"picked":"Offering","floor":16.0},{"not_picked":["Flame Barrier","Rupture","Clash+1"],"picked":"Shrug It Off","floor":18.0},{"not_picked":["Armaments","Intimidate","Wild Strike"],"picked":"Infernal Blade+1","floor":20.0},{"not_picked":["Sword Boomerang","Searing Blow","Havoc","Body Slam+1"],"picked":"SKIP","floor":25.0},{"not_picked":["Sentinel","Juggernaut+1","True Grit"],"picked":"Dark Embrace+1","floor":28.0},{"not_picked":["Metallicize+1","Reaper","Warcry+1"],"picked":"Cleave+1","floor":29.0},{"not_picked":["Thunderclap","Warcry","Shrug It Off"],"picked":"Clash+1","floor":31.0},{"not_picked":["Berserk+1","Immolate","Exhume"],"picked":"Demon Form+1","floor":33.0},{"not_picked":["Iron Wave","Pommel Strike+1","Combust+1"],"picked":"Sentinel","floor":35.0},{"not_picked":["Evolve+1","Bloodletting","Warcry"],"picked":"Second Wind","floor":36.0},{"not_picked":["Anger+1","Armaments","Pommel Strike+1"],"picked":"Rage+1","floor":41.0},{"not_picked":["Exhume","Demon Form+1","Clothesline","True Grit"],"picked":"SKIP","floor":41.0},{"not_picked":["Headbutt+1","Thunderclap","Dropkick+1"],"picked":"Heavy Blade+1","floor":45},{"not_picked":["Heavy Blade","Anger","Bludgeon"],"picked":"Battle Trance+1","floor":45},{"not_picked":["Twin Strike+1","Warcry+1","Perfected Strike+1"],"picked":"Havoc+1","floor":48},{"not_picked":["Reckless Charge","Dark Embrace+1","Cleave"],"picked":"Intimidate+1","floor":48}],"player_experience":313022,"relics_obtained":[{"floor":9.0,"key":"Red Skull"},{"floor":10.0,"key":"Question Card"},{"floor":12.0,"key":"Anchor"},{"floor":14.0,"key":"Shovel"},{"floor":15.0,"key":"Bird Faced Urn"},{"floor":25.0,"key":"Charon\u0027s Ashes"},{"floor":26.0,"key":"Meat on the Bone"},{"floor":36.0,"key":"Prayer Wheel"},{"floor":43.0,"key":"Dead Branch"}],"event_choices":[{"event_name":"The Woman in Blue","player_choice":"Bought 1 Potion","floor":2.0,"damage_taken":0.0},{"event_name":"Purifier","player_choice":"One Purge","floor":3.0,"damage_taken":0.0},{"event_name":"World of Goop","player_choice":"Gather Gold","floor":7.0,"damage_taken":0.0},{"event_name":"Duplicator","player_choice":"One dupe","floor":19.0,"damage_taken":0.0},{"event_name":"Transmorgrifier","player_choice":"Transform","floor":21.0,"damage_taken":0.0},{"event_name":"N\u0027loth","player_choice":"Traded a Shovel","floor":22.0,"damage_taken":0.0},{"event_name":"Knowing Skull","player_choice":"GOLD ","floor":27.0,"damage_taken":0.0},{"event_name":"Mysterious Sphere","player_choice":"Fight","floor":36.0,"damage_taken":0.0},{"event_name":"Accursed Blacksmith","player_choice":"Forge","floor":38.0,"damage_taken":0.0},{"event_name":"Winding Halls","player_choice":"Embrace Madness","floor":42.0,"damage_taken":0.0},{"event_name":"Purifier","player_choice":"One Purge","floor":46,"damage_taken":0}],"is_beta":false,"boss_relics":[{"not_picked":["Coffee Dripper","Runic Dome"],"picked":"Cursed Key"},{"not_picked":["Empty Cage","Runic Cube"],"picked":"Black Blood"}],"items_purged_floors":[5,37],"is_endless":false,"potions_floor_spawned":[1,6,16,18,20,29,35,36,48],"ascension_level":5}