{"gold_per_floor":[111,131,131,144,1,1,20,34,34,45,45,79,98,98,98,98],"floor_reached":16,"playtime":816,"items_purged":[],"score":104,"play_id":"6d1ce0c1-7f13-45de-9cce-63625434d6a6","local_time":"20190329092316","is_ascension_mode":false,"campfire_choices":[{"data":"Bloodletting","floor":6,"key":"SMITH"},{"data":"Heavy Blade","floor":15,"key":"SMITH"}],"neow_cost":"NONE","seed_source_timestamp":69641500944883,"circlet_count":0,"master_deck":["Strike_R","Strike_R+1","Strike_R","Strike_R","Strike_R+1","Defend_R","Defend_R","Defend_R","Defend_R","Bash+1","Twin Strike","Iron Wave","Bloodletting+1","Heavy Blade+1","Pommel Strike","Pommel Strike","Rage+1","Pommel Strike","Regret"],"relics":["Burning Blood","Whetstone","Juzu Bracelet","Toxic Egg 2","Ornamental Fan","Singing Bowl"],"potions_floor_usage":[12,16,16,16],"damage_taken":[{"damage":7,"enemies":"2 Louse","floor":1,"turns":3},{"damage":5,"enemies":"Jaw Worm","floor":2,"turns":4},{"damage":1,"enemies":"Cultist","floor":4,"turns":3},{"damage":7,"enemies":"2 Fungi Beasts","floor":7,"turns":4},{"damage":11,"enemies":"Blue Slaver","floor":8,"turns":4},{"damage":0,"enemies":"Large Slime","floor":10,"turns":4},{"damage":24,"enemies":"Lagavulin","floor":12,"turns":5},{"damage":4,"enemies":"2 Fungi Beasts","floor":13,"turns":3},{"damage":68,"enemies":"Hexaghost","floor":16,"turns":11}],"seed_played":"-6475729037742545369","potions_obtained":[{"floor":7,"key":"Weak Potion"},{"floor":8,"key":"AttackPotion"},{"floor":12,"key":"LiquidBronze"},{"floor":13,"key":"Block Potion"}],"is_trial":false,"path_per_floor":["M","M","?","M","$","R","M","M","T","M","$","E","M","?","R","B"],"character_chosen":"IRONCLAD","items_purchased":["Juzu Bracelet"],"campfire_rested":0,"item_purchase_floors":[5],"current_hp_per_floor":[79,80,80,80,80,80,79,74,74,80,80,62,64,64,64,0],"gold":98,"neow_bonus":"RANDOM_COMMON_RELIC","is_prod":false,"is_daily":false,"chose_seed":false,"campfire_upgraded":2,"win_rate":0,"timestamp":1553815396,"path_taken":["M","M","?","M","$","R","M","M","T","M","$","E","M","?","R","BOSS"],"build_version":"2019-01-23","purchased_purges":0,"victory":false,"max_hp_per_floor":[80,80,80,80,80,80,80,80,80,80,80,80,80,80,80,80],"card_choices":[{"not_picked":["Anger","Havoc"],"picked":"Twin Strike","floor":1},{"not_picked":["Fire Breathing","Bloodletting"],"picked":"Iron Wave","floor":2},{"not_picked":["Sword Boomerang","Headbutt"],"picked":"Bloodletting","floor":4},{"not_picked":["Thunderclap","Sword Boomerang"],"picked":"Heavy Blade","floor":7},{"not_picked":["Cleave","Havoc"],"picked":"Pommel Strike","floor":8},{"not_picked":["Iron Wave","Evolve"],"picked":"Pommel Strike","floor":10},{"not_picked":["Iron Wave","Clash"],"picked":"Rage+1","floor":12},{"not_picked":["Second Wind+1","Havoc+1"],"picked":"Pommel Strike","floor":13}],"player_experience":285712,"relics_obtained":[{"floor":9,"key":"Toxic Egg 2"},{"floor":12,"key":"Ornamental Fan"}],"event_choices":[{"damage_healed":0,"gold_gain":0,"player_choice":"Grow","damage_taken":0,"max_hp_gain":0,"max_hp_loss":0,"event_name":"Living Wall","floor":3,"gold_loss":0,"cards_upgraded":["Bash"]},{"damage_healed":0,"gold_gain":0,"player_choice":"Box","damage_taken":0,"relics_obtained":["Singing Bowl"],"max_hp_gain":0,"max_hp_loss":0,"event_name":"Big Fish","floor":14,"gold_loss":0,"cards_obtained":["Regret"]}],"is_beta":false,"boss_relics":[],"items_purged_floors":[],"is_endless":false,"potions_floor_spawned":[7,8,12,13],"killed_by":"Hexaghost","ascension_level":0}