{"gold_per_floor":[119,132,47,64,84,109,123,123],"floor_reached":8,"playtime":531,"items_purged":[],"score":102,"play_id":"13c02585-bfad-4587-9910-5919e2c2dc49","local_time":"20190714043105","is_ascension_mode":true,"campfire_choices":[],"neow_cost":"NONE","seed_source_timestamp":8013290234575,"circlet_count":0,"master_deck":["AscendersBane","Strike_G","Strike_G","Strike_G","Strike_G","Strike_G","Defend_G","Defend_G","Defend_G","Defend_G","Defend_G","Survivor","Neutralize","Backflip","Flechettes","Leg Sweep","PiercingWail","Cloak And Dagger","Well Laid Plans","Dodge and Roll"],"relics":["Ring of the Snake","PreservedInsect","Frozen Egg 2"],"potions_floor_usage":[6,8],"damage_taken":[{"damage":1,"enemies":"Jaw Worm","floor":1,"turns":5},{"damage":8,"enemies":"2 Louse","floor":2,"turns":3},{"damage":2,"enemies":"Small Slimes","floor":4,"turns":5},{"damage":10,"enemies":"Exordium Wildlife","floor":5,"turns":5},{"damage":9,"enemies":"3 Sentries","floor":6,"turns":7},{"damage":0,"enemies":"Blue Slaver","floor":7,"turns":4},{"damage":30,"enemies":"Lagavulin","floor":8,"turns":12}],"seed_played":"2689942435058273663","potions_obtained":[{"floor":2,"key":"FearPotion"},{"floor":4,"key":"SkillPotion"}],"is_trial":false,"path_per_floor":["M","M","$","M","M","E","M","E"],"character_chosen":"THE_SILENT","items_purchased":["Leg Sweep","PiercingWail"],"campfire_rested":0,"item_purchase_floors":[3,3],"current_hp_per_floor":[58,50,50,48,38,29,29,0],"gold":123,"neow_bonus":"RANDOM_COMMON_RELIC","is_prod":false,"is_daily":false,"chose_seed":false,"campfire_upgraded":0,"win_rate":0,"timestamp":1563042665,"path_taken":["M","M","$","M","M","E","M","E"],"build_version":"2019-07-05","purchased_purges":0,"victory":false,"max_hp_per_floor":[66,66,66,66,66,66,66,66],"card_choices":[{"not_picked":["Slice","Underhanded Strike"],"picked":"Backflip","floor":1},{"not_picked":["Acrobatics","Calculated Gamble"],"picked":"Flechettes","floor":2},{"not_picked":["Prepared","Blur"],"picked":"Cloak And Dagger","floor":4},{"not_picked":["Catalyst","Endless Agony"],"picked":"Well Laid Plans","floor":5},{"not_picked":["Leg Sweep","Accuracy","Outmaneuver"],"picked":"SKIP","floor":6},{"not_picked":["Escape Plan","Concentrate"],"picked":"Dodge and Roll","floor":7}],"player_experience":977344,"relics_obtained":[{"floor":6,"key":"Frozen Egg 2"}],"event_choices":[],"is_beta":false,"boss_relics":[],"items_purged_floors":[],"is_endless":false,"potions_floor_spawned":[2,4,5],"killed_by":"Lagavulin","ascension_level":14}