{"gold_per_floor":[215,215,161,177,200,274,289,310,334,334,370,400],"floor_reached":12,"playtime":1046,"items_purged":[],"score":95,"play_id":"2c04dc53-d845-4ecf-862e-145766b8129b","local_time":"20190714033427","is_ascension_mode":true,"campfire_choices":[{"floor":10,"key":"REST"}],"neow_cost":"NONE","seed_source_timestamp":288216939568641,"circlet_count":0,"master_deck":["Strike_R","Strike_R","Strike_R","Strike_R","Strike_R","Defend_R","Defend_R","Defend_R","Defend_R","Bash","Flex","Shrug It Off","Clothesline","Body Slam","Blood for Blood","Armaments","Shrug It Off","Reaper"],"relics":["Burning Blood","Golden Idol","Tiny Chest","Boot","Ancient Tea Set"],"potions_floor_usage":[6,11],"damage_taken":[{"damage":6,"enemies":"2 Louse","floor":1,"turns":3},{"damage":7,"enemies":"Small Slimes","floor":4,"turns":4},{"damage":1,"enemies":"Cultist","floor":5,"turns":3},{"damage":22,"enemies":"3 Sentries","floor":6,"turns":10},{"damage":26,"enemies":"Large Slime","floor":7,"turns":6},{"damage":21,"enemies":"Red Slaver","floor":8,"turns":7},{"damage":26,"enemies":"Lagavulin","floor":11,"turns":10},{"damage":62,"enemies":"Gremlin Nob","floor":12,"turns":6}],"seed_played":"-2083324402321220011","potions_obtained":[{"floor":4,"key":"EssenceOfSteel"},{"floor":8,"key":"Energy Potion"}],"is_trial":false,"path_per_floor":["M","?","$","M","M","E","M","M","T","R","E","?"],"character_chosen":"IRONCLAD","items_purchased":["Shrug It Off"],"campfire_rested":1,"item_purchase_floors":[3],"current_hp_per_floor":[80,74,74,73,74,58,38,23,23,45,25,0],"gold":400,"neow_bonus":"HUNDRED_GOLD","is_prod":false,"is_daily":false,"chose_seed":false,"campfire_upgraded":0,"win_rate":0,"timestamp":1563071667,"path_taken":["M","?","$","M","M","E","M","M","T","R","E","?"],"build_version":"2019-07-05","purchased_purges":0,"victory":false,"max_hp_per_floor":[80,74,74,74,74,74,74,74,74,74,74,74],"card_choices":[{"not_picked":["Headbutt","Anger"],"picked":"Flex","floor":1},{"not_picked":["Impervious","Flame Barrier"],"picked":"Clothesline","floor":4},{"not_picked":["Perfected Strike","Thunderclap"],"picked":"Body Slam","floor":5},{"not_picked":["Sword Boomerang","Shockwave"],"picked":"Blood for Blood","floor":6},{"not_picked":["Anger","Pummel"],"picked":"Armaments","floor":7},{"not_picked":["Searing Blow","Cleave"],"picked":"Shrug It Off","floor":8},{"not_picked":["Cleave","Thunderclap"],"picked":"Reaper","floor":11}],"player_experience":46121,"relics_obtained":[{"floor":6,"key":"Tiny Chest"},{"floor":9,"key":"Boot"},{"floor":11,"key":"Ancient Tea Set"}],"event_choices":[{"damage_healed":0,"gold_gain":0,"player_choice":"Lose Max HP","damage_taken":0,"relics_obtained":["Golden Idol"],"max_hp_gain":0,"max_hp_loss":6,"event_name":"Golden Idol","floor":2,"gold_loss":0},{"damage_healed":0,"gold_gain":30,"player_choice":"Searched \u00272\u0027 times","damage_taken":0,"max_hp_gain":0,"max_hp_loss":0,"event_name":"Dead Adventurer","floor":12,"gold_loss":0}],"is_beta":false,"boss_relics":[],"items_purged_floors":[],"is_endless":false,"potions_floor_spawned":[4,8],"killed_by":"Gremlin Nob","ascension_level":1}