{"gold_per_floor":[109,109,109,109,109,134,134,166,247,266,301,301,321,337,337,414,414,429,439,439,539,539,539,550,37,63,63,63,95,108,137,137,208,208,219,239,290,310,325,325,350,350,350,379,30,59,74,74,74,74,74],"floor_reached":52,"playtime":4557,"items_purged":[],"score":2367,"play_id":"5357aa01-86cf-43c9-a272-28d715c157d3","local_time":"20190506085256","is_ascension_mode":true,"campfire_choices":[{"data":"Neutralize","floor":7.0,"key":"SMITH"},{"data":"Dagger Spray","floor":12.0,"key":"SMITH"},{"data":"Predator","floor":15.0,"key":"SMITH"},{"data":"Ghostly","floor":23.0,"key":"SMITH"},{"floor":27.0,"key":"REST"},{"data":"Footwork","floor":32,"key":"SMITH"},{"data":"Ghostly","floor":40,"key":"SMITH"},{"data":"Wraith Form v2","floor":42,"key":"SMITH"},{"data":"Backflip","floor":49,"key":"SMITH"}],"neow_cost":"NONE","seed_source_timestamp":1027572454606336,"circlet_count":0,"master_deck":["AscendersBane","Defend_G","Defend_G","Defend_G","Defend_G","Defend_G+1","Strike_G","Strike_G","Strike_G","Strike_G","Survivor","Neutralize+1","Crippling Poison+1","Infinite Blades","Riddle With Holes","Predator+1","Dagger Spray+1","Adrenaline","Leg Sweep","Malaise","Backstab","Ghostly","Ghostly+1","Ghostly+1","Terror","Footwork+1","Phantasmal Killer","Writhe","Acrobatics","Flying Knee+1","Backflip+1","Noxious Fumes+1","Wraith Form v2+1","Dodge and Roll+1","Footwork","Deflect","Dodge and Roll+1","Writhe"],"special_seed":0,"relics":["Ring of the Snake","NeowsBlessing","Omamori","FossilizedHelix","Pen Nib","Paper Crane","Bottled Lightning","Sozu","Turnip","Meat on the Bone","Gremlin Horn","TheAbacus","Bronze Scales","Darkstone Periapt","Pocketwatch","Calling Bell","Orichalcum","Question Card","Peace Pipe","Du-Vu Doll","Snake Skull","Kunai","The Specimen","Mummified Hand","Lantern"],"potions_floor_usage":[],"damage_taken":[{"damage":0.0,"enemies":"2 Louse","floor":1.0,"turns":1.0},{"damage":0.0,"enemies":"3 Sentries","floor":6.0,"turns":2.0},{"damage":0.0,"enemies":"Lagavulin","floor":8.0,"turns":1.0},{"damage":0.0,"enemies":"Jaw Worm","floor":10.0,"turns":5.0},{"damage":0.0,"enemies":"Gremlin Nob","floor":11.0,"turns":3.0},{"damage":0.0,"enemies":"Small Slimes","floor":13.0,"turns":2.0},{"damage":0.0,"enemies":"Blue Slaver","floor":14.0,"turns":3.0},{"damage":10.0,"enemies":"Slime Boss","floor":16.0,"turns":8.0},{"damage":0.0,"enemies":"Spheric Guardian","floor":18.0,"turns":8.0},{"damage":0.0,"enemies":"Shell Parasite","floor":19.0,"turns":4.0},{"damage":9.0,"enemies":"Colosseum Slavers","floor":21.0,"turns":4.0},{"damage":31.0,"enemies":"Colosseum Nobs","floor":21.0,"turns":4.0},{"damage":14.0,"enemies":"Cultist and Chosen","floor":24.0,"turns":8.0},{"damage":7.0,"enemies":"Gremlin Leader","floor":29.0,"turns":8.0},{"damage":13,"enemies":"Centurion and Healer","floor":30,"turns":6},{"damage":0,"enemies":"Book of Stabbing","floor":31,"turns":5},{"damage":1,"enemies":"Automaton","floor":33,"turns":12},{"damage":0,"enemies":"Orb Walker","floor":35,"turns":5},{"damage":0,"enemies":"3 Shapes","floor":36,"turns":4},{"damage":4,"enemies":"2 Orb Walkers","floor":37,"turns":5},{"damage":0,"enemies":"Spire Growth","floor":38,"turns":6},{"damage":0,"enemies":"4 Shapes","floor":39,"turns":5},{"damage":0,"enemies":"Giant Head","floor":41,"turns":9},{"damage":0,"enemies":"Nemesis","floor":44,"turns":7},{"damage":12,"enemies":"Giant Head","floor":46,"turns":9},{"damage":0,"enemies":"Maw","floor":47,"turns":7},{"damage":14,"enemies":"Awakened One","floor":50,"turns":16},{"damage":0,"enemies":"Time Eater","floor":51,"turns":14}],"seed_played":"-3496401891550662795","potions_obtained":[{"floor":1.0,"key":"Regen Potion"},{"floor":8.0,"key":"Energy Potion"},{"floor":10.0,"key":"SteroidPotion"},{"floor":14.0,"key":"Block Potion"}],"is_trial":false,"path_per_floor":["M","?","?","?","?","E","R","E","T","M","E","R","M","M","R","B",null,"M","M","?","?","?","R","M","$","T","R","$","E","M","E","R","B",null,"M","M","?","M","M","R","E","R","T","E","$","E","M","?","R","B","B",null],"character_chosen":"THE_SILENT","items_purchased":["Gremlin Horn","TheAbacus","Mummified Hand","Footwork"],"campfire_rested":1,"item_purchase_floors":[25,25,45,45],"current_hp_per_floor":[59,39,44,26,19,19,19,19,19,34,34,34,34,34,34,24,59,59,59,59,19,19,19,17,17,17,27,27,20,19,19,19,18,37,37,37,33,33,33,33,33,33,33,33,33,21,21,35,35,33,33],"gold":74,"neow_bonus":"THREE_ENEMY_KILL","is_prod":false,"is_daily":false,"chose_seed":false,"campfire_upgraded":8,"win_rate":0,"timestamp":1557147176,"path_taken":["M","?","?","?","?","E","R","E","T","?","E","R","M","M","R","BOSS","M","M","?","?","?","R","?","$","T","R","?","E","M","E","R","BOSS","M","M","?","M","M","R","E","R","T","E","$","E","M","?","R","BOSS","BOSS"],"build_version":"2019-01-23","purchased_purges":0,"victory":true,"max_hp_per_floor":[66,66,71,71,71,71,71,71,71,71,71,71,71,71,71,71,71,71,71,71,71,35,35,35,35,35,35,35,35,35,35,35,35,41,41,41,41,41,41,41,41,41,41,41,41,41,41,47,47,47,47],"card_choices":[{"not_picked":["Catalyst","Reflex"],"picked":"Crippling Poison","floor":1.0},{"not_picked":["Dodge and Roll","Cloak And Dagger"],"picked":"Infinite Blades","floor":6.0},{"not_picked":["PiercingWail","Slice"],"picked":"Riddle With Holes","floor":8.0},{"not_picked":["Acrobatics","Cloak And Dagger"],"picked":"Predator","floor":10.0},{"not_picked":["Bouncing Flask","Outmaneuver"],"picked":"Dagger Spray","floor":11.0},{"not_picked":["PiercingWail","Poisoned Stab"],"picked":"Adrenaline","floor":13.0},{"not_picked":["Skewer","Dodge and Roll"],"picked":"Leg Sweep","floor":14.0},{"not_picked":["Bullet Time","Doppelganger"],"picked":"Malaise","floor":16.0},{"not_picked":["Dagger Throw","PiercingWail","Prepared"],"picked":"SKIP","floor":18.0},{"not_picked":["Choke","Dagger Throw","Outmaneuver"],"picked":"SKIP","floor":19.0},{"not_picked":["Choke","Slice","Underhanded Strike"],"picked":"SKIP","floor":24.0},{"not_picked":["Dagger Spray","Setup"],"picked":"Terror","floor":29.0},{"not_picked":["Catalyst","Dagger Spray","Skewer"],"picked":"SKIP","floor":30},{"not_picked":["Catalyst","Dagger Spray","Skewer"],"picked":"SKIP","floor":30},{"not_picked":["Reflex","All Out Attack+1"],"picked":"Footwork","floor":31},{"not_picked":["Storm of Steel","Adrenaline"],"picked":"Phantasmal Killer","floor":33},{"not_picked":["Quick Slash","Prepared","Bane"],"picked":"Acrobatics","floor":36},{"not_picked":["Calculated Gamble+1","Tools of the Trade","Heel Hook"],"picked":"Flying Knee+1","floor":37},{"not_picked":["PiercingWail","Dagger Throw","Poisoned Stab"],"picked":"Backflip","floor":38},{"not_picked":["Deadly Poison","Tactician","Slice"],"picked":"Noxious Fumes+1","floor":39},{"not_picked":["Dash","Deadly Poison","Malaise"],"picked":"Wraith Form v2","floor":41},{"not_picked":["Blade Dance","Bane+1","All Out Attack"],"picked":"Dodge and Roll+1","floor":44},{"not_picked":["PiercingWail+1","Noxious Fumes","Concentrate+1"],"picked":"Deflect","floor":46},{"not_picked":["Backflip","Eviscerate","Underhanded Strike"],"picked":"Dodge and Roll+1","floor":47}],"player_experience":1455239,"relics_obtained":[{"floor":6.0,"key":"FossilizedHelix"},{"floor":8.0,"key":"Pen Nib"},{"floor":9.0,"key":"Paper Crane"},{"floor":11.0,"key":"Bottled Lightning"},{"floor":21.0,"key":"Turnip"},{"floor":21.0,"key":"Meat on the Bone"},{"floor":26.0,"key":"Bronze Scales"},{"floor":29.0,"key":"Darkstone Periapt"},{"floor":31,"key":"Pocketwatch"},{"floor":34,"key":"Orichalcum"},{"floor":34,"key":"Question Card"},{"floor":34,"key":"Peace Pipe"},{"floor":37,"key":"Du-Vu Doll"},{"floor":41,"key":"Snake Skull"},{"floor":43,"key":"Kunai"},{"floor":44,"key":"The Specimen"},{"floor":46,"key":"Lantern"}],"event_choices":[{"damage_healed":0.0,"max_hp_gain":0.0,"max_hp_loss":0.0,"gold_gain":0.0,"event_name":"Shining Light","player_choice":"Entered Light","floor":2.0,"gold_loss":0.0,"damage_taken":20.0,"cards_upgraded":["Defend_G","Crippling Poison"]},{"damage_healed":0.0,"max_hp_gain":5.0,"max_hp_loss":0.0,"gold_gain":0.0,"event_name":"Big Fish","player_choice":"Donut","floor":3.0,"gold_loss":0.0,"damage_taken":0.0},{"damage_healed":0.0,"max_hp_gain":0.0,"max_hp_loss":0.0,"gold_gain":0.0,"event_name":"Scrap Ooze","player_choice":"Success","floor":4.0,"gold_loss":0.0,"damage_taken":18.0,"relics_obtained":["Omamori"]},{"cards_removed":["Strike_G"],"damage_healed":0.0,"max_hp_gain":0.0,"max_hp_loss":0.0,"gold_gain":0.0,"event_name":"Golden Wing","player_choice":"Card Removal","floor":5.0,"gold_loss":0.0,"damage_taken":7.0},{"damage_healed":0.0,"max_hp_gain":0.0,"max_hp_loss":0.0,"gold_gain":0.0,"event_name":"The Library","player_choice":"Read","floor":20.0,"gold_loss":0.0,"damage_taken":0.0,"cards_obtained":["Backstab"]},{"damage_healed":0.0,"max_hp_gain":0.0,"max_hp_loss":0.0,"gold_gain":0.0,"event_name":"Colosseum","player_choice":"Fight","floor":21.0,"gold_loss":0.0,"damage_taken":0.0},{"damage_healed":0.0,"max_hp_gain":0.0,"max_hp_loss":0.0,"gold_gain":0.0,"event_name":"Colosseum","player_choice":"Fought Nobs","floor":21.0,"gold_loss":0.0,"damage_taken":0.0},{"damage_healed":0.0,"max_hp_gain":0.0,"max_hp_loss":36.0,"gold_gain":0.0,"event_name":"Ghosts","player_choice":"Became a Ghost","floor":22.0,"gold_loss":0.0,"damage_taken":0.0,"cards_obtained":["Ghostly","Ghostly","Ghostly"]},{"damage_healed":0,"gold_gain":0,"player_choice":"Fight","damage_taken":0,"max_hp_gain":0,"max_hp_loss":0,"event_name":"Mysterious Sphere","floor":37,"gold_loss":0},{"damage_healed":8,"gold_gain":0,"player_choice":"Writhe","damage_taken":0,"max_hp_gain":0,"max_hp_loss":0,"event_name":"Winding Halls","floor":48,"gold_loss":0,"cards_obtained":["Writhe"]}],"is_beta":false,"boss_relics":[{"not_picked":["Runic Dome","Orrery"],"picked":"Sozu"},{"not_picked":["Lizard Tail","Astrolabe"],"picked":"Calling Bell"}],"items_purged_floors":[],"is_endless":false,"potions_floor_spawned":[1,8,10,14,19,21,30,33,37,38,39,41,47],"ascension_level":20}