{"gold_per_floor":[111,121,138,152,152,152,169,200,224,259,259,287,348,273,273,344,344,357,357,368,368],"floor_reached":21,"playtime":1234,"items_purged":[],"score":448,"play_id":"6a715d02-de37-49d4-9f44-3c2867caccbc","local_time":"20190818110435","is_ascension_mode":true,"campfire_choices":[{"data":"Genetic Algorithm","floor":6,"key":"SMITH"},{"data":"Fission","floor":11,"key":"SMITH"},{"data":"Static Discharge","floor":15,"key":"SMITH"}],"neow_cost":"TEN_PERCENT_HP_LOSS","seed_source_timestamp":1884485028377068,"circlet_count":0,"master_deck":["AscendersBane","Strike_B","Strike_B","Strike_B","Strike_B","Defend_B","Defend_B","Defend_B","Defend_B+1","Zap","Dualcast+1","Genetic Algorithm+1","Cold Snap","Barrage","Sweeping Beam","Fission+1","Genetic Algorithm","Loop","Beam Cell+1","Static Discharge+1","Thunder Strike+1","Melter+1","RitualDagger+1"],"relics":["Cracked Core","Pocketwatch","Molten Egg 2","PreservedInsect","Omamori","War Paint","Ancient Tea Set","The Courier","Snecko Eye"],"potions_floor_usage":[8,12,13,16,18],"damage_taken":[{"damage":0,"enemies":"Small Slimes","floor":1,"turns":3},{"damage":3,"enemies":"2 Louse","floor":2,"turns":3},{"damage":2,"enemies":"Cultist","floor":3,"turns":4},{"damage":8,"enemies":"2 Fungi Beasts","floor":4,"turns":3},{"damage":2,"enemies":"Blue Slaver","floor":7,"turns":4},{"damage":14,"enemies":"Lagavulin","floor":8,"turns":7},{"damage":8,"enemies":"3 Sentries","floor":10,"turns":6},{"damage":0,"enemies":"Lagavulin","floor":12,"turns":6},{"damage":0,"enemies":"Gremlin Nob","floor":13,"turns":3},{"damage":5,"enemies":"The Guardian","floor":16,"turns":10},{"damage":15,"enemies":"2 Thieves","floor":18,"turns":3},{"damage":24,"enemies":"Shell Parasite","floor":20,"turns":4},{"damage":20,"enemies":"Shelled Parasite and Fungi","floor":21,"turns":3}],"seed_played":"-7183807848679399361","potions_obtained":[{"floor":2,"key":"Block Potion"},{"floor":3,"key":"SpeedPotion"},{"floor":8,"key":"FearPotion"},{"floor":12,"key":"PowerPotion"},{"floor":13,"key":"SpeedPotion"}],"is_trial":false,"path_per_floor":["M","M","M","M","?","R","M","E","T","E","R","E","?","?","R","B",null,"M","?","M","M"],"character_chosen":"DEFECT","items_purchased":[],"campfire_rested":0,"item_purchase_floors":[],"current_hp_per_floor":[64,61,59,51,56,56,54,40,40,32,32,32,32,32,32,27,59,44,38,14,0],"gold":368,"neow_bonus":"ONE_RARE_RELIC","is_prod":false,"is_daily":false,"chose_seed":false,"campfire_upgraded":3,"win_rate":0,"timestamp":1566140675,"path_taken":["M","M","M","M","?","R","M","E","T","E","R","E","?","?","R","BOSS","M","?","M","M"],"build_version":"2019-07-17","purchased_purges":0,"victory":false,"max_hp_per_floor":[64,64,64,64,69,69,69,69,69,69,69,69,69,69,69,69,69,69,69,69,69],"card_choices":[{"not_picked":["Coolheaded","White Noise"],"picked":"Genetic Algorithm","floor":1},{"not_picked":["Gash","Reinforced Body"],"picked":"Cold Snap","floor":2},{"not_picked":["Aggregate","Rebound"],"picked":"Barrage","floor":3},{"not_picked":["Rip and Tear","Consume"],"picked":"Sweeping Beam","floor":4},{"not_picked":["Auto Shields","Recycle"],"picked":"Fission","floor":7},{"not_picked":["Sweeping Beam","Barrage"],"picked":"Genetic Algorithm","floor":8},{"not_picked":["Coolheaded","Steam Power"],"picked":"Loop","floor":10},{"not_picked":["Hologram","Thunder Strike+1"],"picked":"Beam Cell+1","floor":12},{"not_picked":["Rebound+1","Tempest"],"picked":"Static Discharge","floor":13},{"not_picked":["Reboot","Creative AI"],"picked":"Thunder Strike+1","floor":16},{"not_picked":["Barrage+1","Storm"],"picked":"Melter+1","floor":18},{"not_picked":["Compile Driver+1","Beam Cell+1","Barrage+1"],"picked":"SKIP","floor":20}],"player_experience":1817023,"relics_obtained":[{"floor":8,"key":"Molten Egg 2"},{"floor":9,"key":"PreservedInsect"},{"floor":10,"key":"Omamori"},{"floor":12,"key":"War Paint"},{"floor":13,"key":"Ancient Tea Set"}],"event_choices":[{"damage_healed":0,"gold_gain":0,"player_choice":"Donut","damage_taken":0,"max_hp_gain":5,"max_hp_loss":0,"event_name":"Big Fish","floor":5,"gold_loss":0},{"damage_healed":0,"gold_gain":0,"player_choice":"Searched \u00272\u0027 times","damage_taken":0,"max_hp_gain":0,"max_hp_loss":0,"event_name":"Dead Adventurer","floor":13,"gold_loss":0},{"damage_healed":0,"gold_gain":0,"player_choice":"Paid Gold","damage_taken":0,"relics_obtained":["The Courier"],"max_hp_gain":0,"max_hp_loss":0,"event_name":"WeMeetAgain","floor":14,"gold_loss":75},{"damage_healed":0,"gold_gain":0,"player_choice":"Joined the Cult","damage_taken":6,"max_hp_gain":0,"max_hp_loss":0,"event_name":"Nest","floor":19,"gold_loss":0,"cards_obtained":["RitualDagger"]}],"is_beta":false,"boss_relics":[{"not_picked":["Velvet Choker","Astrolabe"],"picked":"Snecko Eye"}],"items_purged_floors":[],"is_endless":false,"potions_floor_spawned":[2,3,8,12,13],"killed_by":"Shelled Parasite and Fungi","ascension_level":20}