{"gold_per_floor":[113,113,125,143,143,143,157,157,183,202,213,213,243,258,258,357,357,370,387,387,95,110,110,141,240,267,279,299,309,309,323,323,323],"floor_reached":33,"playtime":1797,"items_purged":[],"score":447,"play_id":"5eee87d2-b5aa-4bf1-a896-27a9210a6190","local_time":"20181106110924","is_ascension_mode":true,"campfire_choices":[{"data":"Streamline","floor":6,"key":"SMITH"},{"data":"Zap","floor":8,"key":"SMITH"},{"data":"Hologram","floor":12,"key":"SMITH"},{"floor":15,"key":"REST"},{"data":"Hologram","floor":23,"key":"SMITH"},{"floor":30,"key":"REST"},{"floor":32,"key":"REST"}],"neow_cost":"NONE","seed_source_timestamp":832379510562019,"circlet_count":0,"master_deck":["AscendersBane","Zap+1","Dualcast","Conserve Battery+1","Streamline+1","Coolheaded","Reinforced Body","Hologram+1","Gash","Melter","Gash+1","Ball Lightning+1","Hologram+1","Gash","Go for the Eyes","Scrape+1","Steam+1","Undo","Hello World","Steam Power+1","Conserve Battery+1","All For One"],"relics":["Cracked Core","Ancient Tea Set","Vajra","Pandora\u0027s Box","Whetstone","Oddly Smooth Stone","Bag of Marbles","Omamori"],"potions_floor_usage":[10,13,16,16,33,33],"damage_taken":[{"damage":1,"enemies":"Cultist","floor":1,"turns":3},{"damage":7,"enemies":"Jaw Worm","floor":3,"turns":4},{"damage":13,"enemies":"2 Louse","floor":4,"turns":2},{"damage":2,"enemies":"Looter","floor":7,"turns":3},{"damage":2,"enemies":"Exordium Wildlife","floor":10,"turns":3},{"damage":0,"enemies":"3 Louse","floor":11,"turns":3},{"damage":0,"enemies":"3 Sentries","floor":13,"turns":7},{"damage":49,"enemies":"Gremlin Gang","floor":14,"turns":4},{"damage":1,"enemies":"The Guardian","floor":16,"turns":10},{"damage":7,"enemies":"3 Byrds","floor":18,"turns":5},{"damage":0,"enemies":"Spheric Guardian","floor":19,"turns":1},{"damage":35,"enemies":"Cultist and Chosen","floor":22,"turns":5},{"damage":2,"enemies":"Book of Stabbing","floor":24,"turns":4},{"damage":24,"enemies":"Snake Plant","floor":27,"turns":3},{"damage":0,"enemies":"Centurion and Healer","floor":28,"turns":5},{"damage":0,"enemies":"Sentry and Sphere","floor":29,"turns":3},{"damage":0,"enemies":"Cultist and Chosen","floor":31,"turns":4},{"damage":63,"enemies":"Automaton","floor":33,"turns":8}],"seed_played":"-6341609782257511261","potions_obtained":[{"floor":1,"key":"FocusPotion"},{"floor":3,"key":"Fire Potion"},{"floor":7,"key":"GamblersBrew"},{"floor":13,"key":"Dexterity Potion"},{"floor":24,"key":"FairyPotion"},{"floor":27,"key":"EssenceOfSteel"},{"floor":29,"key":"GamblersBrew"}],"is_trial":false,"path_per_floor":["M","?","M","M","?","R","M","R","T","M","M","R","E","M","R","B",null,"M","M","?","$","M","R","E","?","T","M","M","M","R","M","R","B"],"character_chosen":"DEFECT","items_purchased":["Whetstone","Oddly Smooth Stone"],"campfire_rested":3,"item_purchase_floors":[21,21],"current_hp_per_floor":[74,74,67,54,54,54,52,52,52,50,50,50,50,1,25,24,68,61,61,61,61,26,26,24,24,24,8,8,8,32,32,56,0],"gold":323,"neow_bonus":"TEN_PERCENT_HP_BONUS","is_prod":false,"is_daily":false,"chose_seed":false,"campfire_upgraded":4,"win_rate":0,"timestamp":1541520564,"path_taken":["M","?","?","M","?","R","M","R","T","M","?","R","E","M","R","BOSS","M","M","?","$","M","R","E","?","T","M","M","M","R","M","R","BOSS"],"build_version":"2018-11-01","purchased_purges":0,"victory":false,"max_hp_per_floor":[82,82,82,82,82,82,82,82,82,82,82,82,82,82,82,82,82,82,82,82,82,82,82,82,82,82,82,82,82,82,82,82,82],"card_choices":[{"not_picked":["Capacitor","Auto Shields"],"picked":"Conserve Battery","floor":1},{"not_picked":["Leap","Turbo"],"picked":"Streamline","floor":3},{"not_picked":["Barrage","Compile Driver"],"picked":"Coolheaded","floor":4},{"not_picked":["Leap","Recycle"],"picked":"Hologram","floor":7},{"not_picked":["Conserve Battery","Go for the Eyes"],"picked":"Gash","floor":10},{"not_picked":["Auto Shields","Chaos","Electrodynamics"],"picked":"SKIP","floor":11},{"not_picked":["Coolheaded","Hologram","Heatsinks"],"picked":"SKIP","floor":13},{"not_picked":["Cold Snap","Reinforced Body","Recycle"],"picked":"SKIP","floor":14},{"not_picked":["Electrodynamics","Multi-Cast"],"picked":"Meteor Strike","floor":16},{"not_picked":["Steam","Conserve Battery+1"],"picked":"Scrape+1","floor":18},{"not_picked":["Barrage","Go for the Eyes"],"picked":"Steam+1","floor":19},{"not_picked":["Self Repair+1","Cold Snap"],"picked":"Steam Power+1","floor":22},{"not_picked":["Tempest","Doom and Gloom","Ball Lightning"],"picked":"SKIP","floor":24},{"not_picked":["Rebound+1","Genetic Algorithm","Storm"],"picked":"SKIP","floor":27},{"not_picked":["Darkness","Storm"],"picked":"Conserve Battery+1","floor":28},{"not_picked":["Reprogram","Sweeping Beam"],"picked":"All For One","floor":29},{"not_picked":["Stack","Melter","Barrage+1"],"picked":"SKIP","floor":31}],"player_experience":632369,"relics_obtained":[{"floor":9,"key":"Ancient Tea Set"},{"floor":13,"key":"Vajra"},{"floor":24,"key":"Bag of Marbles"},{"floor":26,"key":"Omamori"}],"event_choices":[{"damage_healed":0,"gold_gain":0,"player_choice":"Forge","damage_taken":0,"max_hp_gain":0,"max_hp_loss":0,"event_name":"Accursed Blacksmith","floor":2,"gold_loss":0,"cards_upgraded":["Conserve Battery"]},{"damage_healed":0,"gold_gain":0,"cards_transformed":["Strike_B"],"player_choice":"Transformed","damage_taken":0,"max_hp_gain":0,"max_hp_loss":0,"event_name":"Transmorgrifier","floor":5,"gold_loss":0,"cards_obtained":["Reinforced Body"]},{"damage_healed":0,"gold_gain":0,"cards_transformed":["Force Field","Meteor Strike"],"player_choice":"Became Test Subject","damage_taken":0,"max_hp_gain":0,"max_hp_loss":0,"event_name":"Drug Dealer","floor":20,"gold_loss":0,"cards_obtained":["Undo","Hello World"]},{"damage_healed":0,"gold_gain":99,"player_choice":"Stole From Cult","damage_taken":0,"max_hp_gain":0,"max_hp_loss":0,"event_name":"Nest","floor":25,"gold_loss":0}],"is_beta":false,"boss_relics":[{"not_picked":["FrozenCore","Fusion Hammer"],"picked":"Pandora\u0027s Box"}],"items_purged_floors":[],"is_endless":false,"potions_floor_spawned":[1,3,7,13,24,27,29],"killed_by":"Automaton","ascension_level":10}