{"gold_per_floor":[112,142,155,155,155,155,180,194,266,301,301,327,337,354,354,458,458,468,485,151,151,169,169,194,214,214,240,253,272,272,187,187,284,284,302,402,416,416,33,33,68,68,68,91,103,115,137,149],"floor_reached":48,"playtime":2076,"items_purged":["Strike_R","Strike_R"],"score":500,"play_id":"6ba01e42-cdd7-48b9-b669-8726ae626e5b","local_time":"20190418032616","is_ascension_mode":false,"campfire_choices":[{"data":"Bash","floor":6,"key":"SMITH"},{"data":"Flex","floor":11,"key":"SMITH"},{"data":"Armaments","floor":15,"key":"SMITH"},{"floor":23,"key":"REST"},{"data":"Spot Weakness","floor":30,"key":"SMITH"},{"floor":32,"key":"REST"},{"data":"Heavy Blade","floor":40,"key":"SMITH"},{"floor":42,"key":"REST"},{"floor":46,"key":"REST"}],"neow_cost":"PERCENT_DAMAGE","seed_source_timestamp":27852310045152,"circlet_count":0,"master_deck":["Defend_R","Defend_R","Defend_R","Defend_R","Bash+1","Clash","Flex+1","Seeing Red","Cleave","Heavy Blade+1","Seeing Red","Armaments+1","Demon Form","Rampage+1","Dark Embrace+1","Whirlwind+1","Infernal Blade","Spot Weakness+1","Rage","Pommel Strike","Heavy Blade","Blood for Blood","Berserk","Shrug It Off","Fire Breathing","Inflame","Iron Wave+1","Madness","Madness"],"relics":["Burning Blood","Thread and Needle","Tiny Chest","Gambling Chip","PreservedInsect","Ornamental Fan","Question Card","Gremlin Horn","Astrolabe","Meat on the Bone","MutagenicStrength","Orichalcum","Boot","Sundial","Mark of Pain","Ice Cream","Shuriken","Bronze Scales","MawBank"],"potions_floor_usage":[7,10,13,14,16,18,22,25,33,37,41,44],"damage_taken":[{"damage":0,"enemies":"Small Slimes","floor":1,"turns":3},{"damage":0,"enemies":"2 Louse","floor":3,"turns":2},{"damage":14,"enemies":"Lagavulin","floor":7,"turns":4},{"damage":0,"enemies":"Cultist","floor":8,"turns":2},{"damage":4,"enemies":"Gremlin Nob","floor":10,"turns":3},{"damage":5,"enemies":"3 Sentries","floor":12,"turns":5},{"damage":4,"enemies":"Exordium Wildlife","floor":13,"turns":3},{"damage":11,"enemies":"Exordium Thugs","floor":14,"turns":3},{"damage":50,"enemies":"Hexaghost","floor":16,"turns":10},{"damage":30,"enemies":"Chosen","floor":18,"turns":5},{"damage":37,"enemies":"Spheric Guardian","floor":19,"turns":6},{"damage":27,"enemies":"Centurion and Healer","floor":22,"turns":9},{"damage":16,"enemies":"Gremlin Leader","floor":24,"turns":5},{"damage":11,"enemies":"Chosen and Byrds","floor":25,"turns":5},{"damage":8,"enemies":"Snecko","floor":28,"turns":5},{"damage":24,"enemies":"Snake Plant","floor":29,"turns":4},{"damage":65,"enemies":"Automaton","floor":33,"turns":9},{"damage":0,"enemies":"3 Darklings","floor":35,"turns":1},{"damage":0,"enemies":"Mind Bloom Boss Battle","floor":36,"turns":5},{"damage":17,"enemies":"3 Shapes","floor":37,"turns":2},{"damage":51,"enemies":"Nemesis","floor":41,"turns":5},{"damage":18,"enemies":"Sphere and 2 Shapes","floor":44,"turns":4},{"damage":59,"enemies":"Writhing Mass","floor":47,"turns":4},{"damage":21,"enemies":"2 Orb Walkers","floor":48,"turns":3}],"seed_played":"8824118506162082498","potions_obtained":[{"floor":3,"key":"Poison Potion"},{"floor":8,"key":"LiquidBronze"},{"floor":10,"key":"SteroidPotion"},{"floor":12,"key":"Weak Potion"},{"floor":14,"key":"Weak Potion"},{"floor":16,"key":"Regen Potion"},{"floor":19,"key":"Dexterity Potion"},{"floor":24,"key":"SteroidPotion"},{"floor":29,"key":"GamblersBrew"},{"floor":36,"key":"Explosive Potion"},{"floor":37,"key":"SkillPotion"},{"floor":41,"key":"SteroidPotion"}],"is_trial":false,"path_per_floor":["M","?","M","?","?","R","E","M","T","E","R","E","M","M","R","B",null,"M","M","$","?","M","R","E","M","T","T","M","M","R","?","R","B",null,"M","?","M","?","$","R","E","R","T","M","?","R","M","?"],"character_chosen":"IRONCLAD","items_purchased":["Meat on the Bone","Shuriken","Inflame"],"campfire_rested":4,"item_purchase_floors":[20,39,39],"current_hp_per_floor":[62,59,65,65,65,65,57,63,63,65,65,66,68,63,63,19,80,65,34,34,34,25,49,51,58,58,58,56,50,50,50,74,27,80,80,80,69,69,69,69,36,60,60,48,38,62,21,0],"gold":149,"neow_bonus":"ONE_RARE_RELIC","is_prod":false,"is_daily":false,"chose_seed":false,"campfire_upgraded":5,"win_rate":0,"timestamp":1555521976,"path_taken":["M","?","M","?","?","R","E","M","T","E","R","E","?","M","R","BOSS","M","M","$","?","M","R","E","M","T","?","?","M","R","?","R","BOSS","M","?","M","?","$","R","E","R","T","M","?","R","M","?"],"build_version":"2019-01-23","purchased_purges":2,"victory":false,"max_hp_per_floor":[80,80,80,80,80,80,80,80,80,80,80,80,80,80,80,80,80,80,80,80,80,80,80,80,80,80,80,80,80,80,80,80,80,80,80,80,80,80,80,80,80,80,80,80,80,80,80,80],"card_choices":[{"not_picked":["Clothesline","Wild Strike"],"picked":"Clash","floor":1},{"not_picked":["Headbutt","Intimidate"],"picked":"Flex","floor":3},{"not_picked":["Dual Wield","Wild Strike"],"picked":"Seeing Red","floor":7},{"not_picked":["Headbutt","Body Slam"],"picked":"Cleave","floor":8},{"not_picked":["Intimidate","Ghostly Armor"],"picked":"Heavy Blade","floor":10},{"not_picked":["Ghostly Armor","Burning Pact","Thunderclap"],"picked":"Seeing Red","floor":12},{"not_picked":["Pommel Strike","Twin Strike","Iron Wave"],"picked":"Armaments","floor":13},{"not_picked":["Bludgeon","Pummel","Sword Boomerang","True Grit"],"picked":"SKIP","floor":14},{"not_picked":["Brutality","Barricade","Dark Embrace"],"picked":"Demon Form","floor":16},{"not_picked":["Anger","Perfected Strike","Cleave"],"picked":"Infernal Blade","floor":18},{"not_picked":["Twin Strike+1","Searing Blow","Heavy Blade"],"picked":"Spot Weakness","floor":19},{"not_picked":["Evolve","Body Slam","Brutality"],"picked":"Rage","floor":22},{"not_picked":["Clothesline","Disarm","Warcry"],"picked":"Pommel Strike","floor":24},{"not_picked":["Clothesline+1","Hemokinesis+1","Uppercut"],"picked":"Heavy Blade","floor":25},{"not_picked":["Hemokinesis","Ghostly Armor","Pommel Strike","Whirlwind"],"picked":"SKIP","floor":28},{"not_picked":["Armaments+1","Headbutt","Havoc+1"],"picked":"Blood for Blood","floor":29},{"not_picked":["Offering","Exhume","Fiend Fire"],"picked":"Berserk","floor":33},{"not_picked":["True Grit+1","Burning Pact","Seeing Red"],"picked":"Shrug It Off","floor":35},{"not_picked":["Havoc+1","Flame Barrier","Uppercut+1"],"picked":"Fire Breathing","floor":37},{"not_picked":["Second Wind","True Grit","Carnage+1","Clothesline+1"],"picked":"SKIP","floor":41},{"not_picked":["Body Slam","Armaments+1","Evolve"],"picked":"Iron Wave+1","floor":44},{"not_picked":["Uppercut","Heavy Blade","Perfected Strike+1","Rupture"],"picked":"SKIP","floor":47}],"player_experience":318516,"relics_obtained":[{"floor":7,"key":"PreservedInsect"},{"floor":9,"key":"Ornamental Fan"},{"floor":10,"key":"Question Card"},{"floor":12,"key":"Gremlin Horn"},{"floor":24,"key":"Orichalcum"},{"floor":26,"key":"Boot"},{"floor":36,"key":"Ice Cream"},{"floor":41,"key":"Bronze Scales"},{"floor":43,"key":"MawBank"}],"event_choices":[{"damage_healed":0,"gold_gain":0,"player_choice":"Success","damage_taken":3,"relics_obtained":["Tiny Chest"],"max_hp_gain":0,"max_hp_loss":0,"event_name":"Scrap Ooze","floor":2,"gold_loss":0},{"damage_healed":0,"gold_gain":0,"player_choice":"Box","damage_taken":0,"relics_obtained":["Gambling Chip"],"max_hp_gain":0,"max_hp_loss":0,"event_name":"Big Fish","floor":4,"gold_loss":0,"cards_obtained":["Regret"]},{"cards_removed":["Regret"],"damage_healed":0,"gold_gain":0,"player_choice":"Purged","damage_taken":0,"max_hp_gain":0,"max_hp_loss":0,"event_name":"Purifier","floor":5,"gold_loss":0},{"damage_healed":0,"gold_gain":0,"player_choice":"Inject Mutagens","damage_taken":0,"relics_obtained":["MutagenicStrength"],"max_hp_gain":0,"max_hp_loss":0,"event_name":"Drug Dealer","floor":21,"gold_loss":0},{"damage_healed":0,"gold_gain":0,"player_choice":"Obtained Relic","damage_taken":0,"relics_obtained":["Sundial"],"max_hp_gain":0,"max_hp_loss":0,"event_name":"Addict","floor":31,"gold_loss":85},{"damage_healed":0,"gold_gain":0,"player_choice":"Fight","damage_taken":0,"max_hp_gain":0,"max_hp_loss":0,"event_name":"MindBloom","floor":36,"gold_loss":0},{"damage_healed":0,"gold_gain":0,"player_choice":"Ignored","damage_taken":0,"max_hp_gain":0,"max_hp_loss":0,"event_name":"Tomb of Lord Red Mask","floor":38,"gold_loss":0},{"damage_healed":0,"gold_gain":0,"player_choice":"Embrace Madness","damage_taken":10,"max_hp_gain":0,"max_hp_loss":0,"event_name":"Winding Halls","floor":45,"gold_loss":0,"cards_obtained":["Madness","Madness"]},{"damage_healed":0,"gold_gain":0,"player_choice":"Fight","damage_taken":0,"max_hp_gain":0,"max_hp_loss":0,"event_name":"Mysterious Sphere","floor":48,"gold_loss":0}],"is_beta":false,"boss_relics":[{"not_picked":["Lizard Tail","Tiny House"],"picked":"Astrolabe"},{"not_picked":["Runic Dome","Black Star"],"picked":"Mark of Pain"}],"items_purged_floors":[20,39],"is_endless":false,"potions_floor_spawned":[3,8,10,12,14,16,19,24,29,36,37,41],"killed_by":"2 Orb Walkers","ascension_level":0}