{"gold_per_floor":[116,130,150,160,160,195,31,31,31,109,109],"floor_reached":11,"playtime":712,"items_purged":["Strike_B"],"score":146,"play_id":"09de1126-aed9-4ff4-a99b-24d20753c515","local_time":"20190809164455","is_ascension_mode":true,"campfire_choices":[{"data":"Doom and Gloom","floor":8,"key":"SMITH"}],"neow_cost":"NONE","seed_source_timestamp":1127773730970900,"circlet_count":0,"master_deck":["AscendersBane","Strike_B","Strike_B","Defend_B","Defend_B","Defend_B","Defend_B","Zap","Dualcast","Streamline","Coolheaded","Stack","Sweeping Beam","Doom and Gloom+1","Loop"],"special_seed":0,"relics":["Cracked Core","Golden Idol","Mercury Hourglass","Pantograph"],"potions_floor_usage":[],"damage_taken":[{"damage":0,"enemies":"2 Louse","floor":1,"turns":2},{"damage":0,"enemies":"Small Slimes","floor":2,"turns":2},{"damage":2,"enemies":"Jaw Worm","floor":3,"turns":3},{"damage":2,"enemies":"2 Fungi Beasts","floor":4,"turns":3},{"damage":32,"enemies":"Lagavulin","floor":6,"turns":10},{"damage":29,"enemies":"Large Slime","floor":11,"turns":3}],"seed_played":"7077354051479161164","potions_obtained":[],"is_trial":false,"path_per_floor":["M","M","M","M","?","E","$","R","T","?","M"],"character_chosen":"DEFECT","items_purchased":["Loop"],"campfire_rested":0,"item_purchase_floors":[7],"current_hp_per_floor":[64,64,62,60,60,28,28,28,28,28,0],"gold":109,"neow_bonus":"REMOVE_CARD","is_prod":false,"is_daily":false,"chose_seed":false,"campfire_upgraded":1,"win_rate":0,"timestamp":1565383495,"path_taken":["M","M","M","M","?","E","$","R","T","?","M"],"build_version":"2019-07-17","purchased_purges":1,"victory":false,"max_hp_per_floor":[71,71,71,71,64,64,64,64,64,64,64],"card_choices":[{"not_picked":["Barrage","Rebound"],"picked":"Streamline","floor":1},{"not_picked":["Self Repair","Streamline"],"picked":"Coolheaded","floor":2},{"not_picked":["Hologram","Coolheaded"],"picked":"Stack","floor":3},{"not_picked":["Darkness","Creative AI"],"picked":"Sweeping Beam","floor":4},{"not_picked":["Rebound","Sweeping Beam"],"picked":"Doom and Gloom","floor":6}],"player_experience":1735389,"relics_obtained":[{"floor":6,"key":"Mercury Hourglass"},{"floor":9,"key":"Pantograph"}],"event_choices":[{"damage_healed":0,"gold_gain":0,"player_choice":"Lose Max HP","damage_taken":0,"relics_obtained":["Golden Idol"],"max_hp_gain":0,"max_hp_loss":7,"event_name":"Golden Idol","floor":5,"gold_loss":0},{"damage_healed":0,"gold_gain":78,"player_choice":"Gained Gold","damage_taken":0,"max_hp_gain":0,"max_hp_loss":0,"event_name":"Golden Wing","floor":10,"gold_loss":0}],"is_beta":false,"boss_relics":[],"items_purged_floors":[7],"is_endless":false,"potions_floor_spawned":[],"killed_by":"Large Slime","ascension_level":20}