{"gold_per_floor":[118,131,141,141,160,189,189,214,214,214,214,245,276,301,301,400,400,420,434,434,434,434],"floor_reached":22,"playtime":3425,"items_purged":[],"score":408,"play_id":"02ff0c7d-6932-4ef1-8a3a-e5a9521e9e35","local_time":"20190824152829","is_ascension_mode":true,"campfire_choices":[{"floor":7.0,"key":"REST"},{"floor":10.0,"key":"REST"},{"floor":15,"key":"REST"}],"neow_cost":"NONE","seed_source_timestamp":2416443880213257,"circlet_count":0,"master_deck":["AscendersBane","Strike_B","Strike_B","Strike_B","Defend_B","Defend_B","Defend_B","Defend_B","Zap","Dualcast","Cold Snap","Streamline","Redo","Compile Driver","Fusion","Barrage","Leap","Doom and Gloom","Electrodynamics","Stack","Leap+1"],"special_seed":0,"relics":["Cracked Core","Omamori","Vajra","Mercury Hourglass","Art of War","Golden Idol","Odd Mushroom","Cables","Eternal Feather","Letter Opener"],"potions_floor_usage":[16,22],"damage_taken":[{"damage":6.0,"enemies":"Cultist","floor":1.0,"turns":3.0},{"damage":2.0,"enemies":"Jaw Worm","floor":2.0,"turns":4.0},{"damage":0.0,"enemies":"2 Louse","floor":3.0,"turns":2.0},{"damage":12.0,"enemies":"Blue Slaver","floor":5.0,"turns":5.0},{"damage":26.0,"enemies":"Lagavulin","floor":6.0,"turns":6.0},{"damage":33.0,"enemies":"3 Sentries","floor":8.0,"turns":6.0},{"damage":11.0,"enemies":"The Mushroom Lair","floor":12.0,"turns":3.0},{"damage":9,"enemies":"Gremlin Nob","floor":13,"turns":3},{"damage":0,"enemies":"Large Slime","floor":14,"turns":3},{"damage":1,"enemies":"Slime Boss","floor":16,"turns":5},{"damage":0,"enemies":"Chosen","floor":18,"turns":3},{"damage":39,"enemies":"Shell Parasite","floor":19,"turns":5},{"damage":32,"enemies":"Shelled Parasite and Fungi","floor":22,"turns":4}],"seed_played":"4572954870476880043","potions_obtained":[{"floor":3.0,"key":"Swift Potion"},{"floor":5.0,"key":"Poison Potion"},{"floor":8.0,"key":"SkillPotion"},{"floor":14,"key":"FearPotion"},{"floor":18,"key":"Fire Potion"}],"is_trial":false,"path_per_floor":["M","M","M","?","M","E","R","E","T","R","?","?","E","M","R","B",null,"M","M","?","?","M"],"character_chosen":"DEFECT","items_purchased":[],"campfire_rested":3,"item_purchase_floors":[],"current_hp_per_floor":[65,63,63,58,46,20,43,10,10,33,33,22,13,13,36,35,67,67,28,28,28,0],"gold":434,"neow_bonus":"TEN_PERCENT_HP_BONUS","is_prod":false,"is_daily":false,"chose_seed":false,"campfire_upgraded":0,"win_rate":0,"timestamp":1566674909,"path_taken":["M","M","M","?","M","E","R","E","T","R","?","?","E","M","R","BOSS","M","M","?","?","M"],"build_version":"2019-07-17","purchased_purges":0,"victory":false,"max_hp_per_floor":[78,78,78,78,78,78,78,78,78,78,78,78,78,78,78,78,78,78,78,78,78,78],"card_choices":[{"not_picked":["Reinforced Body","Double Energy"],"picked":"Cold Snap","floor":1.0},{"not_picked":["Coolheaded","Tempest","Hologram"],"picked":"SKIP","floor":2.0},{"not_picked":["Turbo","Auto Shields"],"picked":"Streamline","floor":3.0},{"not_picked":["Gash","Turbo"],"picked":"Redo","floor":5.0},{"not_picked":["Thunder Strike","Capacitor"],"picked":"Compile Driver","floor":6.0},{"not_picked":["Capacitor","Gash"],"picked":"Fusion","floor":8.0},{"not_picked":["Capacitor","Compile Driver"],"picked":"Barrage","floor":12.0},{"not_picked":["Hello World","Storm"],"picked":"Leap","floor":13},{"not_picked":["Auto Shields","Reinforced Body"],"picked":"Doom and Gloom","floor":14},{"not_picked":["Buffer","Seek"],"picked":"Electrodynamics","floor":16},{"not_picked":["Steam","Rebound"],"picked":"Stack","floor":18},{"not_picked":["Consume","Streamline"],"picked":"Leap+1","floor":19}],"player_experience":1833533,"relics_obtained":[{"floor":6.0,"key":"Vajra"},{"floor":8.0,"key":"Mercury Hourglass"},{"floor":9.0,"key":"Art of War"},{"floor":12.0,"key":"Odd Mushroom"},{"floor":13,"key":"Cables"}],"event_choices":[{"damage_healed":0.0,"max_hp_gain":0.0,"max_hp_loss":0.0,"gold_gain":0.0,"event_name":"Scrap Ooze","player_choice":"Success","floor":4.0,"gold_loss":0.0,"damage_taken":5.0,"relics_obtained":["Omamori"]},{"damage_healed":0.0,"max_hp_gain":0.0,"max_hp_loss":0.0,"gold_gain":0.0,"event_name":"Golden Idol","player_choice":"Take Wound","floor":11.0,"gold_loss":0.0,"damage_taken":0.0,"relics_obtained":["Golden Idol"],"cards_obtained":["Injury"]},{"damage_healed":0.0,"max_hp_gain":0.0,"max_hp_loss":0.0,"gold_gain":0.0,"event_name":"Mushrooms","player_choice":"Fought Mushrooms","floor":12.0,"gold_loss":0.0,"damage_taken":0.0},{"damage_healed":0,"gold_gain":0,"player_choice":"Stole Relic","damage_taken":0,"relics_obtained":["Letter Opener"],"max_hp_gain":0,"max_hp_loss":0,"event_name":"Addict","floor":20,"gold_loss":0,"cards_obtained":["Shame"]},{"cards_removed":["Strike_B"],"damage_healed":0,"gold_gain":0,"player_choice":"Offered Basic","damage_taken":0,"max_hp_gain":0,"max_hp_loss":0,"event_name":"Bonfire Elementals","floor":21,"gold_loss":0}],"is_beta":false,"boss_relics":[{"not_picked":["Runic Dome","Sozu"],"picked":"Eternal Feather"}],"items_purged_floors":[],"is_endless":false,"potions_floor_spawned":[3,5,8,14,18],"killed_by":"Shelled Parasite and Fungi","ascension_level":20}