{"gold_per_floor":[114,114,126,12,23,51,70,70,70,70,70],"floor_reached":11,"playtime":426,"items_purged":[],"score":84,"play_id":"9d1c61e2-8564-4ec5-b28a-6c5dd87ea070","local_time":"20190429120308","is_ascension_mode":true,"campfire_choices":[{"floor":8,"key":"REST"}],"neow_cost":"NONE","seed_source_timestamp":28460954923573,"circlet_count":0,"master_deck":["Strike_B","Strike_B","Strike_B","Strike_B","Defend_B","Defend_B","Defend_B","Defend_B","Zap","Dualcast","Chaos","Decay","Go for the Eyes","Hello World","Conserve Battery","Auto Shields","Ball Lightning","Capacitor"],"relics":["Cracked Core","NeowsBlessing","Centennial Puzzle","The Courier"],"potions_floor_usage":[6,11,11],"damage_taken":[{"damage":0,"enemies":"2 Louse","floor":1,"turns":1},{"damage":0,"enemies":"Cultist","floor":3,"turns":1},{"damage":0,"enemies":"Small Slimes","floor":5,"turns":1},{"damage":27,"enemies":"3 Sentries","floor":6,"turns":7},{"damage":33,"enemies":"Gremlin Gang","floor":7,"turns":5},{"damage":65,"enemies":"Gremlin Nob","floor":11,"turns":4}],"seed_played":"-197795540222482182","potions_obtained":[{"floor":1,"key":"AttackPotion"},{"floor":10,"key":"Swift Potion"},{"floor":10,"key":"EssenceOfSteel"},{"floor":10,"key":"SkillPotion"}],"is_trial":false,"path_per_floor":["M","?","M","$","M","E","M","R","T","?","E"],"character_chosen":"DEFECT","items_purchased":["Hello World","Conserve Battery"],"campfire_rested":1,"item_purchase_floors":[4,4],"current_hp_per_floor":[75,75,75,75,75,48,15,37,37,37,0],"gold":70,"neow_bonus":"THREE_ENEMY_KILL","is_prod":false,"is_daily":false,"chose_seed":false,"campfire_upgraded":0,"win_rate":0,"timestamp":1556503388,"path_taken":["M","?","?","$","M","E","M","R","T","?","E"],"build_version":"2019-01-23","purchased_purges":0,"victory":false,"max_hp_per_floor":[75,75,75,75,75,75,75,75,75,75,75],"card_choices":[{"not_picked":["Compile Driver","Coolheaded"],"picked":"Chaos","floor":1},{"not_picked":["Steam","Streamline"],"picked":"Go for the Eyes","floor":3},{"not_picked":["Rebound","Compile Driver"],"picked":"Auto Shields","floor":5},{"not_picked":["Meteor Strike","Static Discharge"],"picked":"Ball Lightning","floor":6},{"not_picked":["Static Discharge","Conserve Battery"],"picked":"Capacitor","floor":7}],"player_experience":508027,"relics_obtained":[{"floor":6,"key":"Centennial Puzzle"},{"floor":9,"key":"The Courier"}],"event_choices":[{"damage_healed":0,"gold_gain":0,"player_choice":"Cursed","damage_taken":0,"max_hp_gain":0,"max_hp_loss":0,"event_name":"Wheel of Change","floor":2,"gold_loss":0,"cards_obtained":["Decay"]},{"damage_healed":0,"gold_gain":0,"player_choice":"Got Potions","damage_taken":0,"max_hp_gain":0,"max_hp_loss":0,"event_name":"Lab","floor":10,"gold_loss":0}],"is_beta":false,"boss_relics":[],"items_purged_floors":[],"is_endless":false,"potions_floor_spawned":[1],"killed_by":"Gremlin Nob","ascension_level":3}