{"path_per_floor":["M","M","M","M","M","R","?","E","T","$","M","?","R","M","R"],"character_chosen":"THE_SILENT","items_purchased":["Underhanded Strike","Quick Slash"],"gold_per_floor":[116,133,148,118,130,130,80,107,107,10,25,0,0,11,11],"floor_reached":16,"campfire_rested":3,"playtime":1305,"current_hp_per_floor":[69,69,69,69,35,56,56,5,5,5,5,5,26,26,47],"items_purged":[],"gold":11,"score":102,"play_id":"8eea5039-c92a-40b8-ba01-f6d16d848c61","local_time":"20180320013338","is_prod":false,"is_daily":false,"is_ascension_mode":false,"campfire_upgraded":0,"timestamp":1521524018,"path_taken":["M","M","M","M","?","R","?","E","T","?","M","?","R","M","R","BOSS"],"build_version":"2018-03-15v3","purchased_purges":0,"victory":false,"master_deck":["Defend_G","Defend_G","Defend_G","Strike_G","Strike_G","Strike_G","Strike_G","Strike_G","Survivor","Neutralize","Deflect","Dagger Throw","Acrobatics","Night Terror","Outmaneuver","Footwork","Underhanded Strike","Quick Slash","Flying Knee"],"max_hp_per_floor":[70,70,70,70,70,70,70,70,70,70,70,70,70,70,70],"relics":["Ring of the Snake","Oddly Smooth Stone","Ginger"],"card_choices":[{"not_picked":["Prepared","Blur"],"picked":"Deflect"},{"not_picked":["Poisoned Stab","Malaise"],"picked":"Dagger Throw"},{"not_picked":["Quick Slash","Underhanded Strike"],"picked":"Acrobatics"},{"not_picked":["Acrobatics","Choke"],"picked":"Night Terror"},{"not_picked":["Dagger Spray","Riddle With Holes"],"picked":"Outmaneuver"},{"not_picked":["Dagger Throw","Bane"],"picked":"Footwork"},{"not_picked":["Outmaneuver","Crippling Poison"],"picked":"Flying Knee"}],"player_experience":14842,"potions_floor_usage":[11,14,16],"damage_taken":[{"damage":1,"enemies":"Cultist","floor":1,"turns":4},{"damage":0,"enemies":"Small Slimes","floor":2,"turns":5},{"damage":0,"enemies":"2 Louse","floor":3,"turns":3},{"damage":0,"enemies":"Looter","floor":4,"turns":4},{"damage":34,"enemies":"Exordium Thugs","floor":5,"turns":9},{"damage":51,"enemies":"Gremlin Nob","floor":8,"turns":6},{"damage":0,"enemies":"2 Fungi Beasts","floor":11,"turns":3},{"damage":0,"enemies":"Blue Slaver","floor":14,"turns":5},{"damage":53,"enemies":"Hexaghost","floor":16,"turns":15}],"event_choices":[{"event_name":"The Cleric","player_choice":"Card Removal","floor":7,"damage_taken":0},{"event_name":"World of Goop","player_choice":"Left","floor":12,"damage_taken":0}],"boss_relics":[],"potions_floor_spawned":[3,5,8,11],"seed_played":"9094859090946585923","killed_by":"Hexaghost","ascension_level":0,"is_trial":false}