{"gold_per_floor":[118,135,146,158,158,158,171,171,171,202,222,222],"floor_reached":12,"playtime":457,"items_purged":[],"score":164,"play_id":"a28cee70-05d6-4917-9c47-7841a9a3dce7","local_time":"20190814220827","is_ascension_mode":true,"campfire_choices":[{"data":"Zap","floor":6,"key":"SMITH"},{"data":"Doom and Gloom","floor":8,"key":"SMITH"}],"neow_cost":"NONE","seed_source_timestamp":1579489538504849,"circlet_count":0,"master_deck":["AscendersBane","Strike_B","Strike_B","Strike_B","Defend_B","Defend_B","Defend_B","Defend_B","Zap+1","Dualcast","Gash","Barrage","Doom and Gloom+1","All For One","FTL","Reboot","Turbo"],"relics":["Cracked Core","Bag of Marbles","Regal Pillow"],"potions_floor_usage":[4,12],"damage_taken":[{"damage":1,"enemies":"Cultist","floor":1,"turns":3},{"damage":14,"enemies":"Small Slimes","floor":2,"turns":3},{"damage":2,"enemies":"2 Louse","floor":3,"turns":3},{"damage":0,"enemies":"Large Slime","floor":4,"turns":4},{"damage":9,"enemies":"2 Fungi Beasts","floor":7,"turns":2},{"damage":30,"enemies":"Lagavulin","floor":10,"turns":6},{"damage":3,"enemies":"Blue Slaver","floor":11,"turns":2},{"damage":20,"enemies":"3 Sentries","floor":12,"turns":5}],"seed_played":"5691696241837991974","potions_obtained":[{"floor":2,"key":"Fire Potion"},{"floor":4,"key":"LiquidBronze"},{"floor":10,"key":"Swift Potion"},{"floor":11,"key":"AttackPotion"}],"is_trial":false,"path_per_floor":["M","M","M","M","?","R","M","R","T","E","M","E"],"character_chosen":"DEFECT","items_purchased":[],"campfire_rested":0,"item_purchase_floors":[],"current_hp_per_floor":[70,56,54,54,54,54,45,45,45,15,12,0],"gold":222,"neow_bonus":"TEN_PERCENT_HP_BONUS","is_prod":false,"is_daily":false,"chose_seed":false,"campfire_upgraded":2,"win_rate":0,"timestamp":1565834907,"path_taken":["M","M","M","?","?","R","M","R","T","E","?","E"],"build_version":"2019-07-17","purchased_purges":0,"victory":false,"max_hp_per_floor":[78,78,78,78,78,78,78,78,78,78,78,78],"card_choices":[{"not_picked":["Turbo","Skim"],"picked":"Gash","floor":1},{"not_picked":["White Noise","Skim"],"picked":"Barrage","floor":2},{"not_picked":["Redo","FTL"],"picked":"Doom and Gloom","floor":3},{"not_picked":["Ball Lightning","Redo"],"picked":"All For One","floor":4},{"not_picked":["Leap","Blizzard"],"picked":"FTL","floor":7},{"not_picked":["Go for the Eyes","Doom and Gloom"],"picked":"Reboot","floor":10},{"not_picked":["Coolheaded","Hologram"],"picked":"Turbo","floor":11}],"player_experience":1802752,"relics_obtained":[{"floor":9,"key":"Bag of Marbles"},{"floor":10,"key":"Regal Pillow"}],"event_choices":[{"cards_removed":["Strike_B"],"damage_healed":0,"gold_gain":0,"player_choice":"Offered Basic","damage_taken":0,"max_hp_gain":0,"max_hp_loss":0,"event_name":"Bonfire Elementals","floor":5,"gold_loss":0}],"is_beta":false,"boss_relics":[],"items_purged_floors":[],"is_endless":false,"potions_floor_spawned":[2,4,10,11],"killed_by":"3 Sentries","ascension_level":20}