{"gold_per_floor":[116,130,130,3,15,44,56,83,95,124,136,161,190,220,232,343,355,382,405,417],"floor_reached":20,"playtime":870,"items_purged":["Defend_R"],"score":313,"play_id":"85878ccf-2d17-4b53-917f-9278dabb4e05","local_time":"20181202160455","is_ascension_mode":true,"campfire_choices":[{"data":"Perfected Strike","floor":7,"key":"SMITH"},{"data":"Feed","floor":11,"key":"SMITH"},{"data":"Perfected Strike","floor":15,"key":"SMITH"}],"neow_cost":"NONE","seed_source_timestamp":148415522928454,"circlet_count":0,"master_deck":["AscendersBane","Strike_R","Strike_R","Strike_R","Strike_R","Strike_R","Defend_R","Defend_R","Defend_R","Bash+1","Perfected Strike+1","Thunderclap","Flex","Perfected Strike+1","Feed+1","Warcry","Pommel Strike","Iron Wave","Impervious","Pommel Strike"],"relics":["Burning Blood","MawBank","Paper Frog","Black Star"],"potions_floor_usage":[6,6,12,16,18,20],"damage_taken":[{"damage":14,"enemies":"Jaw Worm","floor":1,"turns":5},{"damage":4,"enemies":"2 Louse","floor":2,"turns":3},{"damage":7,"enemies":"Small Slimes","floor":5,"turns":3},{"damage":35,"enemies":"3 Sentries","floor":6,"turns":7},{"damage":11,"enemies":"3 Louse","floor":8,"turns":3},{"damage":15,"enemies":"Gremlin Gang","floor":10,"turns":4},{"damage":1,"enemies":"Blue Slaver","floor":12,"turns":2},{"damage":0,"enemies":"2 Fungi Beasts","floor":13,"turns":2},{"damage":9,"enemies":"Lots of Slimes","floor":14,"turns":4},{"damage":58,"enemies":"Hexaghost","floor":16,"turns":8},{"damage":32,"enemies":"Shell Parasite","floor":18,"turns":5},{"damage":31,"enemies":"3 Byrds","floor":19,"turns":7},{"damage":31,"enemies":"Centurion and Healer","floor":20,"turns":4}],"seed_played":"-3625244060066483438","potions_obtained":[{"floor":1,"key":"PowerPotion"},{"floor":2,"key":"Regen Potion"},{"floor":10,"key":"Block Potion"},{"floor":12,"key":"AttackPotion"},{"floor":16,"key":"Fire Potion"},{"floor":19,"key":"SkillPotion"}],"is_trial":false,"path_per_floor":["M","M","?","$","M","E","R","M","T","M","R","M","M","M","R","B",null,"M","M","M"],"character_chosen":"IRONCLAD","items_purchased":["Flex"],"campfire_rested":0,"item_purchase_floors":[4],"current_hp_per_floor":[64,66,71,71,70,56,56,54,54,48,48,53,59,60,60,8,73,47,26,0],"gold":417,"neow_bonus":"UPGRADE_CARD","is_prod":false,"is_daily":false,"chose_seed":false,"campfire_upgraded":3,"win_rate":0,"timestamp":1543784695,"path_taken":["M","M","?","$","M","E","R","M","T","M","R","M","M","M","R","BOSS","M","M","M"],"build_version":"2018-11-15","purchased_purges":1,"victory":false,"max_hp_per_floor":[80,80,85,85,85,85,85,88,88,91,91,91,91,95,95,95,95,95,99,99],"card_choices":[{"not_picked":["Heavy Blade","True Grit"],"picked":"Perfected Strike","floor":1},{"not_picked":["Anger","Iron Wave"],"picked":"Thunderclap","floor":2},{"not_picked":["Thunderclap","Armaments"],"picked":"Perfected Strike","floor":5},{"not_picked":["Entrench","Clothesline"],"picked":"Feed","floor":6},{"not_picked":["Headbutt","Sever Soul"],"picked":"Warcry","floor":8},{"not_picked":["Body Slam","Sever Soul","Reckless Charge"],"picked":"SKIP","floor":10},{"not_picked":["Shrug It Off","Seeing Red"],"picked":"Pommel Strike","floor":12},{"not_picked":["Flex","Clash"],"picked":"Iron Wave","floor":13},{"not_picked":["Sever Soul","Dual Wield","Metallicize"],"picked":"SKIP","floor":14},{"not_picked":["Feed","Barricade"],"picked":"Impervious","floor":16},{"not_picked":["Rampage","Flex"],"picked":"Pommel Strike","floor":18},{"not_picked":["Blood for Blood","Warcry","Hemokinesis+1"],"picked":"SKIP","floor":19}],"player_experience":756694,"relics_obtained":[{"floor":6,"key":"MawBank"},{"floor":9,"key":"Paper Frog"}],"event_choices":[{"damage_healed":0,"gold_gain":0,"player_choice":"Donut","damage_taken":0,"max_hp_gain":5,"max_hp_loss":0,"event_name":"Big Fish","floor":3,"gold_loss":0}],"is_beta":false,"boss_relics":[{"not_picked":["Runic Dome","Eternal Feather"],"picked":"Black Star"}],"items_purged_floors":[4],"is_endless":false,"potions_floor_spawned":[1,2,10,12,16,19],"killed_by":"Centurion and Healer","ascension_level":12}