{"gold_per_floor":[118,137,150,150,150,150,184,204,204,204,217,217,230,264,264,340,340,359,372,389,406,424,424,454,454,499,532,532,532,542,565,565,565],"floor_reached":33,"playtime":4025,"items_purged":[],"score":623,"play_id":"d18e3c1d-326a-4490-9781-1813027d0475","local_time":"20190806225537","is_ascension_mode":true,"campfire_choices":[{"data":"Gash","floor":6.0,"key":"SMITH"},{"data":"Hyperbeam","floor":10.0,"key":"SMITH"},{"data":"Go for the Eyes","floor":12.0,"key":"SMITH"},{"data":"Leap","floor":15.0,"key":"SMITH"},{"data":"Beam Cell","floor":23.0,"key":"SMITH"},{"floor":25.0,"key":"REST"},{"floor":32,"key":"REST"}],"neow_cost":"NONE","seed_source_timestamp":887471640353257,"circlet_count":0,"master_deck":["AscendersBane","Strike_B","Strike_B","Defend_B","Defend_B","Defend_B","Zap","Dualcast","BootSequence","Sweeping Beam","Gash+1","Rebound","Hyperbeam+1","Go for the Eyes+1","Leap+1","Hyperbeam","Gash+1","Beam Cell+1","Gash+1","Coolheaded","Hologram+1"],"special_seed":0,"relics":["Cracked Core","Ornamental Fan","Mango","Emotion Chip","Sozu","Vajra","Pear","DataDisk"],"potions_floor_usage":[],"damage_taken":[{"damage":7.0,"enemies":"Jaw Worm","floor":1.0,"turns":3.0},{"damage":0.0,"enemies":"2 Louse","floor":2.0,"turns":2.0},{"damage":2.0,"enemies":"Cultist","floor":3.0,"turns":4.0},{"damage":15.0,"enemies":"3 Sentries","floor":7.0,"turns":5.0},{"damage":1.0,"enemies":"3 Louse","floor":8.0,"turns":3.0},{"damage":0.0,"enemies":"Large Slime","floor":11.0,"turns":3.0},{"damage":0.0,"enemies":"Blue Slaver","floor":13.0,"turns":2.0},{"damage":8.0,"enemies":"Gremlin Nob","floor":14.0,"turns":3.0},{"damage":11.0,"enemies":"The Guardian","floor":16.0,"turns":12.0},{"damage":0.0,"enemies":"Chosen","floor":18.0,"turns":3.0},{"damage":0.0,"enemies":"2 Thieves","floor":19.0,"turns":2.0},{"damage":1.0,"enemies":"3 Cultists","floor":20.0,"turns":3.0},{"damage":16.0,"enemies":"Cultist and Chosen","floor":21.0,"turns":4.0},{"damage":2.0,"enemies":"Sentry and Sphere","floor":22.0,"turns":3.0},{"damage":45.0,"enemies":"Book of Stabbing","floor":24.0,"turns":4.0},{"damage":27.0,"enemies":"Gremlin Leader","floor":27.0,"turns":6.0},{"damage":11,"enemies":"Snake Plant","floor":30,"turns":3},{"damage":54,"enemies":"Champ","floor":33,"turns":8}],"seed_played":"2947108633933265604","potions_obtained":[{"floor":2.0,"key":"Swift Potion"},{"floor":3.0,"key":"Explosive Potion"},{"floor":7.0,"key":"PowerPotion"},{"floor":8.0,"key":"SkillPotion"}],"is_trial":false,"path_per_floor":["M","M","M","?","?","R","E","M","T","R","M","R","M","E","R","B",null,"M","M","M","M","M","R","E","R","T","E","?","?","M","T","R","B"],"character_chosen":"DEFECT","items_purchased":[],"campfire_rested":2,"item_purchase_floors":[],"current_hp_per_floor":[57,57,55,48,48,48,33,32,46,46,46,46,46,38,38,27,71,71,71,70,54,52,52,7,32,32,15,15,34,23,23,51,0],"gold":565,"neow_bonus":"REMOVE_CARD","is_prod":false,"is_daily":false,"chose_seed":false,"campfire_upgraded":5,"win_rate":0,"timestamp":1565146537,"path_taken":["M","M","M","?","?","R","E","M","T","R","M","R","M","E","R","BOSS","M","M","?","M","M","R","E","R","T","E","?","?","M","?","R","BOSS"],"build_version":"2019-07-17","purchased_purges":0,"victory":false,"max_hp_per_floor":[71,71,71,71,71,71,71,71,85,85,85,85,85,85,85,85,85,85,85,85,85,85,85,85,85,85,95,95,95,95,95,95,95],"card_choices":[{"not_picked":["Turbo","Heatsinks"],"picked":"BootSequence","floor":1.0},{"not_picked":["Gash","Hello World"],"picked":"Sweeping Beam","floor":2.0},{"not_picked":["Turbo","Skim"],"picked":"Gash","floor":3.0},{"not_picked":["Skim","Lockon"],"picked":"Rebound","floor":7.0},{"not_picked":["Cold Snap","Aggregate"],"picked":"Hyperbeam","floor":8.0},{"not_picked":["Redo","Steam"],"picked":"Go for the Eyes","floor":11.0},{"not_picked":["Fusion","Rebound","Barrage"],"picked":"SKIP","floor":13.0},{"not_picked":["Fusion","Capacitor"],"picked":"Leap","floor":14.0},{"not_picked":["Fission","Multi-Cast"],"picked":"Hyperbeam","floor":16.0},{"not_picked":["Compile Driver","Undo"],"picked":"Gash+1","floor":18.0},{"not_picked":["Redo","Fusion","Undo"],"picked":"SKIP","floor":19.0},{"not_picked":["Ball Lightning","Blizzard","BootSequence"],"picked":"SKIP","floor":20.0},{"not_picked":["Sweeping Beam","Consume"],"picked":"Beam Cell","floor":21.0},{"not_picked":["Darkness","Compile Driver"],"picked":"Gash+1","floor":22.0},{"not_picked":["Beam Cell","Hologram"],"picked":"Coolheaded","floor":24.0},{"not_picked":["Barrage","Turbo","Multi-Cast"],"picked":"SKIP","floor":27.0},{"not_picked":["Go for the Eyes","Barrage"],"picked":"Hologram+1","floor":30}],"player_experience":1724261,"relics_obtained":[{"floor":7.0,"key":"Ornamental Fan"},{"floor":9.0,"key":"Mango"},{"floor":14.0,"key":"Emotion Chip"},{"floor":24.0,"key":"Vajra"},{"floor":27.0,"key":"Pear"},{"floor":31,"key":"DataDisk"}],"event_choices":[{"cards_removed":["Strike_B"],"damage_healed":0.0,"max_hp_gain":0.0,"max_hp_loss":0.0,"gold_gain":0.0,"event_name":"Golden Wing","player_choice":"Card Removal","floor":4.0,"gold_loss":0.0,"damage_taken":7.0},{"cards_removed":["Defend_B"],"damage_healed":0.0,"max_hp_gain":0.0,"max_hp_loss":0.0,"gold_gain":0.0,"event_name":"Wheel of Change","player_choice":"Card Removal","floor":5.0,"gold_loss":0.0,"damage_taken":0.0},{"damage_healed":0.0,"max_hp_gain":0.0,"max_hp_loss":0.0,"gold_gain":0.0,"event_name":"The Mausoleum","player_choice":"Ignored","floor":28.0,"gold_loss":0.0,"damage_taken":0.0},{"damage_healed":19.0,"max_hp_gain":0.0,"max_hp_loss":0.0,"gold_gain":0.0,"event_name":"The Library","player_choice":"Heal","floor":29.0,"gold_loss":0.0,"damage_taken":0.0}],"is_beta":false,"boss_relics":[{"not_picked":["Tiny House","Eternal Feather"],"picked":"Sozu"}],"items_purged_floors":[],"is_endless":false,"potions_floor_spawned":[2,3,7,8,14,19,22,30],"killed_by":"Champ","ascension_level":20}