{"gold_per_floor":[110,120,139,155,140,174,174,199,199,199,199,211,211,237,237,237],"floor_reached":16,"playtime":681,"items_purged":[],"score":195,"play_id":"124ac349-81cb-4bf1-a9d2-7397405cd855","local_time":"20181203213106","is_ascension_mode":true,"campfire_choices":[{"floor":7,"key":"REST"},{"data":"Tempest","floor":13,"key":"SMITH"},{"floor":15,"key":"REST"}],"neow_cost":"TEN_PERCENT_HP_LOSS","seed_source_timestamp":95609078937860,"circlet_count":0,"master_deck":["AscendersBane","Strike_B","Strike_B","Defend_B","Defend_B","Defend_B","Defend_B","Zap","Dualcast","Tempest+1","Turbo","Glacier","Turbo","Fusion","Sunder","Meteor Strike"],"relics":["Cracked Core","Blood Vial","Bottled Lightning","Orichalcum","Nunchaku"],"potions_floor_usage":[4,8,14],"damage_taken":[{"damage":0,"enemies":"Cultist","floor":1,"turns":3},{"damage":0,"enemies":"Small Slimes","floor":2,"turns":3},{"damage":2,"enemies":"Jaw Worm","floor":3,"turns":3},{"damage":30,"enemies":"Gremlin Gang","floor":4,"turns":7},{"damage":13,"enemies":"Exordium Thugs","floor":5,"turns":5},{"damage":24,"enemies":"Lagavulin","floor":6,"turns":10},{"damage":16,"enemies":"Gremlin Nob","floor":8,"turns":3},{"damage":8,"enemies":"Blue Slaver","floor":12,"turns":4},{"damage":24,"enemies":"Lagavulin","floor":14,"turns":5},{"damage":43,"enemies":"Hexaghost","floor":16,"turns":9}],"seed_played":"7510612544151817958","potions_obtained":[{"floor":3,"key":"Regen Potion"},{"floor":6,"key":"Regen Potion"},{"floor":12,"key":"FocusPotion"}],"is_trial":false,"path_per_floor":["M","M","M","M","M","E","R","E","T","?","?","M","R","E","R","B"],"character_chosen":"DEFECT","items_purchased":[],"campfire_rested":2,"item_purchase_floors":[],"current_hp_per_floor":[68,68,66,48,35,11,31,26,26,23,45,39,39,17,37,0],"gold":237,"neow_bonus":"REMOVE_TWO","is_prod":false,"is_daily":false,"chose_seed":false,"campfire_upgraded":1,"win_rate":0,"timestamp":1543890666,"path_taken":["M","M","M","M","M","E","R","E","T","?","?","M","R","E","R","BOSS"],"build_version":"2018-11-15","purchased_purges":0,"victory":false,"max_hp_per_floor":[68,68,68,68,68,68,68,68,68,68,68,68,68,68,68,68],"card_choices":[{"not_picked":["Sweeping Beam","Stack"],"picked":"Tempest","floor":1},{"not_picked":["Doom and Gloom","Ball Lightning"],"picked":"Turbo","floor":2},{"not_picked":["Reprogram","Streamline"],"picked":"Glacier","floor":3},{"not_picked":["Steam","Chaos"],"picked":"Turbo","floor":4},{"not_picked":["Turbo","Cold Snap"],"picked":"Fusion","floor":5},{"not_picked":["Rebound","Scrape"],"picked":"Sunder","floor":6},{"not_picked":["Gash","Seek"],"picked":"Meteor Strike","floor":8},{"not_picked":["Streamline","Ball Lightning","Turbo"],"picked":"SKIP","floor":12},{"not_picked":["Loop","Darkness","Streamline"],"picked":"SKIP","floor":14}],"player_experience":797620,"relics_obtained":[{"floor":6,"key":"Blood Vial"},{"floor":8,"key":"Bottled Lightning"},{"floor":14,"key":"Nunchaku"}],"event_choices":[{"damage_healed":0,"gold_gain":0,"player_choice":"Success","damage_taken":3,"relics_obtained":["Orichalcum"],"max_hp_gain":0,"max_hp_loss":0,"event_name":"Scrap Ooze","floor":10,"gold_loss":0},{"damage_healed":22,"gold_gain":0,"player_choice":"Banana","damage_taken":0,"max_hp_gain":0,"max_hp_loss":0,"event_name":"Big Fish","floor":11,"gold_loss":0}],"is_beta":false,"boss_relics":[],"items_purged_floors":[],"is_endless":false,"potions_floor_spawned":[3,6,12],"killed_by":"Hexaghost","ascension_level":12}