{"gold_per_floor":[116,116,131,141,154,154,185,185,185,185],"floor_reached":10,"playtime":319,"items_purged":[],"score":119,"play_id":"95d62733-f0ce-413f-a0ac-d4fb4e11467d","local_time":"20190723020411","is_ascension_mode":true,"campfire_choices":[{"data":"Biased Cognition","floor":6,"key":"SMITH"},{"floor":8,"key":"REST"}],"neow_cost":"NONE","seed_source_timestamp":23419200310728,"circlet_count":0,"master_deck":["AscendersBane","Strike_B","Strike_B","Strike_B","Strike_B","Defend_B","Defend_B","Defend_B","Defend_B","Zap","Dualcast","Streamline","Biased Cognition+1","Coolheaded","Sunder","Static Discharge+1"],"relics":["Cracked Core","Lantern","GremlinMask","Frozen Egg 2","Matryoshka"],"potions_floor_usage":[5],"damage_taken":[{"damage":0,"enemies":"Small Slimes","floor":1,"turns":2},{"damage":6,"enemies":"Cultist","floor":3,"turns":4},{"damage":2,"enemies":"Jaw Worm","floor":4,"turns":3},{"damage":16,"enemies":"Lots of Slimes","floor":5,"turns":4},{"damage":36,"enemies":"3 Sentries","floor":7,"turns":7},{"damage":28,"enemies":"Gremlin Nob","floor":10,"turns":3}],"seed_played":"2642036381115991217","potions_obtained":[{"floor":4,"key":"Poison Potion"}],"is_trial":false,"path_per_floor":["M","?","M","M","M","R","E","R","T","E"],"character_chosen":"DEFECT","items_purchased":[],"campfire_rested":1,"item_purchase_floors":[],"current_hp_per_floor":[64,64,58,56,40,40,4,25,25,0],"gold":185,"neow_bonus":"RANDOM_COMMON_RELIC","is_prod":false,"is_daily":false,"chose_seed":false,"campfire_upgraded":1,"win_rate":0,"timestamp":1563811451,"path_taken":["M","?","M","?","M","R","E","R","T","E"],"build_version":"2019-07-17","purchased_purges":0,"victory":false,"max_hp_per_floor":[71,71,71,71,71,71,71,71,71,71],"card_choices":[{"not_picked":["Stack","Turbo"],"picked":"Streamline","floor":1},{"not_picked":["Hologram","Fusion"],"picked":"Biased Cognition","floor":3},{"not_picked":["FTL","Hologram"],"picked":"Coolheaded","floor":4},{"not_picked":["Compile Driver","Genetic Algorithm"],"picked":"Sunder","floor":5},{"not_picked":["Conserve Battery","BootSequence"],"picked":"Static Discharge","floor":7}],"player_experience":1064558,"relics_obtained":[{"floor":7,"key":"Frozen Egg 2"},{"floor":9,"key":"Matryoshka"}],"event_choices":[{"damage_healed":0,"gold_gain":0,"player_choice":"Trade","damage_taken":0,"relics_obtained":["GremlinMask"],"max_hp_gain":0,"max_hp_loss":0,"event_name":"FaceTrader","floor":2,"gold_loss":0}],"is_beta":false,"boss_relics":[],"items_purged_floors":[],"is_endless":false,"potions_floor_spawned":[4],"killed_by":"Gremlin Nob","ascension_level":15}