{"gold_per_floor":[117,131,141,42,42,42,74,86,86,116,132,132,132,149,149,254,254,267,171,185,197,147,147,147,147,147,147,162,178,196,216,216,316,316,326,1325,356,366,383,383,396,421,491,491,87,87,87],"floor_reached":47,"playtime":2536,"items_purged":["Strike_G","Strike_G","Strike_G","Normality","Parasite"],"score":613,"play_id":"b52ecf4e-d2a8-4727-8975-320dbd7d41cb","local_time":"20180801211419","is_ascension_mode":true,"campfire_choices":[{"data":"Poisoned Stab","floor":6,"key":"SMITH"},{"data":"Poisoned Stab","floor":12,"key":"SMITH"},{"floor":15,"key":"REST"},{"floor":23,"key":"REST"},{"data":"Choke","floor":25,"key":"SMITH"},{"data":"Bouncing Flask","floor":27,"key":"SMITH"},{"floor":32,"key":"REST"},{"data":"Underhanded Strike","floor":40,"key":"SMITH"},{"data":"Magnetism","floor":46,"key":"SMITH"}],"neow_cost":"","seed_source_timestamp":1819970433908576,"circlet_count":0,"master_deck":["Defend_G","Defend_G","Defend_G","Defend_G","Defend_G","Strike_G","Strike_G","Survivor","Neutralize","Choke+1","Prepared","Quick Slash","Poisoned Stab+1","Bane","Poisoned Stab+1","Escape Plan+1","Underhanded Strike+1","Well Laid Plans","Tools of the Trade","Sucker Punch+1","Deflect","Bouncing Flask+1","Tactician+1","Decay","Backflip","Outmaneuver+1","Bane","Dagger Throw","Malaise","Deflect+1","Normality","Adrenaline","Prepared","Magnetism+1","Underhanded Strike+1","Underhanded Strike+1","Backflip+1"],"relics":["Ring of the Snake","Matryoshka","Happy Flower","Snake Skull","Smiling Mask","Calipers","Paper Crane","Cursed Key","Vajra","Ancient Tea Set","Coffee Dripper","War Paint","Question Card","Strange Spoon","Strawberry","Letter Opener","Gambling Chip"],"potions_floor_usage":[16,18,28,30,33,33,35],"damage_taken":[{"damage":0,"enemies":"Cultist","floor":1,"turns":4},{"damage":1,"enemies":"Jaw Worm","floor":2,"turns":4},{"damage":0,"enemies":"Small Slimes","floor":3,"turns":3},{"damage":23,"enemies":"Gremlin Nob","floor":7,"turns":4},{"damage":2,"enemies":"3 Louse","floor":8,"turns":3},{"damage":15,"enemies":"Lagavulin","floor":10,"turns":5},{"damage":0,"enemies":"Blue Slaver","floor":11,"turns":2},{"damage":6,"enemies":"Exordium Wildlife","floor":14,"turns":4},{"damage":14,"enemies":"Hexaghost","floor":16,"turns":8},{"damage":12,"enemies":"3 Byrds","floor":18,"turns":4},{"damage":1,"enemies":"Chosen","floor":20,"turns":4},{"damage":15,"enemies":"Snecko","floor":21,"turns":5},{"damage":5,"enemies":"Snake Plant","floor":28,"turns":3},{"damage":9,"enemies":"Cultist and Chosen","floor":29,"turns":4},{"damage":12,"enemies":"Chosen and Byrds","floor":30,"turns":4},{"damage":4,"enemies":"Centurion and Healer","floor":31,"turns":4},{"damage":50,"enemies":"Automaton","floor":33,"turns":10},{"damage":43,"enemies":"Flame Bruiser 1 Orb","floor":35,"turns":3},{"damage":13,"enemies":"3 Shapes","floor":38,"turns":5},{"damage":1,"enemies":"Maw","floor":39,"turns":7},{"damage":7,"enemies":"Transient","floor":41,"turns":5},{"damage":9,"enemies":"Nemesis","floor":42,"turns":7},{"damage":0,"enemies":"Sphere and 2 Shapes","floor":47,"turns":2}],"seed_played":"9069531343295204827","potions_obtained":[{"floor":3,"key":"Fire Potion"},{"floor":8,"key":"Dexterity Potion"},{"floor":10,"key":"Block Potion"},{"floor":16,"key":"SneckoOil"},{"floor":18,"key":"Block Potion"},{"floor":29,"key":"Fruit Juice"},{"floor":30,"key":"SpeedPotion"},{"floor":31,"key":"Swift Potion"},{"floor":33,"key":"Explosive Potion"},{"floor":35,"key":"SmokeBomb"},{"floor":39,"key":"SteroidPotion"}],"is_trial":false,"path_per_floor":["M","M","M","$","?","R","E","M","T","E","M","R","?","M","R","B",null,"M","$","M","M","$","R","?","R","T","R","M","M","M","M","R","B",null,"M","?","$","M","M","R","M","E","T","?","$","R"],"character_chosen":"THE_SILENT","items_purchased":["Poisoned Stab","Deflect","Adrenaline","War Paint","Question Card","Strange Spoon","Prepared","Magnetism","Energy Potion","Gambling Chip"],"campfire_rested":3,"item_purchase_floors":[4,19,37,37,37,37,37,37,45,45],"current_hp_per_floor":[70,69,69,69,62,62,39,37,37,22,22,22,22,16,37,23,70,58,58,57,42,42,63,56,56,56,56,51,42,35,31,53,3,75,32,32,32,19,18,18,11,9,9,9,9,9,9],"gold":87,"neow_bonus":"","is_prod":false,"is_daily":false,"chose_seed":false,"campfire_upgraded":6,"win_rate":0,"timestamp":1533172459,"path_taken":["M","M","M","$","?","R","E","M","T","E","M","R","?","?","R","BOSS","M","$","M","M","$","R","?","R","T","R","M","M","M","M","R","BOSS","M","?","$","M","M","R","M","E","T","?","$","R","M"],"build_version":"2018-07-26","purchased_purges":5,"victory":false,"max_hp_per_floor":[70,70,70,70,70,70,70,70,70,70,70,70,70,70,70,70,70,70,70,70,70,70,70,70,70,70,70,70,70,75,75,75,75,75,75,75,75,75,75,75,75,82,82,82,79,79,79],"card_choices":[{"not_picked":["Deflect","Finisher"],"picked":"Choke","floor":1},{"not_picked":["Well Laid Plans","Reflex"],"picked":"Prepared","floor":2},{"not_picked":["Deadly Poison","Outmaneuver"],"picked":"Quick Slash","floor":3},{"not_picked":["Sucker Punch","Caltrops"],"picked":"Bane","floor":7},{"not_picked":["Die Die Die","Dash"],"picked":"Poisoned Stab","floor":8},{"not_picked":["Calculated Gamble","Leg Sweep"],"picked":"Escape Plan","floor":10},{"not_picked":["Blade Dance","Outmaneuver"],"picked":"Underhanded Strike","floor":11},{"not_picked":["Dash","Flying Knee"],"picked":"Well Laid Plans","floor":14},{"not_picked":["Storm of Steel","Glass Knife"],"picked":"Tools of the Trade","floor":16},{"not_picked":["PiercingWail","Well Laid Plans+1"],"picked":"Sucker Punch+1","floor":18},{"not_picked":["Eviscerate","Setup"],"picked":"Bouncing Flask","floor":20},{"not_picked":["Poisoned Stab","Quick Slash"],"picked":"Tactician","floor":21},{"not_picked":["Riddle With Holes","Deflect"],"picked":"Backflip","floor":28},{"not_picked":["Sucker Punch+1","Storm of Steel"],"picked":"Outmaneuver+1","floor":29},{"not_picked":["Quick Slash","Dodge and Roll"],"picked":"Bane","floor":30},{"not_picked":["Tactician","Predator+1"],"picked":"Dagger Throw","floor":31},{"not_picked":["Tools of the Trade","Wraith Form v2"],"picked":"Malaise","floor":33},{"not_picked":["Cloak And Dagger","Bane"],"picked":"Deflect+1","floor":35},{"not_picked":["Acrobatics+1","PiercingWail+1","Bane+1"],"picked":"Underhanded Strike+1","floor":38},{"not_picked":["Dagger Throw+1","Calculated Gamble+1","Cloak And Dagger+1","Dagger Spray+1"],"picked":"SKIP","floor":39},{"not_picked":["Noxious Fumes","All Out Attack","Poisoned Stab+1"],"picked":"Underhanded Strike+1","floor":41},{"not_picked":["Deflect","After Image","Poisoned Stab"],"picked":"Backflip+1","floor":42}],"player_experience":343259,"relics_obtained":[{"floor":7,"key":"Happy Flower"},{"floor":9,"key":"Snake Skull"},{"floor":9,"key":"Smiling Mask"},{"floor":10,"key":"Calipers"},{"floor":26,"key":"Vajra"},{"floor":26,"key":"Ancient Tea Set"},{"floor":42,"key":"Strawberry"},{"floor":43,"key":"Letter Opener"}],"event_choices":[{"event_name":"Scrap Ooze","player_choice":"success","floor":5,"damage_taken":7},{"event_name":"WeMeetAgain","player_choice":"Potion","floor":13,"damage_taken":0},{"event_name":"Wheel of Change","player_choice":"Damage","floor":24,"damage_taken":0},{"event_name":"MindBloom","player_choice":"Gold","floor":36,"damage_taken":0},{"event_name":"Mysterious Sphere","player_choice":"Ignore","floor":44,"damage_taken":0}],"is_beta":false,"boss_relics":[{"not_picked":["WristBlade","Ring of the Serpent"],"picked":"Cursed Key"},{"not_picked":["Lizard Tail","Fusion Hammer"],"picked":"Coffee Dripper"}],"items_purged_floors":[4,19,22,37,45],"is_endless":false,"potions_floor_spawned":[3,8,10,16,18,29,30,31,33,35,39],"killed_by":"Sphere and 2 Shapes","ascension_level":4}