{"gold_per_floor":[114,114,114,132,150,150,150,167,241,241,266,284,284,299,299,400,400,413,433,433,433,452,485,485,485],"floor_reached":25,"playtime":889,"items_purged":[],"score":223,"play_id":"a46cad24-2b10-49b5-ac00-f7ccd12d7917","local_time":"20190328033131","is_ascension_mode":false,"campfire_choices":[{"floor":6,"key":"RECALL"},{"floor":13,"key":"REST"},{"floor":15,"key":"REST"},{"floor":24,"key":"REST"}],"neow_cost":"NONE","seed_source_timestamp":60781232475410,"circlet_count":0,"master_deck":["Defend_G","Defend_G","Defend_G","Defend_G","Defend_G","Strike_G+1","Strike_G","Strike_G+1","Strike_G","Survivor","Neutralize","Footwork+1","Dagger Spray","Flying Knee+1","Deflect","Dagger Spray","Flechettes","Distraction","Burst","Flying Knee","Acrobatics","Distraction","Backflip"],"relics":["Ring of the Snake","NeowsBlessing","Shuriken","Whetstone","Calling Bell","Lantern","Meat on the Bone","Du-Vu Doll","Pantograph"],"potions_floor_usage":[11,16,16,16,19,23,23],"damage_taken":[{"damage":0,"enemies":"Cultist","floor":1,"turns":1},{"damage":0,"enemies":"Jaw Worm","floor":4,"turns":1},{"damage":0,"enemies":"Small Slimes","floor":5,"turns":1},{"damage":9,"enemies":"3 Louse","floor":8,"turns":4},{"damage":20,"enemies":"Gremlin Nob","floor":11,"turns":4},{"damage":0,"enemies":"Large Slime","floor":12,"turns":4},{"damage":0,"enemies":"Looter","floor":14,"turns":4},{"damage":15,"enemies":"Hexaghost","floor":16,"turns":8},{"damage":19,"enemies":"Chosen","floor":18,"turns":9},{"damage":12,"enemies":"Shell Parasite","floor":19,"turns":7},{"damage":10,"enemies":"3 Cultists","floor":22,"turns":5},{"damage":37,"enemies":"Slavers","floor":23,"turns":2},{"damage":60,"enemies":"Chosen and Byrds","floor":25,"turns":8}],"seed_played":"-8277742027665359252","potions_obtained":[{"floor":4,"key":"Swift Potion"},{"floor":8,"key":"Ancient Potion"},{"floor":12,"key":"SteroidPotion"},{"floor":14,"key":"Strength Potion"},{"floor":16,"key":"SteroidPotion"},{"floor":18,"key":"AttackPotion"},{"floor":22,"key":"SkillPotion"}],"is_trial":false,"path_per_floor":["M","?","?","M","M","R","?","M","T","T","E","M","R","M","R","B",null,"M","M","?","?","M","E","R","M"],"character_chosen":"THE_SILENT","items_purchased":[],"campfire_rested":3,"item_purchase_floors":[],"current_hp_per_floor":[70,56,56,56,56,56,56,47,47,47,27,27,48,48,69,54,70,51,39,39,39,41,16,37,0],"gold":485,"neow_bonus":"THREE_ENEMY_KILL","is_prod":false,"is_daily":false,"chose_seed":false,"campfire_upgraded":0,"win_rate":0,"timestamp":1553707891,"path_taken":["M","?","?","M","?","R","?","M","T","?","E","M","R","M","R","BOSS","M","M","?","?","M","E","R","M"],"build_version":"2019-01-23","purchased_purges":0,"victory":false,"max_hp_per_floor":[70,70,70,70,70,70,70,70,70,70,70,70,70,70,70,70,70,70,70,70,70,70,70,70,70],"card_choices":[{"not_picked":["Bane","Sucker Punch"],"picked":"Footwork","floor":1},{"not_picked":["Tactician","Endless Agony"],"picked":"Dagger Spray","floor":4},{"not_picked":["Dagger Throw","Venomology"],"picked":"Flying Knee","floor":5},{"not_picked":["Underhanded Strike","Crippling Poison"],"picked":"Deflect","floor":8},{"not_picked":["Crippling Poison","Bouncing Flask"],"picked":"Dagger Spray","floor":11},{"not_picked":["Acrobatics","Underhanded Strike"],"picked":"Flechettes","floor":12},{"not_picked":["Predator","Bouncing Flask"],"picked":"Distraction","floor":14},{"not_picked":["Bullet Time","Glass Knife"],"picked":"Burst","floor":16},{"not_picked":["Bane+1","Tactician+1"],"picked":"Flying Knee","floor":18},{"not_picked":["Slice","Glass Knife"],"picked":"Acrobatics","floor":19},{"not_picked":["Acrobatics","Deadly Poison"],"picked":"Distraction","floor":22},{"not_picked":["Quick Slash+1","Sucker Punch"],"picked":"Backflip","floor":23}],"player_experience":225249,"relics_obtained":[{"floor":9,"key":"Shuriken"},{"floor":11,"key":"Whetstone"},{"floor":17,"key":"Lantern"},{"floor":17,"key":"Meat on the Bone"},{"floor":17,"key":"Du-Vu Doll"},{"floor":23,"key":"Pantograph"}],"event_choices":[{"damage_healed":0,"gold_gain":0,"player_choice":"Entered Light","damage_taken":14,"max_hp_gain":0,"max_hp_loss":0,"event_name":"Shining Light","floor":2,"gold_loss":0,"cards_upgraded":["Footwork","Strike_G"]},{"cards_removed":["Strike_G"],"damage_healed":0,"gold_gain":0,"player_choice":"Offered Basic","damage_taken":0,"max_hp_gain":0,"max_hp_loss":0,"event_name":"Bonfire Elementals","floor":3,"gold_loss":0},{"damage_healed":0,"gold_gain":0,"player_choice":"Ignored","damage_taken":0,"max_hp_gain":0,"max_hp_loss":0,"event_name":"Golden Wing","floor":7,"gold_loss":0},{"damage_healed":0,"gold_gain":0,"player_choice":"Smashed Altar","damage_taken":0,"max_hp_gain":0,"max_hp_loss":0,"event_name":"Forgotten Altar","floor":20,"gold_loss":0,"cards_obtained":["Decay"]},{"cards_removed":["Decay","Doubt","Clumsy","Normality"],"damage_healed":0,"gold_gain":0,"player_choice":"Removed Curses","damage_taken":0,"max_hp_gain":0,"max_hp_loss":0,"event_name":"Fountain of Cleansing","floor":21,"gold_loss":0}],"is_beta":false,"boss_relics":[{"not_picked":["Coffee Dripper","Astrolabe"],"picked":"Calling Bell"}],"items_purged_floors":[],"is_endless":false,"potions_floor_spawned":[4,8,12,14,16,18,22],"killed_by":"Chosen and Byrds","ascension_level":0}