{"gold_per_floor":[112,37,137,151,162,162,181,201,201,226,226,253,253,283,283,361,361,374,347,76,76,91,91,105,122,122,122,122,122],"floor_reached":29,"playtime":1099,"items_purged":["Strike_G","Strike_G"],"score":417,"play_id":"029fe2f1-4297-456c-b8b6-f96760850db6","local_time":"20181219140453","is_ascension_mode":true,"campfire_choices":[{"data":"Neutralize","floor":6,"key":"SMITH"},{"data":"Poisoned Stab","floor":13,"key":"SMITH"},{"floor":15,"key":"RECALL"},{"data":"Skewer","floor":23,"key":"SMITH"},{"data":"Sucker Punch","floor":27,"key":"SMITH"}],"neow_cost":"NONE","seed_source_timestamp":498493288517629,"circlet_count":0,"master_deck":["AscendersBane","Defend_G","Defend_G","Defend_G","Defend_G","Defend_G","Strike_G+1","Strike_G","Strike_G","Survivor","Neutralize+1","Poisoned Stab+1","Heel Hook","Sucker Punch+1","Cloak And Dagger+1","Skewer+1","Deflect","Bane+1","Outmaneuver+1","Sucker Punch+1"],"relics":["Busted Crown","Meat on the Bone","Letter Opener","Bottled Flame","Sundial","Coffee Dripper","Bronze Scales","Paper Crane","GremlinMask"],"potions_floor_usage":[12,14,16,16,29,29],"damage_taken":[{"damage":2,"enemies":"Jaw Worm","floor":1,"turns":5},{"damage":0,"enemies":"Cultist","floor":4,"turns":5},{"damage":1,"enemies":"2 Louse","floor":5,"turns":3},{"damage":2,"enemies":"2 Fungi Beasts","floor":7,"turns":5},{"damage":0,"enemies":"Blue Slaver","floor":8,"turns":4},{"damage":26,"enemies":"Gremlin Nob","floor":10,"turns":6},{"damage":9,"enemies":"3 Sentries","floor":12,"turns":7},{"damage":13,"enemies":"Gremlin Nob","floor":14,"turns":4},{"damage":19,"enemies":"Hexaghost","floor":16,"turns":11},{"damage":4,"enemies":"Shell Parasite","floor":18,"turns":5},{"damage":16,"enemies":"2 Thieves","floor":19,"turns":5},{"damage":12,"enemies":"Snake Plant","floor":22,"turns":3},{"damage":23,"enemies":"Shelled Parasite and Fungi","floor":24,"turns":4},{"damage":21,"enemies":"Snecko","floor":25,"turns":4},{"damage":20,"enemies":"Gremlin Leader","floor":29,"turns":7}],"seed_played":"7581299958395812573","potions_obtained":[{"floor":8,"key":"SkillPotion"},{"floor":10,"key":"SpeedPotion"},{"floor":12,"key":"Regen Potion"},{"floor":14,"key":"Regen Potion"},{"floor":24,"key":"EssenceOfSteel"},{"floor":25,"key":"Block Potion"}],"is_trial":false,"path_per_floor":["M","$","?","M","M","R","M","M","T","E","?","E","R","E","R","B",null,"M","M","$","?","M","R","M","M","T","R","?","E"],"character_chosen":"THE_SILENT","items_purchased":["Bronze Scales","Deflect"],"campfire_rested":0,"item_purchase_floors":[20,20],"current_hp_per_floor":[57,57,57,57,56,56,54,54,54,40,27,30,30,41,41,37,59,55,39,39,39,39,39,28,19,19,19,19,0],"gold":122,"neow_bonus":"BOSS_RELIC","is_prod":false,"is_daily":false,"chose_seed":false,"campfire_upgraded":4,"win_rate":0,"timestamp":1545246293,"path_taken":["M","$","?","M","M","R","?","M","T","E","?","E","R","E","R","BOSS","M","M","$","?","M","R","M","M","T","R","?","E"],"build_version":"2018-12-13","purchased_purges":2,"victory":false,"max_hp_per_floor":[66,66,66,66,66,66,66,66,66,66,66,66,66,66,66,66,66,66,66,66,66,66,66,66,66,66,66,66,66],"card_choices":[{"not_picked":["Deflect"],"picked":"SKIP","floor":1},{"not_picked":[],"picked":"Poisoned Stab","floor":4},{"not_picked":[],"picked":"Heel Hook","floor":5},{"not_picked":["Dodge and Roll"],"picked":"SKIP","floor":7},{"not_picked":[],"picked":"Sucker Punch","floor":8},{"not_picked":[],"picked":"Cloak And Dagger","floor":10},{"not_picked":[],"picked":"Skewer","floor":12},{"not_picked":["Dash"],"picked":"SKIP","floor":14},{"not_picked":["Choke"],"picked":"SKIP","floor":18},{"not_picked":["Cloak And Dagger"],"picked":"SKIP","floor":19},{"not_picked":[],"picked":"Bane+1","floor":22},{"not_picked":[],"picked":"Outmaneuver+1","floor":24},{"not_picked":[],"picked":"Sucker Punch+1","floor":25}],"player_experience":906473,"relics_obtained":[{"floor":9,"key":"Meat on the Bone"},{"floor":10,"key":"Letter Opener"},{"floor":12,"key":"Bottled Flame"},{"floor":14,"key":"Sundial"},{"floor":26,"key":"Paper Crane"}],"event_choices":[{"damage_healed":0,"gold_gain":100,"player_choice":"Pray","damage_taken":0,"max_hp_gain":0,"max_hp_loss":0,"event_name":"Golden Shrine","floor":3,"gold_loss":0},{"damage_healed":0,"gold_gain":0,"player_choice":"Entered Light","damage_taken":13,"max_hp_gain":0,"max_hp_loss":0,"event_name":"Shining Light","floor":11,"gold_loss":0,"cards_upgraded":["Cloak And Dagger","Strike_G"]},{"damage_healed":0,"gold_gain":0,"player_choice":"Ignored","damage_taken":0,"max_hp_gain":0,"max_hp_loss":0,"event_name":"The Mausoleum","floor":21,"gold_loss":0},{"damage_healed":0,"gold_gain":0,"player_choice":"Trade","damage_taken":0,"relics_obtained":["GremlinMask"],"max_hp_gain":0,"max_hp_loss":0,"event_name":"FaceTrader","floor":28,"gold_loss":0}],"is_beta":false,"boss_relics":[{"not_picked":["Black Star","Orrery"],"picked":"Coffee Dripper"}],"items_purged_floors":[2,20],"is_endless":false,"potions_floor_spawned":[8,10,12,14,24,25],"killed_by":"Gremlin Leader","ascension_level":14}