{"gold_per_floor":[116,291,306,14,32,32,58,58,58,71,91,109,139,239,239,336,336,349,369,379,395,410,410,442,442,442,442,442,460,5,5],"floor_reached":31,"playtime":1940,"items_purged":["Doubt"],"score":357,"play_id":"227f1456-a0cd-474f-98b8-11fbe36bb008","local_time":"20190421163914","is_ascension_mode":true,"campfire_choices":[{"data":"Neutralize","floor":6,"key":"SMITH"},{"data":"Noxious Fumes","floor":8,"key":"SMITH"},{"floor":15,"key":"REST"},{"floor":23,"key":"REST"},{"floor":25,"key":"REST"},{"data":"Envenom","floor":28,"key":"SMITH"}],"neow_cost":"NONE","seed_source_timestamp":3475047114672,"circlet_count":0,"master_deck":["Defend_G","Defend_G","Defend_G","Defend_G","Defend_G","Strike_G","Strike_G","Strike_G","Strike_G","Survivor","Neutralize+1","Panacea","Deflect","Noxious Fumes+1","Crippling Poison","Noxious Fumes","Backstab","Deflect","Footwork","Envenom+1","Tools of the Trade","Corpse Explosion","Blur","Backflip","Tactician","Blade Dance","Concentrate","Underhanded Strike+1","Dagger Spray","Acrobatics","Deflect","Night Terror","Dagger Spray","Outmaneuver+1","Backflip","Secret Weapon","Acrobatics"],"relics":["Ring of the Snake","Ornamental Fan","Meat on the Bone","PreservedInsect","Happy Flower","Orrery","Mango","Pear","Membership Card","Strawberry"],"potions_floor_usage":[11,11,16,20,22,24,24],"damage_taken":[{"damage":0,"enemies":"2 Louse","floor":1,"turns":4},{"damage":5,"enemies":"Jaw Worm","floor":3,"turns":6},{"damage":0,"enemies":"Cultist","floor":5,"turns":5},{"damage":15,"enemies":"Lagavulin","floor":7,"turns":7},{"damage":5,"enemies":"3 Louse","floor":10,"turns":3},{"damage":5,"enemies":"Gremlin Gang","floor":11,"turns":3},{"damage":0,"enemies":"Blue Slaver","floor":12,"turns":5},{"damage":19,"enemies":"3 Sentries","floor":13,"turns":6},{"damage":2,"enemies":"Hexaghost","floor":16,"turns":10},{"damage":15,"enemies":"Shell Parasite","floor":18,"turns":8},{"damage":16,"enemies":"Chosen","floor":19,"turns":7},{"damage":4,"enemies":"Centurion and Healer","floor":20,"turns":6},{"damage":12,"enemies":"Chosen and Byrds","floor":21,"turns":6},{"damage":29,"enemies":"Snake Plant","floor":22,"turns":5},{"damage":42,"enemies":"Book of Stabbing","floor":24,"turns":7},{"damage":56,"enemies":"3 Cultists","floor":29,"turns":6},{"damage":44,"enemies":"Slavers","floor":31,"turns":3}],"seed_played":"515563272864269703","potions_obtained":[{"floor":7,"key":"Swift Potion"},{"floor":10,"key":"SneckoOil"},{"floor":12,"key":"GhostInAJar"},{"floor":18,"key":"Energy Potion"},{"floor":19,"key":"Poison Potion"},{"floor":20,"key":"Strength Potion"},{"floor":22,"key":"GhostInAJar"}],"is_trial":false,"path_per_floor":["M","?","M","$","M","R","E","R","T","M","M","M","E","?","R","B",null,"M","M","M","M","M","R","E","R","T","?","R","M","$","E"],"character_chosen":"THE_SILENT","items_purchased":["Ornamental Fan","Crippling Poison","Membership Card","Backflip","Strawberry","Secret Weapon","Acrobatics"],"campfire_rested":3,"item_purchase_floors":[4,4,30,30,30,30,30],"current_hp_per_floor":[70,70,65,65,65,65,50,50,50,45,40,40,33,33,54,52,70,55,39,47,47,30,51,35,60,70,70,70,26,33,0],"gold":5,"neow_bonus":"RANDOM_COLORLESS","is_prod":false,"is_daily":false,"chose_seed":false,"campfire_upgraded":3,"win_rate":0,"timestamp":1555828754,"path_taken":["M","?","M","$","M","R","E","R","T","M","M","M","E","?","R","BOSS","M","M","M","?","M","R","E","R","T","?","R","M","$","E"],"build_version":"2019-01-23","purchased_purges":1,"victory":false,"max_hp_per_floor":[70,70,70,70,70,70,70,70,70,70,70,70,70,70,70,70,70,70,70,70,70,70,70,84,84,94,94,94,94,101,101],"card_choices":[{"not_picked":["Sucker Punch","Prepared"],"picked":"Deflect","floor":1},{"not_picked":["Backflip","Accuracy"],"picked":"Noxious Fumes","floor":3},{"not_picked":["Deadly Poison","Dodge and Roll"],"picked":"Noxious Fumes","floor":5},{"not_picked":["Finisher","Dodge and Roll"],"picked":"Backstab","floor":7},{"not_picked":["Quick Slash","Outmaneuver"],"picked":"Deflect","floor":10},{"not_picked":["Choke","Well Laid Plans"],"picked":"Footwork","floor":11},{"not_picked":["Bane","Slice"],"picked":"Envenom","floor":12},{"not_picked":["Dodge and Roll","Poisoned Stab"],"picked":"Tools of the Trade","floor":13},{"not_picked":["Night Terror","Bullet Time"],"picked":"Corpse Explosion","floor":16},{"not_picked":["Dagger Throw","Dodge and Roll"],"picked":"Blur","floor":17},{"not_picked":["Prepared","Masterful Stab"],"picked":"Backflip","floor":17},{"not_picked":["Deflect","Calculated Gamble"],"picked":"Tactician","floor":17},{"not_picked":["Accuracy","Dodge and Roll"],"picked":"Blade Dance","floor":17},{"not_picked":["Deflect","Leg Sweep"],"picked":"Concentrate","floor":18},{"not_picked":["PiercingWail","Prepared+1"],"picked":"Underhanded Strike+1","floor":19},{"not_picked":["PiercingWail","Sucker Punch"],"picked":"Dagger Spray","floor":20},{"not_picked":["Terror","Setup"],"picked":"Acrobatics","floor":21},{"not_picked":["Bane+1","Concentrate"],"picked":"Deflect","floor":22},{"not_picked":["Crippling Poison","Slice"],"picked":"Night Terror","floor":24},{"not_picked":["Underhanded Strike+1","Infinite Blades"],"picked":"Outmaneuver+1","floor":29}],"player_experience":382258,"relics_obtained":[{"floor":7,"key":"Meat on the Bone"},{"floor":9,"key":"PreservedInsect"},{"floor":13,"key":"Happy Flower"},{"floor":24,"key":"Mango"},{"floor":26,"key":"Pear"}],"event_choices":[{"damage_healed":0,"gold_gain":175,"player_choice":"AGREE","damage_taken":0,"max_hp_gain":0,"max_hp_loss":0,"event_name":"Liars Game","floor":2,"gold_loss":0,"cards_obtained":["Doubt"]},{"damage_healed":0,"gold_gain":100,"player_choice":"Pray","damage_taken":0,"max_hp_gain":0,"max_hp_loss":0,"event_name":"Golden Shrine","floor":14,"gold_loss":0},{"damage_healed":0,"gold_gain":0,"cards_transformed":["Strike_G"],"player_choice":"Transformed","damage_taken":0,"max_hp_gain":0,"max_hp_loss":0,"event_name":"Transmorgrifier","floor":27,"gold_loss":0,"cards_obtained":["Dagger Spray"]}],"is_beta":false,"boss_relics":[{"not_picked":["Velvet Choker","Philosopher\u0027s Stone"],"picked":"Orrery"}],"items_purged_floors":[30],"is_endless":false,"potions_floor_spawned":[7,10,12,18,19,20,22],"killed_by":"Slavers","ascension_level":1}