{"gold_per_floor":[111,131,131,142,154,154,181,191,218,280,295,295,311,341,341,417,417,435,435,66,66,66,66,81,81,104,133,133,160,171,191,191,191],"floor_reached":33,"playtime":2010,"items_purged":[],"score":589,"play_id":"82b369c9-1cc5-4c0b-b206-70be58222d4b","local_time":"20190530010900","is_ascension_mode":true,"campfire_choices":[{"data":"Combust","floor":6.0,"key":"SMITH"},{"floor":12.0,"key":"REST"},{"floor":15.0,"key":"REST"},{"floor":23.0,"key":"REST"},{"floor":25.0,"key":"REST"},{"data":"Rupture","floor":28.0,"key":"SMITH"},{"floor":32,"key":"REST"}],"neow_cost":"NONE","seed_source_timestamp":879855659909439,"circlet_count":0,"master_deck":["AscendersBane","Strike_R","Strike_R","Strike_R","Strike_R","Strike_R","Defend_R","Defend_R+1","Defend_R+1","Defend_R","Bash","Exhume","Carnage","Flame Barrier","Iron Wave","Combust+1","Sever Soul","Ghostly Armor","Armaments","Thunderclap","Offering","Writhe","Intimidate","Rupture+1","Feel No Pain+1","Anger+1"],"special_seed":0,"relics":["Burning Blood","Unceasing Top","Ancient Tea Set","War Paint","Black Star","Nilry\u0027s Codex","Mango","Bag of Preparation","Art of War","Pen Nib","FossilizedHelix","Molten Egg 2","Potion Belt"],"potions_floor_usage":[30],"damage_taken":[{"damage":7.0,"enemies":"Small Slimes","floor":1.0,"turns":3.0},{"damage":10.0,"enemies":"2 Louse","floor":2.0,"turns":2.0},{"damage":14.0,"enemies":"Jaw Worm","floor":4.0,"turns":4.0},{"damage":23.0,"enemies":"Large Slime","floor":5.0,"turns":12.0},{"damage":29.0,"enemies":"3 Sentries","floor":7.0,"turns":6.0},{"damage":1.0,"enemies":"Looter","floor":8.0,"turns":4.0},{"damage":15.0,"enemies":"Gremlin Gang","floor":11.0,"turns":4.0},{"damage":3.0,"enemies":"Exordium Wildlife","floor":13.0,"turns":3.0},{"damage":25.0,"enemies":"Lagavulin","floor":14.0,"turns":6.0},{"damage":34.0,"enemies":"Slime Boss","floor":16.0,"turns":10.0},{"damage":19.0,"enemies":"2 Thieves","floor":18.0,"turns":5.0},{"damage":32.0,"enemies":"3 Byrds","floor":24.0,"turns":7.0},{"damage":34.0,"enemies":"Gremlin Leader","floor":27.0,"turns":5.0},{"damage":26.0,"enemies":"Slavers","floor":29.0,"turns":6.0},{"damage":6,"enemies":"Centurion and Healer","floor":30,"turns":3},{"damage":32,"enemies":"Sentry and Sphere","floor":31,"turns":14},{"damage":51,"enemies":"Champ","floor":33,"turns":5}],"seed_played":"-2100079694614572862","potions_obtained":[{"floor":2.0,"key":"Poison Potion"},{"floor":4.0,"key":"LiquidBronze"},{"floor":5.0,"key":"SteroidPotion"},{"floor":8.0,"key":"Fruit Juice"},{"floor":13.0,"key":"Dexterity Potion"},{"floor":24.0,"key":"Fruit Juice"},{"floor":29.0,"key":"SkillPotion"}],"is_trial":false,"path_per_floor":["M","M","?","M","M","R","E","M","T","?","M","R","M","E","R","B",null,"M","?","$","?","?","R","M","R","T","E","R","E","M","M","R","B"],"character_chosen":"IRONCLAD","items_purchased":["Mango","PowerPotion"],"campfire_rested":5,"item_purchase_floors":[20,20],"current_hp_per_floor":[67,63,63,55,38,38,15,25,25,25,16,40,43,24,48,20,65,52,31,45,45,45,73,52,81,81,53,53,33,33,7,36,0],"gold":191,"neow_bonus":"ONE_RANDOM_RARE_CARD","is_prod":false,"is_daily":false,"chose_seed":false,"campfire_upgraded":2,"win_rate":0,"timestamp":1559192940,"path_taken":["M","M","?","M","M","R","E","M","T","?","M","R","M","E","R","BOSS","M","?","$","?","?","R","M","R","T","E","R","E","M","?","R","BOSS"],"build_version":"2019-01-23","purchased_purges":0,"victory":false,"max_hp_per_floor":[75,75,75,75,75,75,75,80,80,80,80,80,80,80,80,80,80,80,80,94,94,94,94,99,99,99,99,99,99,99,99,99,99],"card_choices":[{"not_picked":["Twin Strike","Rage"],"picked":"Carnage","floor":1.0},{"not_picked":["Havoc","Dropkick"],"picked":"Flame Barrier","floor":2.0},{"not_picked":["Second Wind","Wild Strike"],"picked":"Iron Wave","floor":4.0},{"not_picked":["Iron Wave","Body Slam"],"picked":"Combust","floor":5.0},{"not_picked":["Combust","Heavy Blade"],"picked":"Sever Soul","floor":7.0},{"not_picked":["Demon Form","Headbutt"],"picked":"Ghostly Armor","floor":8.0},{"not_picked":["Inflame","Combust"],"picked":"Armaments","floor":11.0},{"not_picked":["Heavy Blade","Shrug It Off","Metallicize"],"picked":"SKIP","floor":13.0},{"not_picked":["Armaments","Iron Wave"],"picked":"Thunderclap","floor":14.0},{"not_picked":["Limit Break","Demon Form"],"picked":"Offering","floor":16.0},{"not_picked":["Twin Strike","Armaments","Thunderclap"],"picked":"SKIP","floor":18.0},{"not_picked":["Dropkick+1","Blood for Blood"],"picked":"Intimidate","floor":24.0},{"not_picked":["Sever Soul","True Grit"],"picked":"Rupture","floor":27.0},{"not_picked":["Reckless Charge","Pommel Strike"],"picked":"Feel No Pain+1","floor":29.0},{"not_picked":["Headbutt+1","Feel No Pain","Thunderclap+1"],"picked":"SKIP","floor":30},{"not_picked":["Warcry","Clash+1"],"picked":"Anger+1","floor":31}],"player_experience":1563460,"relics_obtained":[{"floor":7.0,"key":"Unceasing Top"},{"floor":9.0,"key":"Ancient Tea Set"},{"floor":14.0,"key":"War Paint"},{"floor":19.0,"key":"Nilry\u0027s Codex"},{"floor":26.0,"key":"Art of War"},{"floor":27.0,"key":"Pen Nib"},{"floor":27.0,"key":"FossilizedHelix"},{"floor":29.0,"key":"Molten Egg 2"},{"floor":29.0,"key":"Potion Belt"}],"event_choices":[{"damage_healed":0.0,"max_hp_gain":0.0,"max_hp_loss":0.0,"gold_gain":0.0,"event_name":"Liars Game","player_choice":"Ignored","floor":3.0,"gold_loss":0.0,"damage_taken":0.0},{"damage_healed":0.0,"max_hp_gain":0.0,"max_hp_loss":0.0,"gold_gain":62.0,"event_name":"Golden Wing","player_choice":"Gained Gold","floor":10.0,"gold_loss":0.0,"damage_taken":0.0},{"damage_healed":0.0,"max_hp_gain":0.0,"max_hp_loss":0.0,"gold_gain":0.0,"event_name":"Cursed Tome","player_choice":"Obtained Book","floor":19.0,"gold_loss":0.0,"damage_taken":21.0},{"damage_healed":0.0,"max_hp_gain":0.0,"max_hp_loss":0.0,"gold_gain":0.0,"event_name":"The Mausoleum","player_choice":"Opened","floor":21.0,"gold_loss":0.0,"damage_taken":0.0,"relics_obtained":["Bag of Preparation"],"cards_obtained":["Writhe"]},{"damage_healed":0.0,"max_hp_gain":0.0,"max_hp_loss":0.0,"gold_gain":0.0,"event_name":"N\u0027loth","player_choice":"Ignored","floor":22.0,"gold_loss":0.0,"damage_taken":0.0}],"is_beta":false,"boss_relics":[{"not_picked":["Coffee Dripper","White Beast Statue"],"picked":"Black Star"}],"items_purged_floors":[],"is_endless":false,"potions_floor_spawned":[2,4,5,8,13,24,29],"killed_by":"Champ","ascension_level":18}