{"gold_per_floor":[116,116,136,136,151,151,182,197,245,260,24,24,41,57,57,160,160,170,11,11,11,11],"floor_reached":22,"playtime":1073,"items_purged":[],"score":186,"play_id":"5e1ba7f9-1efc-4831-85df-57f1e5e857cc","local_time":"20190801233009","is_ascension_mode":false,"campfire_choices":[{"data":"Reaper","floor":6,"key":"SMITH"},{"floor":15,"key":"REST"}],"neow_cost":"NONE","seed_source_timestamp":191309648255030,"circlet_count":0,"master_deck":["Strike_R","Strike_R","Strike_R+1","Strike_R","Strike_R","Defend_R","Defend_R","Bash","Perfected Strike+1","Twin Strike+1","Reaper+1","True Grit","Searing Blow","Carnage","Perfected Strike","Pommel Strike","Blood for Blood","Iron Wave","Headbutt","Double Tap","Pummel","Bludgeon","Demon Form","RitualDagger"],"relics":["Burning Blood","Question Card","Potion Belt","Membership Card","Black Star"],"potions_floor_usage":[],"damage_taken":[{"damage":6,"enemies":"Jaw Worm","floor":1,"turns":3},{"damage":5,"enemies":"Small Slimes","floor":3,"turns":2},{"damage":0,"enemies":"Cultist","floor":5,"turns":2},{"damage":36,"enemies":"Lagavulin","floor":7,"turns":4},{"damage":12,"enemies":"2 Fungi Beasts","floor":8,"turns":3},{"damage":7,"enemies":"Blue Slaver","floor":10,"turns":2},{"damage":10,"enemies":"Looter","floor":13,"turns":2},{"damage":6,"enemies":"Exordium Thugs","floor":14,"turns":3},{"damage":48,"enemies":"The Guardian","floor":16,"turns":7},{"damage":39,"enemies":"2 Thieves","floor":18,"turns":4},{"damage":47,"enemies":"3 Byrds","floor":22,"turns":4}],"seed_played":"7432648103128701165","potions_obtained":[{"floor":3,"key":"SpeedPotion"},{"floor":8,"key":"Strength Potion"},{"floor":13,"key":"Weak Potion"},{"floor":14,"key":"LiquidBronze"}],"is_trial":false,"path_per_floor":["M","?","M","?","M","R","E","M","T","M","$","?","M","M","R","B",null,"M","$","?","?","M"],"character_chosen":"IRONCLAD","items_purchased":["Membership Card","Blood for Blood","Bludgeon","Demon Form"],"campfire_rested":1,"item_purchase_floors":[11,11,19,19],"current_hp_per_floor":[80,64,65,65,71,71,41,45,45,44,44,44,45,45,69,27,80,47,47,41,41,0],"gold":11,"neow_bonus":"TRANSFORM_CARD","is_prod":false,"is_daily":false,"chose_seed":false,"campfire_upgraded":1,"win_rate":0.0,"timestamp":1564720209,"path_taken":["M","?","M","?","M","R","E","?","T","M","$","?","M","M","R","BOSS","M","$","?","?","M"],"build_version":"2019-07-17","purchased_purges":0,"victory":false,"max_hp_per_floor":[80,80,80,80,80,80,80,80,80,80,80,80,80,80,80,80,80,80,80,80,80,80],"card_choices":[{"not_picked":["Flex","Iron Wave"],"picked":"Twin Strike","floor":1},{"not_picked":["Flex","Headbutt"],"picked":"Reaper","floor":3},{"not_picked":["Warcry","Sever Soul"],"picked":"Searing Blow","floor":5},{"not_picked":["Armaments","Body Slam"],"picked":"Carnage","floor":7},{"not_picked":["Flame Barrier","Brutality","Warcry"],"picked":"Perfected Strike","floor":8},{"not_picked":["Flex","Thunderclap","Headbutt"],"picked":"Pommel Strike","floor":10},{"not_picked":["Impervious","Shockwave","Warcry"],"picked":"Iron Wave","floor":13},{"not_picked":["Body Slam","Inflame","Thunderclap"],"picked":"Headbutt","floor":14},{"not_picked":["Offering","Dark Embrace","Brutality"],"picked":"Double Tap","floor":16},{"not_picked":["Flex+1","Bloodletting+1","Iron Wave"],"picked":"Pummel","floor":18}],"player_experience":11049,"relics_obtained":[{"floor":7,"key":"Question Card"},{"floor":9,"key":"Potion Belt"}],"event_choices":[{"damage_healed":0,"gold_gain":0,"player_choice":"Entered Light","damage_taken":16,"max_hp_gain":0,"max_hp_loss":0,"event_name":"Shining Light","floor":2,"gold_loss":0,"cards_upgraded":["Strike_R","Twin Strike"]},{"damage_healed":0,"gold_gain":0,"cards_transformed":["Defend_R"],"player_choice":"Transformed","damage_taken":0,"max_hp_gain":0,"max_hp_loss":0,"event_name":"Transmorgrifier","floor":4,"gold_loss":0,"cards_obtained":["True Grit"]},{"damage_healed":0,"gold_gain":0,"player_choice":"Grow","damage_taken":0,"max_hp_gain":0,"max_hp_loss":0,"event_name":"Living Wall","floor":12,"gold_loss":0,"cards_upgraded":["Perfected Strike"]},{"damage_healed":0,"gold_gain":0,"player_choice":"Joined the Cult","damage_taken":6,"max_hp_gain":0,"max_hp_loss":0,"event_name":"Nest","floor":20,"gold_loss":0,"cards_obtained":["RitualDagger"]}],"is_beta":false,"boss_relics":[{"not_picked":["Mark of Pain","Fusion Hammer"],"picked":"Black Star"}],"items_purged_floors":[],"is_endless":false,"potions_floor_spawned":[3,8,13,14],"killed_by":"3 Byrds","ascension_level":0}