{"gold_per_floor":[115,115,40,115,290,290,300,300,300,300,312,62,82,101,101,202,202,215,215,215,0,20,20,54,64,115,115,134,84,97,47,47,152,152,164,215,215,215,165,0,0,0,24,38,38,38,64,81,81,81],"floor_reached":51,"playtime":2796,"items_purged":["Strike_R","Doubt","Strike_R","Defend_R","Strike_R"],"score":754,"play_id":"51454683-2b8f-4c5a-8754-a76157fe5bb9","local_time":"20190811195955","is_ascension_mode":false,"campfire_choices":[{"data":"Uppercut","floor":6,"key":"SMITH"},{"data":"Evolve","floor":8,"key":"SMITH"},{"data":"Bash","floor":10,"key":"SMITH"},{"floor":15,"key":"REST"},{"floor":23,"key":"REST"},{"floor":32,"key":"REST"},{"data":"Bludgeon","floor":41,"key":"SMITH"},{"data":"Rage","floor":45,"key":"SMITH"},{"floor":49,"key":"REST"}],"neow_cost":"NONE","seed_source_timestamp":1040939489884121,"circlet_count":0,"master_deck":["Strike_R+1","Strike_R+1","Defend_R","Defend_R","Bash+1","Uppercut+1","Evolve+1","Armaments","Second Wind","Havoc","Bludgeon+1","Havoc+1","Second Wind+1","Carnage","Metallicize+1","Heavy Blade+1","Reaper","Perfected Strike","Corruption+1","Madness","Clumsy","Rage+1","Normality","Demon Form","Havoc+1"],"relics":["Burning Blood","Bag of Marbles","Oddly Smooth Stone","Omamori","Whetstone","Odd Mushroom","Runic Pyramid","Necronomicon","Smiling Mask","Anchor","Happy Flower","Cursed Key","Mango","Red Mask","PreservedInsect","Lantern","Question Card"],"potions_floor_usage":[16,33,33],"damage_taken":[{"damage":3,"enemies":"Jaw Worm","floor":1,"turns":4},{"damage":0,"enemies":"2 Louse","floor":7,"turns":2},{"damage":4,"enemies":"Small Slimes","floor":11,"turns":4},{"damage":26,"enemies":"The Mushroom Lair","floor":13,"turns":4},{"damage":4,"enemies":"Looter","floor":14,"turns":3},{"damage":61,"enemies":"The Guardian","floor":16,"turns":16},{"damage":43,"enemies":"3 Byrds","floor":18,"turns":7},{"damage":1,"enemies":"Spheric Guardian","floor":22,"turns":3},{"damage":2,"enemies":"Book of Stabbing","floor":24,"turns":3},{"damage":0,"enemies":"Snake Plant","floor":25,"turns":4},{"damage":14,"enemies":"Centurion and Healer","floor":28,"turns":3},{"damage":9,"enemies":"Snecko","floor":30,"turns":3},{"damage":0,"enemies":"Champ","floor":33,"turns":8},{"damage":5,"enemies":"Orb Walker","floor":35,"turns":2},{"damage":32,"enemies":"2 Orb Walkers","floor":36,"turns":5},{"damage":1,"enemies":"3 Darklings","floor":44,"turns":5},{"damage":21,"enemies":"Giant Head","floor":47,"turns":6},{"damage":30,"enemies":"Spire Growth","floor":48,"turns":4},{"damage":76,"enemies":"Awakened One","floor":50,"turns":9}],"seed_played":"-2590561683498127992","potions_obtained":[{"floor":7,"key":"GamblersBrew"},{"floor":13,"key":"Dexterity Potion"},{"floor":22,"key":"Dexterity Potion"},{"floor":28,"key":"Ancient Potion"},{"floor":35,"key":"PowerPotion"},{"floor":36,"key":"Regen Potion"},{"floor":48,"key":"FairyPotion"}],"is_trial":false,"path_per_floor":["M","?","$","?","?","R","M","R","T","R","M","$","?","M","R","B",null,"M","?","?","?","M","R","E","M","T","?","M","$","M","$","R","B",null,"M","?","?","?","$","?","R","$","T","M","R","T","E","M","R","B",null],"character_chosen":"IRONCLAD","items_purchased":["Whetstone"],"campfire_rested":4,"item_purchase_floors":[12],"current_hp_per_floor":[80,77,77,66,66,66,72,72,72,72,74,74,54,56,80,25,80,43,27,27,27,32,56,60,66,66,66,58,58,55,55,79,80,80,80,78,78,78,78,78,78,78,78,83,83,83,68,44,72,26],"gold":81,"neow_bonus":"RANDOM_COMMON_RELIC","is_prod":false,"is_daily":false,"chose_seed":false,"campfire_upgraded":5,"win_rate":0.0,"timestamp":1565571595,"path_taken":["M","?","$","?","?","R","M","R","T","R","M","$","?","?","R","BOSS","M","?","?","?","M","R","E","M","T","?","?","$","?","$","R","BOSS","M","?","?","?","$","?","R","?","T","?","R","?","E","M","R","BOSS"],"build_version":"2019-07-17","purchased_purges":5,"victory":true,"max_hp_per_floor":[80,80,80,80,80,80,80,80,80,80,80,80,80,80,80,80,80,80,80,80,80,80,80,80,80,80,80,80,80,80,80,80,80,80,80,94,94,94,94,94,94,94,94,94,94,94,94,94,94,94],"card_choices":[{"not_picked":["Wild Strike","Clothesline"],"picked":"Uppercut","floor":1},{"not_picked":["Body Slam","Anger"],"picked":"Evolve","floor":7},{"not_picked":["Sever Soul","Disarm"],"picked":"Armaments","floor":11},{"not_picked":["Combust","Pommel Strike"],"picked":"Second Wind","floor":13},{"not_picked":["Clothesline","Pummel"],"picked":"Havoc","floor":14},{"not_picked":["Double Tap","Juggernaut"],"picked":"Bludgeon","floor":16},{"not_picked":["Clothesline","Metallicize"],"picked":"Armaments","floor":18},{"not_picked":["Bloodletting","Clash"],"picked":"Havoc+1","floor":22},{"not_picked":["Clash","Havoc"],"picked":"Second Wind+1","floor":24},{"not_picked":["Flex","Body Slam"],"picked":"Carnage","floor":25},{"not_picked":["Shrug It Off","Clash"],"picked":"Metallicize+1","floor":28},{"not_picked":["Fire Breathing","Twin Strike+1"],"picked":"Heavy Blade+1","floor":30},{"not_picked":["Impervious","Limit Break"],"picked":"Reaper","floor":33},{"not_picked":["Heavy Blade","Rage"],"picked":"Perfected Strike","floor":35},{"not_picked":["Anger","True Grit"],"picked":"Corruption+1","floor":36},{"not_picked":["Discovery","Forethought"],"picked":"Madness","floor":38},{"not_picked":["Sword Boomerang+1","Flex"],"picked":"Rage","floor":44},{"not_picked":["Rampage+1","Combust"],"picked":"Demon Form","floor":47},{"not_picked":["Clash+1","Carnage+1","Pommel Strike+1"],"picked":"Havoc+1","floor":48}],"player_experience":138582,"relics_obtained":[{"floor":9,"key":"Omamori"},{"floor":13,"key":"Odd Mushroom"},{"floor":19,"key":"Necronomicon"},{"floor":24,"key":"Anchor"},{"floor":26,"key":"Happy Flower"},{"floor":36,"key":"Mango"},{"floor":43,"key":"PreservedInsect"},{"floor":46,"key":"Lantern"},{"floor":47,"key":"Question Card"}],"event_choices":[{"damage_healed":0,"gold_gain":0,"player_choice":"Success","damage_taken":3,"relics_obtained":["Oddly Smooth Stone"],"max_hp_gain":0,"max_hp_loss":0,"event_name":"Scrap Ooze","floor":2,"gold_loss":0},{"damage_healed":0,"gold_gain":75,"player_choice":"Gather Gold","damage_taken":11,"max_hp_gain":0,"max_hp_loss":0,"event_name":"World of Goop","floor":4,"gold_loss":0},{"damage_healed":0,"gold_gain":175,"player_choice":"AGREE","damage_taken":0,"max_hp_gain":0,"max_hp_loss":0,"event_name":"Liars Game","floor":5,"gold_loss":0,"cards_obtained":["Doubt"]},{"damage_healed":0,"gold_gain":0,"player_choice":"Fought Mushrooms","damage_taken":0,"max_hp_gain":0,"max_hp_loss":0,"event_name":"Mushrooms","floor":13,"gold_loss":0},{"damage_healed":0,"gold_gain":0,"player_choice":"Obtained Book","damage_taken":16,"max_hp_gain":0,"max_hp_loss":0,"event_name":"Cursed Tome","floor":19,"gold_loss":0},{"damage_healed":0,"gold_gain":0,"player_choice":"Opened","damage_taken":0,"relics_obtained":["Smiling Mask"],"max_hp_gain":0,"max_hp_loss":0,"event_name":"The Mausoleum","floor":20,"gold_loss":0,"cards_obtained":["Writhe"]},{"damage_healed":0,"gold_gain":0,"player_choice":"Paid Fearfully","damage_taken":0,"max_hp_gain":0,"max_hp_loss":0,"event_name":"Masked Bandits","floor":21,"gold_loss":215},{"cards_removed":["Defend_R"],"damage_healed":0,"gold_gain":0,"player_choice":"Offered Basic","damage_taken":0,"max_hp_gain":0,"max_hp_loss":0,"event_name":"Bonfire Elementals","floor":27,"gold_loss":0},{"damage_healed":0,"gold_gain":0,"player_choice":"Fight","damage_taken":0,"max_hp_gain":0,"max_hp_loss":0,"event_name":"Mysterious Sphere","floor":36,"gold_loss":0},{"cards_removed":["Armaments"],"damage_healed":0,"gold_gain":0,"player_choice":"Removed Skill","damage_taken":0,"max_hp_gain":0,"max_hp_loss":0,"event_name":"Falling","floor":37,"gold_loss":0},{"damage_healed":0,"gold_gain":0,"player_choice":"Memory 1","damage_taken":0,"max_hp_gain":0,"max_hp_loss":0,"event_name":"SensoryStone","floor":38,"gold_loss":0},{"damage_healed":0,"gold_gain":0,"player_choice":"Paid","damage_taken":0,"relics_obtained":["Red Mask"],"max_hp_gain":0,"max_hp_loss":0,"event_name":"Tomb of Lord Red Mask","floor":40,"gold_loss":165}],"is_beta":false,"boss_relics":[{"not_picked":["Philosopher\u0027s Stone","Runic Cube"],"picked":"Runic Pyramid"},{"not_picked":["Black Blood","White Beast Statue"],"picked":"Cursed Key"}],"items_purged_floors":[3,12,29,31,39],"is_endless":false,"potions_floor_spawned":[7,13,22,28,30,35,36,48],"ascension_level":0}