{"gold_per_floor":[113,125,53,53,64,91,91,119,167,167,18,33,67,79,79,151,151,161,172,184,184,184,184,197,223,223,252,252,252,267,278,278,351,351,364,364,381,381,393,425,441,458,512,546,557,557,587,366,366,366,366,366,81,111,111],"floor_reached":55,"playtime":4861,"items_purged":[],"score":1459,"play_id":"00cefcdb-03cd-41ff-a0d4-828baaa11209","local_time":"20190506222635","is_ascension_mode":true,"campfire_choices":[{"data":"Flex","floor":10.0,"key":"SMITH"},{"data":"True Grit","floor":15.0,"key":"SMITH"},{"floor":23.0,"key":"REST"},{"data":"Armaments","floor":29.0,"key":"SMITH"},{"data":"Feel No Pain","floor":32.0,"key":"SMITH"},{"floor":46,"key":"REST"},{"floor":49,"key":"RECALL"},{"data":"Heavy Blade","floor":52,"key":"SMITH"}],"neow_cost":"NONE","seed_source_timestamp":1048429714133592,"circlet_count":0,"master_deck":["AscendersBane","Strike_R+1","Strike_R","Strike_R","Strike_R","Strike_R","Defend_R","Defend_R","Defend_R","Defend_R","Bash+1","Wild Strike","Flex+1","Pommel Strike","Perfected Strike+1","Shrug It Off","Pummel","Armaments+1","True Grit+1","Heavy Blade+1","Immolate","Clothesline+1","Sword Boomerang","Sever Soul","Perfected Strike","Corruption","Shrug It Off+1","Feel No Pain+1","Disarm+1","Dark Embrace","Master of Strategy+1","Ghostly Armor+1","Bloodletting+1","Flex+1","Flame Barrier+1","Body Slam","Offering+1","Dark Shackles+1","Power Through+1","Evolve","Power Through+1"],"special_seed":0,"relics":["Burning Blood","Darkstone Periapt","Whetstone","Orichalcum","Omamori","Pen Nib","Snecko Eye","Paper Frog","WarpedTongs","Bag of Preparation","Sundial","Toxic Egg 2","Mark of Pain","Regal Pillow","Bronze Scales","Gambling Chip","Vajra","Mercury Hourglass"],"potions_floor_usage":[40,44,50,50,55],"damage_taken":[{"damage":5.0,"enemies":"Cultist","floor":1.0,"turns":4.0},{"damage":11.0,"enemies":"2 Louse","floor":2.0,"turns":3.0},{"damage":0.0,"enemies":"Small Slimes","floor":5.0,"turns":2.0},{"damage":16.0,"enemies":"Gremlin Nob","floor":6.0,"turns":3.0},{"damage":19.0,"enemies":"Lagavulin","floor":8.0,"turns":5.0},{"damage":7.0,"enemies":"Exordium Wildlife","floor":12.0,"turns":3.0},{"damage":15.0,"enemies":"3 Sentries","floor":13.0,"turns":7.0},{"damage":13.0,"enemies":"3 Louse","floor":14.0,"turns":4.0},{"damage":40.0,"enemies":"The Guardian","floor":16.0,"turns":13.0},{"damage":0.0,"enemies":"Chosen","floor":18.0,"turns":3.0},{"damage":19.0,"enemies":"2 Thieves","floor":19.0,"turns":4.0},{"damage":41.0,"enemies":"Shelled Parasite and Fungi","floor":20.0,"turns":5.0},{"damage":1.0,"enemies":"Centurion and Healer","floor":24.0,"turns":3.0},{"damage":0.0,"enemies":"Gremlin Leader","floor":25.0,"turns":2.0},{"damage":0.0,"enemies":"Slavers","floor":27.0,"turns":3.0},{"damage":9.0,"enemies":"Snake Plant","floor":30.0,"turns":2.0},{"damage":6.0,"enemies":"Shelled Parasite and Fungi","floor":31.0,"turns":3.0},{"damage":29.0,"enemies":"Collector","floor":33.0,"turns":8.0},{"damage":3.0,"enemies":"3 Shapes","floor":35.0,"turns":3.0},{"damage":11,"enemies":"3 Darklings","floor":37,"turns":4},{"damage":0,"enemies":"Maw","floor":39,"turns":5},{"damage":5,"enemies":"Reptomancer","floor":40,"turns":4},{"damage":17,"enemies":"Spire Growth","floor":41,"turns":3},{"damage":0,"enemies":"Sphere and 2 Shapes","floor":42,"turns":3},{"damage":45,"enemies":"Nemesis","floor":44,"turns":5},{"damage":3,"enemies":"4 Shapes","floor":45,"turns":5},{"damage":0,"enemies":"Reptomancer","floor":47,"turns":3},{"damage":30,"enemies":"Awakened One","floor":50,"turns":12},{"damage":65,"enemies":"Shield and Spear","floor":54,"turns":9},{"damage":30,"enemies":"The Heart","floor":55,"turns":2}],"seed_played":"-3685284193597143832","potions_obtained":[{"floor":4.0,"key":"EntropicBrew"},{"floor":5.0,"key":"AttackPotion"},{"floor":6.0,"key":"PowerPotion"},{"floor":8.0,"key":"GamblersBrew"},{"floor":13.0,"key":"Regen Potion"},{"floor":18.0,"key":"Ancient Potion"},{"floor":19.0,"key":"SteroidPotion"},{"floor":20.0,"key":"Poison Potion"},{"floor":39,"key":"Swift Potion"},{"floor":41,"key":"SkillPotion"},{"floor":44,"key":"Poison Potion"},{"floor":47,"key":"Poison Potion"},{"floor":54,"key":"Energy Potion"}],"is_trial":false,"path_per_floor":["M","M","$","?","M","E","$","E","T","R","$","M","E","M","R","B",null,"M","M","M","?","?","R","M","E","T","E","?","R","M","M","R","B",null,"M","?","M","?","M","E","M","M","T","E","M","R","E","$","R","B",null,"R","$","E","B"],"character_chosen":"IRONCLAD","items_purchased":["Pommel Strike","SkillPotion","Omamori","Dark Shackles+1","Power Through+1","SteroidPotion","Evolve","Vajra","Poison Potion","Poison Potion"],"campfire_rested":2,"item_purchase_floors":[3,3,11,48,48,48,53,53,53,53],"current_hp_per_floor":[73,68,68,68,74,64,64,51,51,51,51,50,41,34,34,15,64,70,57,22,22,22,46,51,57,57,63,63,63,60,60,60,37,69,72,67,62,62,68,69,58,64,64,25,28,67,73,73,73,49,72,72,72,13,0],"gold":111,"neow_bonus":"UPGRADE_CARD","is_prod":false,"is_daily":false,"chose_seed":false,"campfire_upgraded":5,"win_rate":0,"timestamp":1557195995,"path_taken":["M","M","$","?","?","E","?","E","T","R","$","M","E","M","R","BOSS","M","M","M","?","?","R","?","E","T","E","?","R","M","M","R","BOSS","M","?","M","?","M","E","M","M","T","E","M","R","E","$","R","BOSS","R","$","E","BOSS"],"build_version":"2019-01-23","purchased_purges":0,"victory":false,"max_hp_per_floor":[80,80,80,80,80,80,80,80,80,80,80,80,80,80,80,80,80,80,80,80,80,80,80,80,80,80,80,80,80,80,80,80,80,80,80,80,80,80,80,80,80,80,80,80,80,80,80,80,80,80,80,80,80,80,80],"card_choices":[{"not_picked":["Flex","True Grit"],"picked":"Wild Strike","floor":1.0},{"not_picked":["Seeing Red","True Grit"],"picked":"Flex","floor":2.0},{"not_picked":["Infernal Blade","Cleave"],"picked":"Perfected Strike","floor":5.0},{"not_picked":["Intimidate","Rage"],"picked":"Shrug It Off","floor":6.0},{"not_picked":["Perfected Strike","Warcry"],"picked":"Pummel","floor":8.0},{"not_picked":["Clothesline","Bludgeon"],"picked":"Armaments","floor":12.0},{"not_picked":["Pommel Strike","Clothesline"],"picked":"True Grit","floor":13.0},{"not_picked":["Anger","Perfected Strike"],"picked":"Heavy Blade","floor":14.0},{"not_picked":["Reaper","Limit Break"],"picked":"Immolate","floor":16.0},{"not_picked":["Anger+1","Headbutt"],"picked":"Clothesline+1","floor":18.0},{"not_picked":["Twin Strike","Reckless Charge"],"picked":"Sword Boomerang","floor":19.0},{"not_picked":["Twin Strike","Shrug It Off"],"picked":"Sever Soul","floor":20.0},{"not_picked":["Armaments","Havoc","Anger"],"picked":"SKIP","floor":24.0},{"not_picked":["Warcry","Sword Boomerang"],"picked":"Perfected Strike","floor":25.0},{"not_picked":["Sentinel","Anger+1"],"picked":"Corruption","floor":27.0},{"not_picked":["Perfected Strike","Anger"],"picked":"Feel No Pain","floor":30.0},{"not_picked":["Cleave","Fire Breathing"],"picked":"Disarm+1","floor":31.0},{"not_picked":["Barricade","Feed"],"picked":"Dark Embrace","floor":33.0},{"not_picked":["Hemokinesis","Havoc+1","Infernal Blade+1"],"picked":"SKIP","floor":35.0},{"not_picked":["Metamorphosis+1","Panacea+1"],"picked":"Master of Strategy+1","floor":36.0},{"not_picked":["Sword Boomerang","Carnage+1"],"picked":"Ghostly Armor+1","floor":37},{"not_picked":["Evolve","Reckless Charge"],"picked":"Bloodletting+1","floor":39},{"not_picked":["Feed","Combust"],"picked":"Flex+1","floor":40},{"not_picked":["Perfected Strike","Whirlwind","Havoc+1"],"picked":"SKIP","floor":41},{"not_picked":["Clash","Headbutt"],"picked":"Flame Barrier+1","floor":42},{"not_picked":["Dropkick","Havoc+1"],"picked":"Body Slam","floor":44},{"not_picked":["Twin Strike","Body Slam","Cleave+1"],"picked":"SKIP","floor":45},{"not_picked":["Perfected Strike","True Grit+1"],"picked":"Offering+1","floor":47},{"not_picked":["Intimidate+1","Perfected Strike"],"picked":"Power Through+1","floor":54}],"player_experience":1474638,"relics_obtained":[{"floor":6.0,"key":"Darkstone Periapt"},{"floor":8.0,"key":"Whetstone"},{"floor":9.0,"key":"Orichalcum"},{"floor":13.0,"key":"Pen Nib"},{"floor":25.0,"key":"Bag of Preparation"},{"floor":26.0,"key":"Sundial"},{"floor":27.0,"key":"Toxic Egg 2"},{"floor":40,"key":"Regal Pillow"},{"floor":44,"key":"Bronze Scales"},{"floor":47,"key":"Gambling Chip"},{"floor":54,"key":"Mercury Hourglass"}],"event_choices":[{"damage_healed":0.0,"max_hp_gain":0.0,"max_hp_loss":0.0,"gold_gain":0.0,"event_name":"Lab","player_choice":"Got Potions","floor":4.0,"gold_loss":0.0,"damage_taken":0.0},{"damage_healed":0.0,"max_hp_gain":0.0,"max_hp_loss":0.0,"gold_gain":0.0,"event_name":"The Mausoleum","player_choice":"Opened","floor":21.0,"gold_loss":0.0,"damage_taken":0.0,"relics_obtained":["Paper Frog"],"cards_obtained":["Writhe"]},{"damage_healed":0.0,"max_hp_gain":0.0,"max_hp_loss":0.0,"gold_gain":0.0,"event_name":"Accursed Blacksmith","player_choice":"Rummage","floor":22.0,"gold_loss":0.0,"damage_taken":0.0,"relics_obtained":["WarpedTongs"],"cards_obtained":["Pain"]},{"damage_healed":0.0,"max_hp_gain":0.0,"max_hp_loss":0.0,"gold_gain":0.0,"event_name":"The Library","player_choice":"Read","floor":28.0,"gold_loss":0.0,"damage_taken":0.0,"cards_obtained":["Shrug It Off"]},{"damage_healed":0.0,"max_hp_gain":0.0,"max_hp_loss":0.0,"gold_gain":0.0,"event_name":"SensoryStone","player_choice":"Memory 2","floor":36.0,"gold_loss":0.0,"damage_taken":5.0},{"damage_healed":0,"gold_gain":0,"player_choice":"Ignored","damage_taken":0,"max_hp_gain":0,"max_hp_loss":0,"event_name":"Tomb of Lord Red Mask","floor":38,"gold_loss":0}],"is_beta":false,"boss_relics":[{"not_picked":["Tiny House","Pandora\u0027s Box"],"picked":"Snecko Eye"},{"not_picked":["Lizard Tail","Astrolabe"],"picked":"Mark of Pain"}],"items_purged_floors":[],"is_endless":false,"potions_floor_spawned":[5,6,8,13,14,18,19,20,24,39,41,44,47,54],"killed_by":"The Heart","ascension_level":13}