{"gold_per_floor":[116,116,116,135,135,135,168,187,259,259,274,294,294,330,330,426,426,439,439,4,20,20,20,37,63,89,89,104,132,132,149,149,228,228,246,263,282,282,282,308,324,324,350,381,381,391,420,310,310,310,310,310,310,50,81,81],"floor_reached":56,"playtime":4903,"items_purged":[],"score":2295,"play_id":"503afecf-2458-4ac6-93a8-397178f9500a","local_time":"20190506004511","is_ascension_mode":true,"campfire_choices":[{"data":"Sucker Punch","floor":6.0,"key":"SMITH"},{"floor":10.0,"key":"REST"},{"data":"Blade Dance","floor":15.0,"key":"SMITH"},{"data":"Phantasmal Killer","floor":23.0,"key":"SMITH"},{"data":"PiercingWail","floor":30.0,"key":"SMITH"},{"floor":32.0,"key":"REST"},{"data":"After Image","floor":42.0,"key":"SMITH"},{"data":"Infinite Blades","floor":45.0,"key":"SMITH"},{"floor":49.0,"key":"RECALL"},{"data":"After Image","floor":53.0,"key":"SMITH"}],"neow_cost":"NONE","seed_source_timestamp":995666752046320,"circlet_count":0,"master_deck":["AscendersBane","Defend_G","Defend_G","Defend_G","Defend_G","Strike_G","Strike_G+1","Strike_G","Strike_G","Survivor","Neutralize+1","After Image+1","Blade Dance+1","Sucker Punch+1","Heel Hook","PiercingWail+1","Calculated Gamble","Crippling Poison","Heel Hook","Phantasmal Killer+1","Slice+1","Deflect+1","Flash of Steel","PiercingWail+1","Infinite Blades+1","Cloak And Dagger+1","Acrobatics+1","Terror+1","Noxious Fumes+1","Storm of Steel+1","Dodge and Roll+1","Reflex+1","Cloak And Dagger+1","Impatience+1","Adrenaline+1","After Image+1","Blade Dance+1","Dark Shackles+1","Well Laid Plans"],"special_seed":0,"relics":["Ring of the Snake","Happy Flower","Bloody Idol","Vajra","Gremlin Horn","Kunai","WristBlade","Toxic Egg 2","MutagenicStrength","Bag of Marbles","Art of War","Mummified Hand","Coffee Dripper","Incense Burner","Boot","FossilizedHelix","Centennial Puzzle","Unceasing Top"],"potions_floor_usage":[56],"damage_taken":[{"damage":2.0,"enemies":"Jaw Worm","floor":1.0,"turns":7.0},{"damage":0.0,"enemies":"2 Louse","floor":4.0,"turns":4.0},{"damage":38.0,"enemies":"Gremlin Nob","floor":7.0,"turns":6.0},{"damage":7.0,"enemies":"Small Slimes","floor":8.0,"turns":3.0},{"damage":0.0,"enemies":"3 Louse","floor":11.0,"turns":4.0},{"damage":1.0,"enemies":"Exordium Wildlife","floor":12.0,"turns":4.0},{"damage":17.0,"enemies":"3 Sentries","floor":14.0,"turns":10.0},{"damage":10.0,"enemies":"Hexaghost","floor":16.0,"turns":16.0},{"damage":0.0,"enemies":"Spheric Guardian","floor":18.0,"turns":4.0},{"damage":11.0,"enemies":"Chosen","floor":21.0,"turns":5.0},{"damage":0.0,"enemies":"Snake Plant","floor":24.0,"turns":2.0},{"damage":22.0,"enemies":"Slavers","floor":25.0,"turns":6.0},{"damage":5.0,"enemies":"Snecko","floor":28.0,"turns":5.0},{"damage":4.0,"enemies":"Book of Stabbing","floor":29.0,"turns":3.0},{"damage":0.0,"enemies":"Cultist and Chosen","floor":31.0,"turns":4.0},{"damage":14.0,"enemies":"Champ","floor":33.0,"turns":13.0},{"damage":0.0,"enemies":"Orb Walker","floor":35.0,"turns":2.0},{"damage":0.0,"enemies":"3 Shapes","floor":36.0,"turns":5.0},{"damage":0.0,"enemies":"Writhing Mass","floor":37.0,"turns":6.0},{"damage":0.0,"enemies":"Reptomancer","floor":40.0,"turns":3.0},{"damage":0.0,"enemies":"Maw","floor":41.0,"turns":5.0},{"damage":12.0,"enemies":"Nemesis","floor":44.0,"turns":5.0},{"damage":0.0,"enemies":"Sphere and 2 Shapes","floor":46.0,"turns":2.0},{"damage":0.0,"enemies":"Reptomancer","floor":47.0,"turns":4.0},{"damage":0.0,"enemies":"Donu and Deca","floor":50.0,"turns":8.0},{"damage":0.0,"enemies":"Awakened One","floor":51.0,"turns":11.0},{"damage":0.0,"enemies":"Shield and Spear","floor":55.0,"turns":7.0},{"damage":62,"enemies":"The Heart","floor":56,"turns":9}],"seed_played":"-7375282996162670332","potions_obtained":[{"floor":1.0,"key":"Dexterity Potion"},{"floor":8.0,"key":"Energy Potion"},{"floor":14.0,"key":"GhostInAJar"},{"floor":16.0,"key":"Block Potion"},{"floor":18.0,"key":"Strength Potion"},{"floor":25.0,"key":"FearPotion"},{"floor":28.0,"key":"SkillPotion"},{"floor":33.0,"key":"SpeedPotion"},{"floor":44.0,"key":"LiquidBronze"},{"floor":47.0,"key":"Strength Potion"}],"is_trial":false,"path_per_floor":["M","?","?","M","?","R","E","M","T","R","M","M","?","E","R","B",null,"M","?","$","M","?","R","M","E","T","?","M","E","R","M","R","B",null,"M","M","M","?","?","E","M","R","T","E","R","M","E","?","R","B","B",null,"R","$","E","B"],"character_chosen":"THE_SILENT","items_purchased":["Toxic Egg 2","Deflect+1","Flash of Steel","Dark Shackles+1","Centennial Puzzle"],"campfire_rested":2,"item_purchase_floors":[20,20,20,54,54],"current_hp_per_floor":[57,57,46,46,46,46,8,1,1,19,19,18,38,21,21,11,48,48,48,48,42,42,42,47,30,35,35,35,36,36,41,59,50,58,60,60,60,60,60,60,60,60,60,53,53,58,60,60,60,60,60,60,60,60,60,0],"gold":81,"neow_bonus":"ONE_RANDOM_RARE_CARD","is_prod":false,"is_daily":false,"chose_seed":false,"campfire_upgraded":7,"win_rate":0,"timestamp":1557117911,"path_taken":["M","?","?","M","?","R","E","?","T","R","M","M","?","E","R","BOSS","M","?","$","M","?","R","M","E","T","?","M","E","R","M","R","BOSS","M","M","M","?","?","E","M","R","T","E","R","M","E","?","R","BOSS","BOSS","R","$","E","BOSS"],"build_version":"2019-01-23","purchased_purges":0,"victory":false,"max_hp_per_floor":[66,66,66,66,60,60,60,60,60,60,60,60,60,60,60,60,60,60,60,60,60,60,60,60,60,60,60,60,60,60,60,60,60,60,60,60,60,60,60,60,60,60,60,60,60,60,60,60,60,60,60,60,60,60,60,60],"card_choices":[{"not_picked":["Reflex","Cloak And Dagger"],"picked":"Blade Dance","floor":1.0},{"not_picked":["Footwork","Dodge and Roll"],"picked":"Sucker Punch","floor":4.0},{"not_picked":["Blur","All Out Attack"],"picked":"Heel Hook","floor":7.0},{"not_picked":["Flying Knee","Bane"],"picked":"PiercingWail","floor":8.0},{"not_picked":["A Thousand Cuts","All Out Attack"],"picked":"Calculated Gamble","floor":11.0},{"not_picked":["Deflect","Dagger Spray"],"picked":"Crippling Poison","floor":12.0},{"not_picked":["Blade Dance","Underhanded Strike"],"picked":"Heel Hook","floor":14.0},{"not_picked":["Corpse Explosion","Grand Finale"],"picked":"Phantasmal Killer","floor":16.0},{"not_picked":["Poisoned Stab","Bouncing Flask"],"picked":"Slice+1","floor":18.0},{"not_picked":["Accuracy","Quick Slash"],"picked":"PiercingWail+1","floor":21.0},{"not_picked":["Slice","Underhanded Strike"],"picked":"Infinite Blades","floor":24.0},{"not_picked":["Bane+1","Deadly Poison+1"],"picked":"Cloak And Dagger+1","floor":25.0},{"not_picked":["Flying Knee","Footwork+1"],"picked":"Acrobatics+1","floor":28.0},{"not_picked":["Distraction+1","Unload"],"picked":"Terror+1","floor":29.0},{"not_picked":["Footwork","Escape Plan+1"],"picked":"Noxious Fumes+1","floor":31.0},{"not_picked":["Malaise+1","Glass Knife"],"picked":"Storm of Steel+1","floor":33.0},{"not_picked":["Eviscerate","All Out Attack"],"picked":"Dodge and Roll+1","floor":35.0},{"not_picked":["Eviscerate","Masterful Stab"],"picked":"Reflex+1","floor":36.0},{"not_picked":["Underhanded Strike","Slice"],"picked":"Cloak And Dagger+1","floor":37.0},{"not_picked":["HandOfGreed","Discovery+1"],"picked":"Impatience+1","floor":39.0},{"not_picked":["Cloak And Dagger+1","Sucker Punch"],"picked":"Adrenaline+1","floor":40.0},{"not_picked":["Slice+1","Flechettes","Underhanded Strike"],"picked":"SKIP","floor":41.0},{"not_picked":["Underhanded Strike+1","Bane","Skewer+1"],"picked":"SKIP","floor":44.0},{"not_picked":["Catalyst+1","Outmaneuver+1"],"picked":"After Image","floor":46.0},{"not_picked":["Dagger Spray","Distraction+1"],"picked":"Blade Dance+1","floor":47.0},{"not_picked":["Sucker Punch","Underhanded Strike"],"picked":"Well Laid Plans","floor":55.0}],"player_experience":1432655,"relics_obtained":[{"floor":7.0,"key":"Vajra"},{"floor":9.0,"key":"Gremlin Horn"},{"floor":14.0,"key":"Kunai"},{"floor":25.0,"key":"Bag of Marbles"},{"floor":26.0,"key":"Art of War"},{"floor":29.0,"key":"Mummified Hand"},{"floor":40.0,"key":"Incense Burner"},{"floor":44.0,"key":"Boot"},{"floor":47.0,"key":"FossilizedHelix"},{"floor":55.0,"key":"Unceasing Top"}],"event_choices":[{"damage_healed":0.0,"max_hp_gain":0.0,"max_hp_loss":0.0,"gold_gain":0.0,"event_name":"Living Wall","player_choice":"Grow","floor":2.0,"gold_loss":0.0,"damage_taken":0.0,"cards_upgraded":["Neutralize"]},{"damage_healed":0.0,"max_hp_gain":0.0,"max_hp_loss":0.0,"gold_gain":0.0,"event_name":"Scrap Ooze","player_choice":"Success","floor":3.0,"gold_loss":0.0,"damage_taken":11.0,"relics_obtained":["Happy Flower"]},{"damage_healed":0.0,"max_hp_gain":0.0,"max_hp_loss":6.0,"gold_gain":0.0,"event_name":"Golden Idol","player_choice":"Lose Max HP","floor":5.0,"gold_loss":0.0,"damage_taken":0.0,"relics_obtained":["Golden Idol"]},{"damage_healed":20.0,"max_hp_gain":0.0,"max_hp_loss":0.0,"gold_gain":0.0,"event_name":"Big Fish","player_choice":"Banana","floor":13.0,"gold_loss":0.0,"damage_taken":0.0},{"damage_healed":0.0,"max_hp_gain":0.0,"max_hp_loss":0.0,"gold_gain":0.0,"event_name":"Forgotten Altar","player_choice":"Gave Idol","floor":19.0,"relics_lost":["Golden Idol"],"gold_loss":0.0,"damage_taken":0.0,"relics_obtained":["Bloody Idol"]},{"damage_healed":0.0,"max_hp_gain":0.0,"max_hp_loss":0.0,"gold_gain":0.0,"event_name":"Drug Dealer","player_choice":"Inject Mutagens","floor":22.0,"gold_loss":0.0,"damage_taken":0.0,"relics_obtained":["MutagenicStrength"]},{"damage_healed":0.0,"max_hp_gain":0.0,"max_hp_loss":0.0,"gold_gain":0.0,"event_name":"Cursed Tome","player_choice":"Ignored","floor":27.0,"gold_loss":0.0,"damage_taken":0.0},{"cards_removed":["Defend_G"],"damage_healed":0.0,"max_hp_gain":0.0,"max_hp_loss":0.0,"gold_gain":0.0,"event_name":"Falling","player_choice":"Removed Skill","floor":38.0,"gold_loss":0.0,"damage_taken":0.0},{"damage_healed":0.0,"max_hp_gain":0.0,"max_hp_loss":0.0,"gold_gain":0.0,"event_name":"SensoryStone","player_choice":"Memory 1","floor":39.0,"gold_loss":0.0,"damage_taken":0.0},{"cards_removed":["Strike_G"],"damage_healed":0.0,"max_hp_gain":0.0,"max_hp_loss":0.0,"gold_gain":0.0,"event_name":"Designer","player_choice":"Upgrade and Remove","floor":48.0,"gold_loss":110.0,"damage_taken":0.0,"cards_upgraded":["Strike_G"]}],"is_beta":false,"boss_relics":[{"not_picked":["Calling Bell","Velvet Choker"],"picked":"WristBlade"},{"not_picked":["Ring of the Serpent","Astrolabe"],"picked":"Coffee Dripper"}],"items_purged_floors":[],"is_endless":false,"potions_floor_spawned":[1,8,14,16,18,25,28,33,44,46,47],"killed_by":"The Heart","ascension_level":20}