{"gold_per_floor":[219,235,9,9,21,21,51,63,88,113,113,145,164,177,177,177],"floor_reached":16,"playtime":979,"items_purged":[],"score":274,"play_id":"f6768a7f-0222-4cb2-91c3-d4aed2d9ea7c","local_time":"20190429223542","is_ascension_mode":true,"campfire_choices":[{"data":"Backstab","floor":6,"key":"SMITH"},{"data":"Bouncing Flask","floor":15,"key":"SMITH"}],"neow_cost":"NONE","seed_source_timestamp":475803886143783,"circlet_count":0,"master_deck":["AscendersBane","Defend_G","Defend_G","Defend_G","Defend_G","Defend_G","Strike_G","Strike_G","Strike_G","Strike_G","Strike_G","Survivor","Neutralize","Backstab+1","Well Laid Plans","Malaise","Slice","Bouncing Flask+1","Poisoned Stab","PiercingWail"],"relics":["Ring of the Snake","PreservedInsect","Vajra","Snake Skull","Odd Mushroom","Happy Flower"],"potions_floor_usage":[7,7,10,16,16],"damage_taken":[{"damage":2,"enemies":"Jaw Worm","floor":1,"turns":5},{"damage":0,"enemies":"Small Slimes","floor":2,"turns":3},{"damage":0,"enemies":"Cultist","floor":5,"turns":4},{"damage":0,"enemies":"Lagavulin","floor":7,"turns":2},{"damage":2,"enemies":"Red Slaver","floor":8,"turns":3},{"damage":4,"enemies":"The Mushroom Lair","floor":10,"turns":5},{"damage":7,"enemies":"3 Sentries","floor":12,"turns":7},{"damage":1,"enemies":"Blue Slaver","floor":13,"turns":3},{"damage":0,"enemies":"3 Louse","floor":14,"turns":3},{"damage":57,"enemies":"Slime Boss","floor":16,"turns":8}],"seed_played":"2177730304152414289","potions_obtained":[{"floor":5,"key":"FearPotion"},{"floor":7,"key":"GhostInAJar"},{"floor":8,"key":"Ancient Potion"},{"floor":12,"key":"Weak Potion"},{"floor":13,"key":"AttackPotion"}],"is_trial":false,"path_per_floor":["M","M","$","?","M","R","E","M","T","?","?","E","M","M","R","B"],"character_chosen":"THE_SILENT","items_purchased":["PreservedInsect","Strength Potion"],"campfire_rested":0,"item_purchase_floors":[3,3],"current_hp_per_floor":[57,57,57,62,62,62,62,60,60,56,56,49,48,48,48,0],"gold":177,"neow_bonus":"HUNDRED_GOLD","is_prod":false,"is_daily":false,"chose_seed":false,"campfire_upgraded":2,"win_rate":0,"timestamp":1556591742,"path_taken":["M","M","$","?","M","R","E","M","T","?","?","E","?","M","R","BOSS"],"build_version":"2019-01-23","purchased_purges":0,"victory":false,"max_hp_per_floor":[66,66,66,71,71,71,71,71,71,71,71,71,71,71,71,71],"card_choices":[{"not_picked":["Dodge and Roll","Terror"],"picked":"Backstab","floor":1},{"not_picked":["Tactician","Backflip"],"picked":"Well Laid Plans","floor":2},{"not_picked":["Well Laid Plans","Eviscerate","Prepared"],"picked":"SKIP","floor":5},{"not_picked":["PiercingWail","Backflip"],"picked":"Malaise","floor":7},{"not_picked":["Deadly Poison","Distraction","Expertise"],"picked":"SKIP","floor":8},{"not_picked":["Underhanded Strike","Deadly Poison"],"picked":"Slice","floor":10},{"not_picked":["Flying Knee","Setup"],"picked":"Bouncing Flask","floor":12},{"not_picked":["Underhanded Strike","Dagger Throw"],"picked":"Poisoned Stab","floor":13},{"not_picked":["Leg Sweep","Bane"],"picked":"PiercingWail","floor":14}],"player_experience":1323457,"relics_obtained":[{"floor":7,"key":"Vajra"},{"floor":9,"key":"Snake Skull"},{"floor":10,"key":"Odd Mushroom"},{"floor":12,"key":"Happy Flower"}],"event_choices":[{"damage_healed":0,"gold_gain":0,"player_choice":"Donut","damage_taken":0,"max_hp_gain":5,"max_hp_loss":0,"event_name":"Big Fish","floor":4,"gold_loss":0},{"damage_healed":0,"gold_gain":0,"player_choice":"Fought Mushrooms","damage_taken":0,"max_hp_gain":0,"max_hp_loss":0,"event_name":"Mushrooms","floor":10,"gold_loss":0},{"damage_healed":0,"gold_gain":0,"player_choice":"Ignored","damage_taken":0,"max_hp_gain":0,"max_hp_loss":0,"event_name":"Shining Light","floor":11,"gold_loss":0}],"is_beta":false,"boss_relics":[],"items_purged_floors":[],"is_endless":false,"potions_floor_spawned":[5,7,8,12,13],"killed_by":"Slime Boss","ascension_level":20}