{"gold_per_floor":[115,265,284,284,9,42,56,56,56,86,96,96,121,131,131,205,205,219,219,19,38,50,50,76,76,76,76],"floor_reached":27,"playtime":1517,"items_purged":["Strike_G"],"score":676,"play_id":"0bc48cde-079a-4fde-87a2-5bc814223168","local_time":"20190503102256","is_ascension_mode":true,"campfire_choices":[{"data":"Terror","floor":8.0,"key":"SMITH"},{"data":"Envenom","floor":15,"key":"SMITH"},{"data":"A Thousand Cuts","floor":23,"key":"SMITH"},{"floor":25,"key":"REST"}],"neow_cost":"NONE","seed_source_timestamp":776872674234843,"circlet_count":0,"master_deck":["AscendersBane","Defend_G","Defend_G","Defend_G","Defend_G","Defend_G","Strike_G","Strike_G","Strike_G","Survivor","Neutralize","Dodge and Roll","Dagger Throw","Terror+1","Flying Knee","Envenom+1","Flying Knee","Deflect","Dodge and Roll","A Thousand Cuts+1","Dash","Dodge and Roll","Expertise","Dodge and Roll+1","Prepared+1","Tactician"],"special_seed":0,"relics":["Ring of the Snake","NeowsBlessing","Spirit Poop","Kunai","Ice Cream","Letter Opener","Bag of Preparation","Orichalcum","Philosopher\u0027s Stone","Dream Catcher"],"potions_floor_usage":[16,21,21,24,24],"damage_taken":[{"damage":0.0,"enemies":"Small Slimes","floor":1.0,"turns":1.0},{"damage":0.0,"enemies":"2 Louse","floor":3.0,"turns":1.0},{"damage":0.0,"enemies":"Gremlin Nob","floor":6.0,"turns":1.0},{"damage":0.0,"enemies":"Cultist","floor":7.0,"turns":4.0},{"damage":4.0,"enemies":"Lagavulin","floor":10.0,"turns":6.0},{"damage":4.0,"enemies":"2 Fungi Beasts","floor":11.0,"turns":5.0},{"damage":28.0,"enemies":"3 Sentries","floor":13.0,"turns":11.0},{"damage":6,"enemies":"Lots of Slimes","floor":14,"turns":3},{"damage":0,"enemies":"Hexaghost","floor":16,"turns":9},{"damage":18,"enemies":"Shell Parasite","floor":18,"turns":7},{"damage":0,"enemies":"Spheric Guardian","floor":21,"turns":5},{"damage":5,"enemies":"Snecko","floor":22,"turns":5},{"damage":17,"enemies":"Book of Stabbing","floor":24,"turns":6},{"damage":51,"enemies":"Gremlin Leader","floor":27,"turns":6}],"seed_played":"2929463280631607424","potions_obtained":[{"floor":3.0,"key":"Swift Potion"},{"floor":6.0,"key":"FearPotion"},{"floor":10.0,"key":"LiquidBronze"},{"floor":13.0,"key":"GhostInAJar"},{"floor":21,"key":"EssenceOfSteel"},{"floor":22,"key":"Block Potion"}],"is_trial":false,"path_per_floor":["M","?","M","?","$","E","M","R","T","E","M","?","E","M","R","B",null,"M","?","$","M","M","R","E","R","T","E"],"character_chosen":"THE_SILENT","items_purchased":["Kunai","Expertise","Regen Potion"],"campfire_rested":1,"item_purchase_floors":[5,20,20],"current_hp_per_floor":[59,59,59,59,59,59,59,59,59,55,51,51,23,17,17,17,54,36,36,36,51,46,46,29,48,48,0],"gold":76,"neow_bonus":"THREE_ENEMY_KILL","is_prod":false,"is_daily":false,"chose_seed":false,"campfire_upgraded":3,"win_rate":0,"timestamp":1556893376,"path_taken":["M","?","M","?","$","E","?","R","T","E","M","?","E","?","R","BOSS","M","?","$","?","M","R","E","R","T","E"],"build_version":"2019-01-23","purchased_purges":1,"victory":false,"max_hp_per_floor":[66,66,66,66,66,66,66,66,66,66,66,66,66,66,66,66,66,66,66,66,66,66,66,66,66,66,66],"card_choices":[{"not_picked":["Backflip","Expertise"],"picked":"Dodge and Roll","floor":1.0},{"not_picked":["Bane","Underhanded Strike"],"picked":"Dagger Throw","floor":3.0},{"not_picked":["Cloak And Dagger","Bane"],"picked":"Terror","floor":6.0},{"not_picked":["Dagger Spray","Bouncing Flask"],"picked":"Flying Knee","floor":7.0},{"not_picked":["Blade Dance","Heel Hook"],"picked":"Envenom","floor":10.0},{"not_picked":["Eviscerate","Poisoned Stab"],"picked":"Flying Knee","floor":11.0},{"not_picked":["Poisoned Stab","Bane"],"picked":"Deflect","floor":13.0},{"not_picked":["Night Terror","Poisoned Stab"],"picked":"Dodge and Roll","floor":14},{"not_picked":["Tools of the Trade","Grand Finale"],"picked":"A Thousand Cuts","floor":16},{"not_picked":["Sucker Punch","Accuracy"],"picked":"Dash","floor":18},{"not_picked":["Caltrops","Deadly Poison"],"picked":"Dodge and Roll+1","floor":21},{"not_picked":["Expertise","PiercingWail"],"picked":"Prepared+1","floor":22},{"not_picked":["Heel Hook","Dagger Throw"],"picked":"Tactician","floor":24}],"player_experience":1368278,"relics_obtained":[{"floor":6.0,"key":"Ice Cream"},{"floor":9.0,"key":"Letter Opener"},{"floor":10.0,"key":"Bag of Preparation"},{"floor":13.0,"key":"Orichalcum"},{"floor":24,"key":"Dream Catcher"}],"event_choices":[{"damage_healed":0.0,"max_hp_gain":0.0,"max_hp_loss":0.0,"gold_gain":150.0,"event_name":"Liars Game","player_choice":"AGREE","floor":2.0,"gold_loss":0.0,"damage_taken":0.0,"cards_obtained":["Doubt"]},{"cards_removed":["Doubt"],"damage_healed":0.0,"max_hp_gain":0.0,"max_hp_loss":0.0,"gold_gain":0.0,"event_name":"Bonfire Elementals","player_choice":"Offered Curse","floor":4.0,"gold_loss":0.0,"damage_taken":0.0,"relics_obtained":["Spirit Poop"]},{"cards_removed":["Strike_G"],"damage_healed":0.0,"max_hp_gain":0.0,"max_hp_loss":0.0,"gold_gain":0.0,"event_name":"Purifier","player_choice":"Purged","floor":12.0,"gold_loss":0.0,"damage_taken":0.0},{"damage_healed":0,"gold_gain":0,"player_choice":"Copied","damage_taken":0,"max_hp_gain":0,"max_hp_loss":0,"event_name":"Duplicator","floor":19,"gold_loss":0,"cards_obtained":["Dodge and Roll"]}],"is_beta":false,"boss_relics":[{"not_picked":["Ring of the Serpent","Orrery"],"picked":"Philosopher\u0027s Stone"}],"items_purged_floors":[20],"is_endless":false,"potions_floor_spawned":[3,6,10,13,21,22],"killed_by":"Gremlin Leader","ascension_level":20}