{"gold_per_floor":[366,378,395,320,25,57,57,82,82,97,97,115,115,146,146,222,222,238,238,254,266,23,23,23,23,47,77,89,117,42,58,58,135,135,155,173,173,183,200,200,227,227,227,255,355,355,402,402],"floor_reached":48,"playtime":3066,"items_purged":["Writhe"],"score":1171,"play_id":"c1233555-9f6a-4996-9230-c3ddf753e9ad","local_time":"20190428075615","is_ascension_mode":true,"campfire_choices":[{"data":"Glass Knife","floor":7.0,"key":"SMITH"},{"data":"Terror","floor":11.0,"key":"SMITH"},{"data":"Blur","floor":15.0,"key":"SMITH"},{"floor":23.0,"key":"RECALL"},{"floor":32.0,"key":"REST"},{"floor":40.0,"key":"REST"},{"floor":42.0,"key":"REST"}],"neow_cost":"TEN_PERCENT_HP_LOSS","seed_source_timestamp":0,"circlet_count":0,"master_deck":["AscendersBane","Defend_G","Defend_G","Defend_G","Defend_G","Defend_G+1","Strike_G","Strike_G","Strike_G","Strike_G","Survivor","Neutralize","Sucker Punch","Dagger Throw","Glass Knife+1","Dash+1","Backstab","Terror+1","Masterful Stab","Blur+1","Glass Knife","Cloak And Dagger","Blade Dance+1","Cloak And Dagger+1","Footwork","Skewer","Endless Agony","Expertise","Leg Sweep","Bullet Time","Blade Dance+1","Dash+1","Dodge and Roll+1","Backflip"],"special_seed":0,"relics":["Ring of the Snake","Lantern","Regal Pillow","Shuriken","Ornamental Fan","Bottled Flame","Fusion Hammer","Strawberry","Letter Opener","MutagenicStrength","War Paint","Dream Catcher","Matryoshka","Busted Crown","Question Card","Orichalcum","Snake Skull","Peace Pipe","Gambling Chip"],"potions_floor_usage":[48,48,48],"damage_taken":[{"damage":2.0,"enemies":"Jaw Worm","floor":1.0,"turns":6.0},{"damage":1.0,"enemies":"Small Slimes","floor":2.0,"turns":3.0},{"damage":0.0,"enemies":"Cultist","floor":3.0,"turns":4.0},{"damage":19.0,"enemies":"Gremlin Nob","floor":6.0,"turns":4.0},{"damage":5.0,"enemies":"3 Sentries","floor":8.0,"turns":6.0},{"damage":0.0,"enemies":"3 Louse","floor":10.0,"turns":3.0},{"damage":0.0,"enemies":"Blue Slaver","floor":12.0,"turns":2.0},{"damage":5.0,"enemies":"Lagavulin","floor":14.0,"turns":6.0},{"damage":17.0,"enemies":"The Guardian","floor":16.0,"turns":9.0},{"damage":0.0,"enemies":"2 Thieves","floor":18.0,"turns":2.0},{"damage":0.0,"enemies":"Spheric Guardian","floor":20.0,"turns":3.0},{"damage":8.0,"enemies":"Snake Plant","floor":21.0,"turns":4.0},{"damage":7.0,"enemies":"Gremlin Leader","floor":27.0,"turns":3.0},{"damage":17.0,"enemies":"Shelled Parasite and Fungi","floor":28.0,"turns":3.0},{"damage":5.0,"enemies":"Slavers","floor":29.0,"turns":5.0},{"damage":0.0,"enemies":"3 Cultists","floor":31.0,"turns":3.0},{"damage":31.0,"enemies":"Champ","floor":33.0,"turns":6.0},{"damage":1.0,"enemies":"3 Shapes","floor":35.0,"turns":4.0},{"damage":0.0,"enemies":"3 Darklings","floor":36.0,"turns":5.0},{"damage":3.0,"enemies":"Transient","floor":38.0,"turns":6.0},{"damage":0.0,"enemies":"Spire Growth","floor":39.0,"turns":2.0},{"damage":0.0,"enemies":"Reptomancer","floor":41.0,"turns":6.0},{"damage":27.0,"enemies":"Nemesis","floor":44.0,"turns":5.0},{"damage":0.0,"enemies":"Mind Bloom Boss Battle","floor":45.0,"turns":5.0},{"damage":21.0,"enemies":"2 Orb Walkers","floor":47.0,"turns":4.0},{"damage":24,"enemies":"Giant Head","floor":48,"turns":5}],"seed_played":"-1407318147931332675","potions_obtained":[{"floor":8.0,"key":"Swift Potion"},{"floor":10.0,"key":"SpeedPotion"},{"floor":12.0,"key":"LiquidBronze"},{"floor":16.0,"key":"Regen Potion"},{"floor":20.0,"key":"EntropicBrew"},{"floor":28.0,"key":"SkillPotion"},{"floor":31.0,"key":"EntropicBrew"},{"floor":36.0,"key":"Poison Potion"},{"floor":38.0,"key":"SkillPotion"},{"floor":41.0,"key":"GamblersBrew"}],"is_trial":false,"path_per_floor":["M","M","M","?","$","E","R","E","T","M","R","M","?","E","R","B",null,"M","?","M","M","$","R","?","?","T","E","M","E","$","M","R","B",null,"M","M","?","M","M","R","E","R","T","E","?","?","?","E"],"character_chosen":"THE_SILENT","items_purchased":["Glass Knife","Lantern","Energy Potion","Footwork","Strawberry"],"campfire_rested":3,"item_purchase_floors":[5,5,5,22,22],"current_hp_per_floor":[57,56,56,56,56,37,37,32,32,32,32,32,32,27,27,10,48,48,48,48,52,59,59,59,59,59,52,35,44,44,44,67,36,59,58,58,58,55,55,67,67,67,67,40,40,40,19,0],"gold":402,"neow_bonus":"TWO_FIFTY_GOLD","is_prod":false,"is_daily":false,"chose_seed":false,"campfire_upgraded":3,"win_rate":0,"timestamp":1556452575,"path_taken":["M","M","M","?","$","E","R","E","T","M","R","M","?","E","R","BOSS","M","?","M","M","$","R","?","?","T","E","M","E","?","M","R","BOSS","M","M","?","M","M","R","E","R","T","E","?","?","?","E"],"build_version":"2019-01-23","purchased_purges":1,"victory":false,"max_hp_per_floor":[60,60,60,60,60,60,60,60,60,60,60,60,60,60,60,60,60,60,60,60,60,67,67,67,67,67,67,67,67,67,67,67,67,67,67,67,67,67,67,67,67,67,67,67,67,67,67,67],"card_choices":[{"not_picked":["Slice","Flying Knee"],"picked":"Sucker Punch","floor":1.0},{"not_picked":["Heel Hook","Eviscerate"],"picked":"Flying Knee","floor":2.0},{"not_picked":["Accuracy","Setup"],"picked":"Dagger Throw","floor":3.0},{"not_picked":["Heel Hook","Concentrate"],"picked":"Dash","floor":6.0},{"not_picked":["Noxious Fumes","Caltrops"],"picked":"Backstab","floor":8.0},{"not_picked":["Tactician","Bane"],"picked":"Terror","floor":10.0},{"not_picked":["Flying Knee","Slice"],"picked":"Masterful Stab","floor":12.0},{"not_picked":["Riddle With Holes","Phantasmal Killer"],"picked":"Blur","floor":14.0},{"not_picked":["Tools of the Trade","A Thousand Cuts"],"picked":"Glass Knife","floor":16.0},{"not_picked":["Eviscerate","Calculated Gamble"],"picked":"Cloak And Dagger","floor":18.0},{"not_picked":["Setup+1","Catalyst"],"picked":"Blade Dance+1","floor":20.0},{"not_picked":["Outmaneuver","Quick Slash"],"picked":"Cloak And Dagger","floor":21.0},{"not_picked":["Bane","Skewer","Underhanded Strike"],"picked":"SKIP","floor":27.0},{"not_picked":["Bane","Underhanded Strike"],"picked":"Skewer","floor":27.0},{"not_picked":["Underhanded Strike","Riddle With Holes","Choke"],"picked":"SKIP","floor":28.0},{"not_picked":["Eviscerate","Glass Knife"],"picked":"Endless Agony","floor":29.0},{"not_picked":["Dagger Throw","Outmaneuver"],"picked":"Expertise","floor":31.0},{"not_picked":["Dodge and Roll","Poisoned Stab"],"picked":"Leg Sweep","floor":32.0},{"not_picked":["Grand Finale","Malaise"],"picked":"Bullet Time","floor":33.0},{"not_picked":["Outmaneuver"],"picked":"SKIP","floor":35.0},{"not_picked":[],"picked":"Blade Dance+1","floor":36.0},{"not_picked":["Deadly Poison"],"picked":"SKIP","floor":38.0},{"not_picked":["Sucker Punch"],"picked":"SKIP","floor":39.0},{"not_picked":["Choke"],"picked":"SKIP","floor":41.0},{"not_picked":["Expertise"],"picked":"Dash+1","floor":42.0},{"not_picked":["Terror"],"picked":"Dodge and Roll+1","floor":44.0},{"not_picked":["Crippling Poison"],"picked":"Backflip","floor":47.0}],"player_experience":1291962,"relics_obtained":[{"floor":6.0,"key":"Regal Pillow"},{"floor":8.0,"key":"Shuriken"},{"floor":9.0,"key":"Ornamental Fan"},{"floor":14.0,"key":"Bottled Flame"},{"floor":26.0,"key":"War Paint"},{"floor":27.0,"key":"Dream Catcher"},{"floor":29.0,"key":"Matryoshka"},{"floor":41.0,"key":"Question Card"},{"floor":43.0,"key":"Orichalcum"},{"floor":44.0,"key":"Snake Skull"},{"floor":45.0,"key":"Peace Pipe"},{"floor":47.0,"key":"Gambling Chip"}],"event_choices":[{"cards_removed":["Strike_G"],"damage_healed":0.0,"max_hp_gain":0.0,"max_hp_loss":0.0,"gold_gain":0.0,"event_name":"The Cleric","player_choice":"Card Removal","floor":4.0,"gold_loss":75.0,"damage_taken":0.0},{"damage_healed":0.0,"max_hp_gain":0.0,"max_hp_loss":0.0,"gold_gain":0.0,"event_name":"Upgrade Shrine","player_choice":"Upgraded","floor":13.0,"gold_loss":0.0,"damage_taken":0.0,"cards_upgraded":["Dash"]},{"damage_healed":0.0,"max_hp_gain":0.0,"max_hp_loss":0.0,"gold_gain":0.0,"event_name":"Cursed Tome","player_choice":"Ignored","floor":19.0,"gold_loss":0.0,"damage_taken":0.0},{"damage_healed":0.0,"max_hp_gain":0.0,"max_hp_loss":0.0,"gold_gain":0.0,"event_name":"The Mausoleum","player_choice":"Opened","floor":24.0,"gold_loss":0.0,"damage_taken":0.0,"relics_obtained":["Letter Opener"],"cards_obtained":["Writhe"]},{"damage_healed":0.0,"max_hp_gain":0.0,"max_hp_loss":0.0,"gold_gain":0.0,"event_name":"Drug Dealer","player_choice":"Inject Mutagens","floor":25.0,"gold_loss":0.0,"damage_taken":0.0,"relics_obtained":["MutagenicStrength"]},{"cards_removed":["Flying Knee"],"damage_healed":0.0,"max_hp_gain":0.0,"max_hp_loss":0.0,"gold_gain":0.0,"event_name":"Falling","player_choice":"Removed Attack","floor":37.0,"gold_loss":0.0,"damage_taken":0.0},{"damage_healed":0.0,"max_hp_gain":0.0,"max_hp_loss":0.0,"gold_gain":0.0,"event_name":"MindBloom","player_choice":"Fight","floor":45.0,"gold_loss":0.0,"damage_taken":0.0},{"damage_healed":0.0,"max_hp_gain":0.0,"max_hp_loss":0.0,"gold_gain":0.0,"event_name":"Tomb of Lord Red Mask","player_choice":"Ignored","floor":46.0,"gold_loss":0.0,"damage_taken":0.0},{"damage_healed":0.0,"max_hp_gain":0.0,"max_hp_loss":0.0,"gold_gain":0.0,"event_name":"Mysterious Sphere","player_choice":"Fight","floor":47.0,"gold_loss":0.0,"damage_taken":0.0}],"is_beta":false,"boss_relics":[{"not_picked":["Snecko Eye","Philosopher\u0027s Stone"],"picked":"Fusion Hammer"},{"not_picked":["White Beast Statue","Tiny House"],"picked":"Busted Crown"}],"items_purged_floors":[30],"is_endless":false,"potions_floor_spawned":[8,10,12,14,16,20,28,31,36,38,39,41],"killed_by":"Giant Head","ascension_level":20}