{"gold_per_floor":[117,133,133,208,229,269,71,71,95,131,131,175,100,100,100,196,196,219,269,232,259,259,283,314,330,330,330,330,255,29,65,65,65],"floor_reached":33,"playtime":1675,"items_purged":["Strike_R"],"score":628,"play_id":"73e15f63-72ae-4b74-8586-540bb31dd2d0","local_time":"20190418160053","is_ascension_mode":true,"campfire_choices":[{"data":"Carnage","floor":8,"key":"SMITH"},{"data":"Inflame","floor":11,"key":"SMITH"},{"data":"Bash","floor":15,"key":"SMITH"},{"floor":27,"key":"REST"},{"data":"Uppercut","floor":28,"key":"SMITH"},{"floor":32,"key":"REST"}],"neow_cost":"NONE","seed_source_timestamp":507611385345800,"circlet_count":0,"master_deck":["AscendersBane","Strike_R","Strike_R","Strike_R","Defend_R","Defend_R","Defend_R","Defend_R","Bash+1","Power Through","Cleave","Headbutt","Inflame+1","Disarm","Carnage+1","Exhume","Reaper","Feel No Pain","Uppercut+1","Decay","Exhume","Pommel Strike","Shockwave","Fiend Fire"],"relics":["Burning Blood","Vajra","Golden Idol","Lantern","Happy Flower","Question Card","Smiling Mask","WingedGreaves","Cursed Key","Regal Pillow","FossilizedHelix","Bag of Marbles","OrangePellets","Potion Belt"],"potions_floor_usage":[6,16],"damage_taken":[{"damage":4,"enemies":"Jaw Worm","floor":1,"turns":5},{"damage":4,"enemies":"Small Slimes","floor":2,"turns":4},{"damage":7,"enemies":"Cultist","floor":5,"turns":4},{"damage":21,"enemies":"Gremlin Nob","floor":6,"turns":4},{"damage":0,"enemies":"Lagavulin","floor":10,"turns":4},{"damage":6,"enemies":"Gremlin Nob","floor":12,"turns":3},{"damage":30,"enemies":"Slime Boss","floor":16,"turns":7},{"damage":20,"enemies":"3 Byrds","floor":18,"turns":5},{"damage":29,"enemies":"Shell Parasite","floor":23,"turns":6},{"damage":54,"enemies":"Book of Stabbing","floor":24,"turns":7},{"damage":8,"enemies":"Snake Plant","floor":25,"turns":3},{"damage":67,"enemies":"Slavers","floor":31,"turns":8},{"damage":102,"enemies":"Champ","floor":33,"turns":10}],"seed_played":"-4848546108467444203","potions_obtained":[{"floor":1,"key":"SpeedPotion"},{"floor":5,"key":"Energy Potion"},{"floor":6,"key":"AttackPotion"},{"floor":18,"key":"Ancient Potion"},{"floor":25,"key":"SteroidPotion"}],"is_trial":false,"path_per_floor":["M","M","?","?","M","E","$","R","T","E","R","E","?","?","R","B",null,"M","?","$","T","?","M","E","M","T","R","R","?","$","E","R","B"],"character_chosen":"IRONCLAD","items_purchased":["Disarm","Carnage","Uppercut","OrangePellets"],"campfire_rested":2,"item_purchase_floors":[7,7,20,30],"current_hp_per_floor":[70,72,68,57,56,41,41,41,41,47,47,47,47,42,42,18,56,60,60,60,60,60,45,21,19,19,54,54,54,54,39,68,0],"gold":65,"neow_bonus":"RANDOM_COMMON_RELIC","is_prod":false,"is_daily":false,"chose_seed":false,"campfire_upgraded":4,"win_rate":0,"timestamp":1555628453,"path_taken":["M","M","?","?","M","E","$","R","T","E","R","E","?","?","R","BOSS","M","?","?","?","?","?","E","M","T","R","R","?","$","E","R","BOSS"],"build_version":"2019-01-23","purchased_purges":1,"victory":false,"max_hp_per_floor":[75,75,68,68,68,68,68,68,68,68,68,68,68,68,68,68,68,68,68,68,68,68,68,68,68,68,68,68,68,68,68,68,68],"card_choices":[{"not_picked":["Flex","Havoc"],"picked":"Power Through","floor":1},{"not_picked":["Hemokinesis","Dropkick"],"picked":"Cleave","floor":2},{"not_picked":["Entrench","Reckless Charge"],"picked":"Headbutt","floor":5},{"not_picked":["Headbutt","Feel No Pain"],"picked":"Inflame","floor":6},{"not_picked":["Dark Embrace","Iron Wave"],"picked":"Exhume","floor":10},{"not_picked":["Whirlwind","Inflame","Rage","Pommel Strike"],"picked":"SKIP","floor":12},{"not_picked":["Impervious","Dark Embrace","Double Tap"],"picked":"Reaper","floor":16},{"not_picked":["Perfected Strike","Searing Blow","Armaments"],"picked":"Feel No Pain","floor":18},{"not_picked":["Twin Strike","Headbutt+1","Iron Wave"],"picked":"Pommel Strike","floor":23},{"not_picked":["Infernal Blade","Wild Strike","Bloodletting+1"],"picked":"Shockwave","floor":24},{"not_picked":["Headbutt","Body Slam","Whirlwind","True Grit"],"picked":"SKIP","floor":25},{"not_picked":["Shrug It Off","Spot Weakness","Whirlwind"],"picked":"Fiend Fire","floor":31}],"player_experience":470470,"relics_obtained":[{"floor":6,"key":"Lantern"},{"floor":9,"key":"Happy Flower"},{"floor":10,"key":"Question Card"},{"floor":12,"key":"Smiling Mask"},{"floor":21,"key":"Regal Pillow"},{"floor":24,"key":"FossilizedHelix"},{"floor":26,"key":"Bag of Marbles"},{"floor":31,"key":"Potion Belt"}],"event_choices":[{"damage_healed":0,"gold_gain":0,"player_choice":"Lose Max HP","damage_taken":0,"relics_obtained":["Golden Idol"],"max_hp_gain":0,"max_hp_loss":7,"event_name":"Golden Idol","floor":3,"gold_loss":0},{"damage_healed":0,"gold_gain":75,"player_choice":"Gather Gold","damage_taken":11,"max_hp_gain":0,"max_hp_loss":0,"event_name":"World of Goop","floor":4,"gold_loss":0},{"cards_removed":["Strike_R"],"damage_healed":0,"gold_gain":0,"player_choice":"Card Removal","damage_taken":0,"max_hp_gain":0,"max_hp_loss":0,"event_name":"The Cleric","floor":13,"gold_loss":75},{"damage_healed":0,"gold_gain":0,"player_choice":"Success","damage_taken":5,"relics_obtained":["WingedGreaves"],"max_hp_gain":0,"max_hp_loss":0,"event_name":"Scrap Ooze","floor":14,"gold_loss":0},{"damage_healed":0,"gold_gain":50,"player_choice":"Pray","damage_taken":0,"max_hp_gain":0,"max_hp_loss":0,"event_name":"Golden Shrine","floor":19,"gold_loss":0},{"damage_healed":0,"gold_gain":0,"player_choice":"Copied","damage_taken":0,"max_hp_gain":0,"max_hp_loss":0,"event_name":"Duplicator","floor":22,"gold_loss":0,"cards_obtained":["Exhume"]},{"cards_removed":["Normality"],"damage_healed":0,"gold_gain":0,"player_choice":"Gave Gold","damage_taken":0,"max_hp_gain":0,"max_hp_loss":0,"event_name":"Beggar","floor":29,"gold_loss":75}],"is_beta":false,"boss_relics":[{"not_picked":["Black Blood","Black Star"],"picked":"Cursed Key"}],"items_purged_floors":[7],"is_endless":false,"potions_floor_spawned":[1,5,6,10,18,25],"killed_by":"Champ","ascension_level":19}