{"gold_per_floor":[110,110,130,30,41,74,74,103,103,122,141,141,467,72,72,145,145,157,157,169,169,185,185,218,233,233,266,266,266],"floor_reached":29,"playtime":1464,"items_purged":["Defend_B","Strike_B"],"score":566,"play_id":"44ce7bd1-ea3e-45d5-94c1-b975693e87c3","local_time":"20190828124209","is_ascension_mode":true,"campfire_choices":[{"data":"Genetic Algorithm","floor":15.0,"key":"SMITH"},{"floor":23.0,"key":"REST"}],"neow_cost":"NONE","seed_source_timestamp":2754013624008440,"circlet_count":0,"master_deck":["AscendersBane","Strike_B","Defend_B","Defend_B","Defend_B+1","Zap+1","Dualcast","Gash","Beam Cell","Gash","Rebound","Electrodynamics","Hologram","Compile Driver","Static Discharge","Cold Snap","Genetic Algorithm+1","Hyperbeam","Undo","RitualDagger","Steam"],"special_seed":0,"relics":["Cracked Core","NeowsBlessing","War Paint","Pear","Meat on the Bone","Old Coin","Centennial Puzzle","Nuclear Battery","Smiling Mask","Cables","Pantograph"],"potions_floor_usage":[27,29],"damage_taken":[{"damage":0.0,"enemies":"2 Louse","floor":1.0,"turns":1.0},{"damage":0.0,"enemies":"Cultist","floor":3.0,"turns":1.0},{"damage":0.0,"enemies":"Jaw Worm","floor":5.0,"turns":1.0},{"damage":25.0,"enemies":"Lagavulin","floor":6.0,"turns":6.0},{"damage":28.0,"enemies":"Gremlin Nob","floor":8.0,"turns":4.0},{"damage":0.0,"enemies":"3 Louse","floor":10.0,"turns":1.0},{"damage":11.0,"enemies":"Exordium Wildlife","floor":11.0,"turns":3.0},{"damage":2.0,"enemies":"3 Sentries","floor":13.0,"turns":3.0},{"damage":24.0,"enemies":"Hexaghost","floor":16.0,"turns":6.0},{"damage":12.0,"enemies":"3 Byrds","floor":18.0,"turns":2.0},{"damage":17.0,"enemies":"2 Thieves","floor":20.0,"turns":3.0},{"damage":18.0,"enemies":"Centurion and Healer","floor":22.0,"turns":5.0},{"damage":29.0,"enemies":"Gremlin Leader","floor":24.0,"turns":6.0},{"damage":28.0,"enemies":"Snecko","floor":25.0,"turns":8.0},{"damage":6,"enemies":"Slavers","floor":27,"turns":3},{"damage":38,"enemies":"Gremlin Leader","floor":29,"turns":5}],"seed_played":"5453338480790443978","potions_obtained":[{"floor":3.0,"key":"Regen Potion"},{"floor":5.0,"key":"SteroidPotion"},{"floor":11.0,"key":"Energy Potion"},{"floor":22.0,"key":"PowerPotion"},{"floor":27,"key":"AttackPotion"}],"is_trial":false,"path_per_floor":["M","?","M","$","M","E","?","E","T","M","M","?","E","$","R","B",null,"M","?","M","?","M","R","E","M","T","E","?","E"],"character_chosen":"DEFECT","items_purchased":["Gash","Centennial Puzzle","Genetic Algorithm","Strength Potion"],"campfire_rested":1,"item_purchase_floors":[4,14,14,14],"current_hp_per_floor":[64,64,64,64,64,39,32,14,14,26,36,36,46,46,46,34,69,57,51,46,30,24,48,31,15,15,21,37,0],"gold":266,"neow_bonus":"THREE_ENEMY_KILL","is_prod":false,"is_daily":false,"chose_seed":false,"campfire_upgraded":1,"win_rate":0,"timestamp":1567010529,"path_taken":["M","?","M","$","?","E","?","E","T","M","M","?","E","?","R","BOSS","M","?","M","?","M","R","E","?","T","E","?","E"],"build_version":"2019-07-17","purchased_purges":2,"victory":false,"max_hp_per_floor":[71,71,71,71,71,71,71,81,81,81,81,81,81,81,81,81,81,81,81,81,81,81,81,81,81,81,81,81,81],"card_choices":[{"not_picked":["Stack","Coolheaded"],"picked":"Gash","floor":1.0},{"not_picked":["Redo","Sweeping Beam"],"picked":"Beam Cell","floor":3.0},{"not_picked":["Defragment","Stack"],"picked":"Rebound","floor":5.0},{"not_picked":["Cold Snap","Turbo"],"picked":"Electrodynamics","floor":6.0},{"not_picked":["Chaos","Steam"],"picked":"Hologram","floor":8.0},{"not_picked":["Streamline","Turbo"],"picked":"Compile Driver","floor":10.0},{"not_picked":["Streamline","Barrage"],"picked":"Static Discharge","floor":11.0},{"not_picked":["Compile Driver","Stack"],"picked":"Cold Snap","floor":13.0},{"not_picked":["Meteor Strike","Rainbow"],"picked":"Hyperbeam","floor":16.0},{"not_picked":["Stack","Steam"],"picked":"Undo","floor":18.0},{"not_picked":["Reinforced Body","Hologram","Lockon+1"],"picked":"SKIP","floor":20.0},{"not_picked":["Genetic Algorithm","Beam Cell","Streamline"],"picked":"SKIP","floor":22.0},{"not_picked":["Self Repair","Streamline","Doom and Gloom"],"picked":"SKIP","floor":24.0},{"not_picked":["Doom and Gloom","Cold Snap"],"picked":"Steam","floor":25.0},{"not_picked":["Conserve Battery","Skim","Force Field"],"picked":"SKIP","floor":27}],"player_experience":1871015,"relics_obtained":[{"floor":6.0,"key":"War Paint"},{"floor":8.0,"key":"Pear"},{"floor":9.0,"key":"Meat on the Bone"},{"floor":13.0,"key":"Old Coin"},{"floor":24.0,"key":"Smiling Mask"},{"floor":26.0,"key":"Cables"},{"floor":27,"key":"Pantograph"}],"event_choices":[{"cards_removed":["Strike_B"],"damage_healed":0.0,"max_hp_gain":0.0,"max_hp_loss":0.0,"gold_gain":0.0,"event_name":"Bonfire Elementals","player_choice":"Offered Basic","floor":2.0,"gold_loss":0.0,"damage_taken":0.0},{"cards_removed":["Strike_B"],"damage_healed":0.0,"max_hp_gain":0.0,"max_hp_loss":0.0,"gold_gain":0.0,"event_name":"Golden Wing","player_choice":"Card Removal","floor":7.0,"gold_loss":0.0,"damage_taken":7.0},{"damage_healed":0.0,"max_hp_gain":0.0,"max_hp_loss":0.0,"gold_gain":0.0,"event_name":"Shining Light","player_choice":"Ignored","floor":12.0,"gold_loss":0.0,"damage_taken":0.0},{"damage_healed":0.0,"max_hp_gain":0.0,"max_hp_loss":0.0,"gold_gain":0.0,"event_name":"Nest","player_choice":"Joined the Cult","floor":19.0,"gold_loss":0.0,"damage_taken":6.0,"cards_obtained":["RitualDagger"]},{"damage_healed":0.0,"max_hp_gain":0.0,"max_hp_loss":0.0,"gold_gain":0.0,"event_name":"Knowing Skull","player_choice":"POTION ","floor":21.0,"potions_obtained":["Explosive Potion"],"gold_loss":0.0,"damage_taken":16.0,"cards_obtained":[]},{"damage_healed":16,"gold_gain":0,"player_choice":"Heal","damage_taken":0,"max_hp_gain":0,"max_hp_loss":0,"event_name":"The Library","floor":28,"gold_loss":0}],"is_beta":false,"boss_relics":[{"not_picked":["FrozenCore","Fusion Hammer"],"picked":"Nuclear Battery"}],"items_purged_floors":[4,14],"is_endless":false,"potions_floor_spawned":[3,5,11,22,27],"killed_by":"Gremlin Leader","ascension_level":20}