{"gold_per_floor":[111,122,136,152,152,152,185,185,210,240],"floor_reached":10,"playtime":296,"items_purged":[],"score":71,"play_id":"3b90ea4d-bc8d-4647-9943-3c03f6989827","local_time":"20190911124128","is_ascension_mode":true,"campfire_choices":[{"data":"ClearTheMind","floor":6,"key":"SMITH"},{"floor":8,"key":"REST"}],"neow_cost":"NONE","seed_source_timestamp":8495449962547,"circlet_count":0,"master_deck":["Strike_P","Strike_P","Strike_P","Strike_P","Defend_P","Defend_P","Defend_P","Defend_P","Eruption","Vigilance","FearNoEvil","ClearTheMind+1","Evaluate","EmptyBody","Pray"],"relics":["PureWater","NeowsBlessing","Pen Nib","Bronze Scales"],"potions_floor_usage":[10],"damage_taken":[{"damage":0,"enemies":"2 Louse","floor":1,"turns":2},{"damage":0,"enemies":"Jaw Worm","floor":2,"turns":1},{"damage":0,"enemies":"Small Slimes","floor":3,"turns":1},{"damage":4,"enemies":"Looter","floor":4,"turns":3},{"damage":27,"enemies":"Lagavulin","floor":7,"turns":10},{"damage":71,"enemies":"Gremlin Nob","floor":10,"turns":5}],"seed_played":"7421351402658087958","potions_obtained":[{"floor":2,"key":"Strength Potion"},{"floor":3,"key":"Explosive Potion"},{"floor":4,"key":"Regen Potion"}],"is_trial":false,"path_per_floor":["M","M","M","M","?","R","E","R","T","?"],"character_chosen":"WATCHER","items_purchased":[],"campfire_rested":1,"item_purchase_floors":[],"current_hp_per_floor":[65,65,65,61,66,66,39,60,60,0],"gold":240,"neow_bonus":"THREE_ENEMY_KILL","is_prod":false,"is_daily":false,"chose_seed":false,"campfire_upgraded":1,"win_rate":0,"timestamp":1568169688,"path_taken":["M","M","M","M","?","R","E","R","T","?"],"build_version":"2019-09-10","purchased_purges":0,"victory":false,"max_hp_per_floor":[65,65,65,65,70,70,70,70,70,70],"card_choices":[{"not_picked":["CutThroughFate","Sanctity"],"picked":"FearNoEvil","floor":1},{"not_picked":["Halt","FlyingSleeves"],"picked":"ClearTheMind","floor":2},{"not_picked":["JustLucky","Halt"],"picked":"Evaluate","floor":3},{"not_picked":["CarveReality","Halt"],"picked":"EmptyBody","floor":4},{"not_picked":["Protect","Sanctity"],"picked":"Pray","floor":7}],"player_experience":1285867,"relics_obtained":[{"floor":7,"key":"Pen Nib"},{"floor":9,"key":"Bronze Scales"}],"event_choices":[{"damage_healed":0,"gold_gain":0,"player_choice":"Donut","damage_taken":0,"max_hp_gain":5,"max_hp_loss":0,"event_name":"Big Fish","floor":5,"gold_loss":0},{"damage_healed":0,"gold_gain":30,"player_choice":"Searched \u00273\u0027 times","damage_taken":0,"max_hp_gain":0,"max_hp_loss":0,"event_name":"Dead Adventurer","floor":10,"gold_loss":0}],"is_beta":true,"boss_relics":[],"items_purged_floors":[],"is_endless":false,"potions_floor_spawned":[2,3,4],"killed_by":"Gremlin Nob","ascension_level":1}