{"gold_per_floor":[118,68,83,101,120,120,120,120,120,155,167,200,218,235,235,235],"floor_reached":16,"playtime":627,"items_purged":[],"score":194,"play_id":"91c1e0c7-6b81-43af-8267-930352fe898c","local_time":"20181217121217","is_ascension_mode":true,"campfire_choices":[{"data":"Glass Knife","floor":6,"key":"SMITH"},{"data":"Masterful Stab","floor":8,"key":"SMITH"},{"floor":15,"key":"REST"}],"neow_cost":"NONE","seed_source_timestamp":319397899874673,"circlet_count":0,"master_deck":["AscendersBane","Defend_G","Defend_G","Defend_G","Defend_G","Defend_G","Strike_G","Strike_G","Strike_G","Survivor","Neutralize","Cloak And Dagger","Masterful Stab+1","Glass Knife+1","Backflip","Dagger Spray","Dodge and Roll","Skewer","Setup","Slice"],"relics":["Ring of the Snake","NeowsBlessing","Matryoshka","Calipers","Vajra"],"potions_floor_usage":[10,11,12],"damage_taken":[{"damage":0,"enemies":"Small Slimes","floor":1,"turns":1},{"damage":0,"enemies":"Cultist","floor":3,"turns":1},{"damage":0,"enemies":"Jaw Worm","floor":4,"turns":1},{"damage":6,"enemies":"3 Louse","floor":5,"turns":3},{"damage":3,"enemies":"Gremlin Nob","floor":10,"turns":4},{"damage":3,"enemies":"Large Slime","floor":11,"turns":6},{"damage":26,"enemies":"Lagavulin","floor":12,"turns":8},{"damage":3,"enemies":"Blue Slaver","floor":13,"turns":2},{"damage":0,"enemies":"Lots of Slimes","floor":14,"turns":1},{"damage":43,"enemies":"Hexaghost","floor":16,"turns":12}],"seed_played":"2991452111263116586","potions_obtained":[{"floor":3,"key":"FearPotion"},{"floor":4,"key":"SneckoOil"},{"floor":5,"key":"Block Potion"},{"floor":11,"key":"Weak Potion"},{"floor":13,"key":"Ancient Potion"}],"is_trial":false,"path_per_floor":["M","?","M","M","M","R","?","R","T","E","M","E","M","M","R","B"],"character_chosen":"THE_SILENT","items_purchased":[],"campfire_rested":1,"item_purchase_floors":[],"current_hp_per_floor":[59,59,59,59,53,53,53,53,53,50,47,21,18,18,37,0],"gold":235,"neow_bonus":"THREE_ENEMY_KILL","is_prod":false,"is_daily":false,"chose_seed":false,"campfire_upgraded":2,"win_rate":0,"timestamp":1545066737,"path_taken":["M","?","M","M","M","R","?","R","T","E","?","E","M","M","R","BOSS"],"build_version":"2018-12-13","purchased_purges":0,"victory":false,"max_hp_per_floor":[66,66,66,66,66,66,66,66,66,66,66,66,66,66,66,66],"card_choices":[{"not_picked":["Dodge and Roll","Masterful Stab"],"picked":"Cloak And Dagger","floor":1},{"not_picked":["Dodge and Roll","Slice"],"picked":"Masterful Stab","floor":3},{"not_picked":["Finisher","Sucker Punch"],"picked":"Glass Knife","floor":4},{"not_picked":["PiercingWail","Slice"],"picked":"Backflip","floor":5},{"not_picked":["Eviscerate","Underhanded Strike"],"picked":"Dodge and Roll","floor":10},{"not_picked":["Dagger Throw","Calculated Gamble","Reflex"],"picked":"SKIP","floor":11},{"not_picked":["Dagger Throw","Cloak And Dagger"],"picked":"Skewer","floor":12},{"not_picked":["Quick Slash","Choke"],"picked":"Setup","floor":13},{"not_picked":["Crippling Poison","Outmaneuver"],"picked":"Slice","floor":14}],"player_experience":889722,"relics_obtained":[{"floor":9,"key":"Matryoshka"},{"floor":10,"key":"Calipers"},{"floor":12,"key":"Vajra"}],"event_choices":[{"cards_removed":["Strike_G"],"damage_healed":0,"gold_gain":0,"player_choice":"Card Removal","damage_taken":0,"max_hp_gain":0,"max_hp_loss":0,"event_name":"The Cleric","floor":2,"gold_loss":50},{"damage_healed":0,"gold_gain":0,"cards_transformed":["Strike_G"],"player_choice":"Transformed","damage_taken":0,"max_hp_gain":0,"max_hp_loss":0,"event_name":"Transmorgrifier","floor":7,"gold_loss":0,"cards_obtained":["Dagger Spray"]}],"is_beta":false,"boss_relics":[],"items_purged_floors":[],"is_endless":false,"potions_floor_spawned":[3,4,5,11,13],"killed_by":"Hexaghost","ascension_level":14}