{"gold_per_floor":[11,11,30,45,59,59,73,73,155,182,192,192],"floor_reached":12,"playtime":495,"items_purged":[],"score":139,"play_id":"92a39dda-f56b-4481-a04e-54f2de25c1d1","local_time":"20190708075028","is_ascension_mode":true,"campfire_choices":[{"data":"Neutralize","floor":6,"key":"SMITH"},{"data":"Bouncing Flask","floor":8,"key":"SMITH"}],"neow_cost":"NO_GOLD","seed_source_timestamp":32580870121954,"circlet_count":0,"master_deck":["AscendersBane","Strike_G","Strike_G","Strike_G","Strike_G","Defend_G","Defend_G","Defend_G","Defend_G","Defend_G","Survivor","Neutralize+1","Quick Slash","Predator","Bouncing Flask+1","Distraction","Footwork","Tactician","Poisoned Stab","Prepared+1"],"relics":["Ring of the Snake","Toxic Egg 2","Pocketwatch"],"potions_floor_usage":[10,12],"damage_taken":[{"damage":2,"enemies":"Jaw Worm","floor":1,"turns":6},{"damage":0,"enemies":"2 Louse","floor":3,"turns":3},{"damage":8,"enemies":"Small Slimes","floor":4,"turns":4},{"damage":0,"enemies":"Exordium Wildlife","floor":5,"turns":4},{"damage":6,"enemies":"Exordium Thugs","floor":7,"turns":5},{"damage":38,"enemies":"3 Sentries","floor":10,"turns":9},{"damage":4,"enemies":"Blue Slaver","floor":11,"turns":2},{"damage":14,"enemies":"2 Fungi Beasts","floor":12,"turns":2}],"seed_played":"866282157624848127","potions_obtained":[{"floor":3,"key":"Energy Potion"},{"floor":4,"key":"LiquidBronze"},{"floor":10,"key":"Weak Potion"}],"is_trial":false,"path_per_floor":["M","?","M","M","M","R","M","R","T","E","M","M"],"character_chosen":"THE_SILENT","items_purchased":[],"campfire_rested":0,"item_purchase_floors":[],"current_hp_per_floor":[69,69,69,61,61,61,55,55,55,17,13,0],"gold":192,"neow_bonus":"TWENTY_PERCENT_HP_BONUS","is_prod":false,"is_daily":false,"chose_seed":false,"campfire_upgraded":2,"win_rate":0,"timestamp":1562536228,"path_taken":["M","?","M","M","M","R","M","R","T","E","M","M"],"build_version":"2019-07-05","purchased_purges":0,"victory":false,"max_hp_per_floor":[78,78,78,78,78,78,78,78,78,78,78,78],"card_choices":[{"not_picked":["Flechettes","Backflip"],"picked":"Quick Slash","floor":1},{"not_picked":["Underhanded Strike","Heel Hook"],"picked":"Bouncing Flask","floor":3},{"not_picked":["Sucker Punch","Underhanded Strike"],"picked":"Distraction","floor":4},{"not_picked":["Dodge and Roll","Prepared"],"picked":"Footwork","floor":5},{"not_picked":["Dagger Throw","Deflect"],"picked":"Tactician","floor":7},{"not_picked":["Setup+1","Caltrops"],"picked":"Poisoned Stab","floor":10},{"not_picked":["Poisoned Stab","Sucker Punch"],"picked":"Prepared+1","floor":11}],"player_experience":952918,"relics_obtained":[{"floor":9,"key":"Toxic Egg 2"},{"floor":10,"key":"Pocketwatch"}],"event_choices":[{"damage_healed":0,"gold_gain":0,"cards_transformed":["Strike_G"],"player_choice":"Change","damage_taken":0,"max_hp_gain":0,"max_hp_loss":0,"event_name":"Living Wall","floor":2,"gold_loss":0,"cards_obtained":["Predator"]}],"is_beta":false,"boss_relics":[],"items_purged_floors":[],"is_endless":false,"potions_floor_spawned":[3,4,10],"killed_by":"2 Fungi Beasts","ascension_level":14}