{"gold_per_floor":[118,118,293,306,325,355,368,396,396,414,414,142,162,162,162,261,261,281,295,86,1,19,19,46,61,85,85,85,116,134,159,159,263,263,278,292,292,34,45,45,70,70,70,70,81,81,113,126,126,126],"floor_reached":50,"playtime":4284,"items_purged":["Doubt","Strike_R"],"score":676,"play_id":"7961eed9-454e-47b6-a7a7-07a2c5160135","local_time":"20190912041817","is_ascension_mode":true,"campfire_choices":[{"floor":11,"key":"RECALL"},{"floor":15,"key":"REST"},{"data":"Corruption","floor":23,"key":"SMITH"},{"floor":27,"key":"REST"},{"floor":32,"key":"REST"},{"data":"Iron Wave","floor":40,"key":"SMITH"},{"floor":44,"key":"REST"},{"data":"Armaments","floor":46,"key":"SMITH"},{"data":"Whirlwind","floor":49,"key":"SMITH"}],"neow_cost":"NONE","seed_source_timestamp":4784971094400,"circlet_count":0,"master_deck":["Strike_R","Strike_R","Defend_R","Defend_R","Defend_R","Bash","Ghostly Armor","Sever Soul","Inflame","Feel No Pain","Iron Wave+1","Shockwave","Sword Boomerang","Corruption+1","Rampage","Disarm","Flame Barrier","Reaper","Armaments+1","Body Slam","Seeing Red","Second Wind","Impervious","Thunderclap+1","Pummel+1","Headbutt+1","Shrug It Off+1","Whirlwind+1","Impervious","Juggernaut","Warcry+1","Feel No Pain","Jack Of All Trades","Armaments","Normality","Dropkick+1"],"relics":["Burning Blood","PreservedInsect","Letter Opener","Pear","Orrery","HandDrill","Mango","Bottled Flame","Regal Pillow","Strawberry","Red Skull","Cursed Key","Oddly Smooth Stone","Orichalcum","Blood Vial"],"potions_floor_usage":[6,6,16,22,25,29,31,33,36,45,50,50,50,50],"damage_taken":[{"damage":0,"enemies":"Small Slimes","floor":1,"turns":4},{"damage":8,"enemies":"2 Louse","floor":4,"turns":5},{"damage":6,"enemies":"Jaw Worm","floor":5,"turns":6},{"damage":22,"enemies":"Lagavulin","floor":6,"turns":9},{"damage":5,"enemies":"3 Louse","floor":7,"turns":5},{"damage":28,"enemies":"Gremlin Nob","floor":8,"turns":4},{"damage":11,"enemies":"2 Fungi Beasts","floor":10,"turns":4},{"damage":8,"enemies":"Looter","floor":13,"turns":4},{"damage":39,"enemies":"The Guardian","floor":16,"turns":10},{"damage":55,"enemies":"Spheric Guardian","floor":18,"turns":11},{"damage":11,"enemies":"Shell Parasite","floor":19,"turns":6},{"damage":32,"enemies":"3 Cultists","floor":22,"turns":6},{"damage":31,"enemies":"Book of Stabbing","floor":24,"turns":7},{"damage":24,"enemies":"Snecko","floor":25,"turns":5},{"damage":37,"enemies":"Gremlin Leader","floor":29,"turns":9},{"damage":34,"enemies":"Chosen and Byrds","floor":30,"turns":11},{"damage":43,"enemies":"Slavers","floor":31,"turns":7},{"damage":58,"enemies":"Collector","floor":33,"turns":10},{"damage":30,"enemies":"3 Darklings","floor":35,"turns":7},{"damage":15,"enemies":"Orb Walker","floor":36,"turns":4},{"damage":12,"enemies":"Spire Growth","floor":39,"turns":6},{"damage":58,"enemies":"Reptomancer","floor":41,"turns":9},{"damage":7,"enemies":"4 Shapes","floor":45,"turns":6},{"damage":4,"enemies":"Giant Head","floor":47,"turns":7},{"damage":41,"enemies":"3 Darklings","floor":48,"turns":9},{"damage":126,"enemies":"Awakened One","floor":50,"turns":12}],"seed_played":"4925464224574564949","potions_obtained":[{"floor":1,"key":"EssenceOfSteel"},{"floor":4,"key":"EssenceOfSteel"},{"floor":6,"key":"Fire Potion"},{"floor":8,"key":"FearPotion"},{"floor":13,"key":"SteroidPotion"},{"floor":22,"key":"Fire Potion"},{"floor":25,"key":"EntropicBrew"},{"floor":29,"key":"SkillPotion"},{"floor":31,"key":"PowerPotion"},{"floor":33,"key":"GamblersBrew"},{"floor":35,"key":"LiquidBronze"},{"floor":36,"key":"EssenceOfSteel"},{"floor":37,"key":"EssenceOfSteel"},{"floor":41,"key":"BloodPotion"}],"is_trial":false,"path_per_floor":["M","?","?","M","M","E","M","E","T","M","R","$","M","?","R","B",null,"M","M","$","?","M","R","E","M","T","R","?","E","M","E","R","B",null,"M","M","?","$","M","R","E","$","T","R","M","R","E","M","R","B"],"character_chosen":"IRONCLAD","items_purchased":["Corruption","Rampage","Disarm","HandDrill","Feel No Pain","Jack Of All Trades"],"campfire_rested":4,"item_purchase_floors":[12,12,12,20,38,38],"current_hp_per_floor":[80,73,73,71,71,55,56,44,44,39,39,39,37,37,64,31,90,41,45,45,59,76,76,57,45,45,91,91,83,55,18,66,41,111,111,102,102,102,96,96,44,44,44,92,105,105,111,76,76,0],"gold":126,"neow_bonus":"RANDOM_COMMON_RELIC","is_prod":false,"is_daily":false,"chose_seed":false,"campfire_upgraded":4,"win_rate":0,"timestamp":1568229497,"path_taken":["M","?","?","M","M","E","M","E","T","M","R","?","M","?","R","BOSS","M","M","$","?","M","R","E","M","T","R","?","E","M","E","R","BOSS","M","M","?","$","M","R","E","?","T","R","M","R","E","M","R","BOSS"],"build_version":"2019-07-17","purchased_purges":2,"victory":false,"max_hp_per_floor":[80,80,80,80,80,80,80,90,90,90,90,90,90,90,90,90,90,90,90,90,104,104,104,104,104,104,104,104,111,111,111,111,111,111,111,111,111,111,111,111,111,111,111,111,111,111,111,111,111,111],"card_choices":[{"not_picked":["Headbutt","Intimidate"],"picked":"Ghostly Armor","floor":1},{"not_picked":["Dropkick","Clothesline"],"picked":"Sever Soul","floor":4},{"not_picked":["Pommel Strike","Shrug It Off"],"picked":"Inflame","floor":5},{"not_picked":["Dark Embrace","Dropkick"],"picked":"Feel No Pain","floor":6},{"not_picked":["Perfected Strike","True Grit"],"picked":"Iron Wave","floor":7},{"not_picked":["Headbutt","Armaments"],"picked":"Shockwave","floor":8},{"not_picked":["Dark Embrace","Flex"],"picked":"Sword Boomerang","floor":10},{"not_picked":["Heavy Blade","Dual Wield"],"picked":"Flame Barrier","floor":13},{"not_picked":["Double Tap","Bludgeon"],"picked":"Reaper","floor":16},{"not_picked":["Pommel Strike","Thunderclap"],"picked":"Armaments","floor":17},{"not_picked":["Shockwave","Thunderclap"],"picked":"Body Slam","floor":17},{"not_picked":["Clothesline","Rage"],"picked":"Seeing Red","floor":17},{"not_picked":["Flex","Thunderclap"],"picked":"Second Wind","floor":17},{"not_picked":["Iron Wave","Dual Wield"],"picked":"Impervious","floor":17},{"not_picked":["Headbutt","Searing Blow"],"picked":"Thunderclap+1","floor":18},{"not_picked":["Thunderclap+1","Intimidate","Iron Wave"],"picked":"SKIP","floor":19},{"not_picked":["Warcry","Sword Boomerang+1"],"picked":"Pummel+1","floor":22},{"not_picked":["Clash","Barricade"],"picked":"Headbutt+1","floor":24},{"not_picked":["Rupture+1","Carnage","True Grit+1"],"picked":"SKIP","floor":25},{"not_picked":["Iron Wave","True Grit"],"picked":"Shrug It Off+1","floor":29},{"not_picked":["Anger","Heavy Blade+1"],"picked":"Whirlwind","floor":30},{"not_picked":["Disarm","Cleave"],"picked":"Impervious","floor":31},{"not_picked":["Reaper","Double Tap"],"picked":"Juggernaut","floor":33},{"not_picked":["Hemokinesis+1","Whirlwind+1"],"picked":"Warcry+1","floor":35},{"not_picked":["Hemokinesis","Whirlwind","Flex"],"picked":"SKIP","floor":36},{"not_picked":["Intimidate+1","Combust+1"],"picked":"Armaments","floor":39},{"not_picked":["Cleave+1","Fire Breathing","Reckless Charge+1"],"picked":"SKIP","floor":41},{"not_picked":["Twin Strike","Shrug It Off","Shockwave"],"picked":"SKIP","floor":45},{"not_picked":["Perfected Strike+1","Clash"],"picked":"Dropkick+1","floor":47},{"not_picked":["Metallicize","Clothesline","Perfected Strike+1"],"picked":"SKIP","floor":48}],"player_experience":38341,"relics_obtained":[{"floor":6,"key":"Letter Opener"},{"floor":8,"key":"Pear"},{"floor":24,"key":"Bottled Flame"},{"floor":26,"key":"Regal Pillow"},{"floor":29,"key":"Strawberry"},{"floor":31,"key":"Red Skull"},{"floor":41,"key":"Oddly Smooth Stone"},{"floor":43,"key":"Orichalcum"},{"floor":47,"key":"Blood Vial"}],"event_choices":[{"cards_removed":["Defend_R"],"damage_healed":0,"gold_gain":0,"player_choice":"Card Removal","damage_taken":7,"max_hp_gain":0,"max_hp_loss":0,"event_name":"Golden Wing","floor":2,"gold_loss":0},{"damage_healed":0,"gold_gain":175,"player_choice":"AGREE","damage_taken":0,"max_hp_gain":0,"max_hp_loss":0,"event_name":"Liars Game","floor":3,"gold_loss":0,"cards_obtained":["Doubt"]},{"cards_removed":["Strike_R"],"damage_healed":0,"gold_gain":0,"player_choice":"Forget","damage_taken":0,"max_hp_gain":0,"max_hp_loss":0,"event_name":"Living Wall","floor":14,"gold_loss":0},{"damage_healed":0,"gold_gain":0,"player_choice":"Obtained Relic","damage_taken":0,"relics_obtained":["Mango"],"max_hp_gain":0,"max_hp_loss":0,"event_name":"Addict","floor":21,"gold_loss":85},{"cards_removed":["Strike_R"],"damage_healed":0,"gold_gain":0,"player_choice":"Elegance","damage_taken":0,"max_hp_gain":0,"max_hp_loss":0,"event_name":"Back to Basics","floor":28,"gold_loss":0},{"damage_healed":0,"gold_gain":0,"player_choice":"Got Potions","damage_taken":0,"max_hp_gain":0,"max_hp_loss":0,"event_name":"Lab","floor":37,"gold_loss":0}],"is_beta":false,"boss_relics":[{"not_picked":["Runic Cube","Runic Dome"],"picked":"Orrery"},{"not_picked":["Black Star","Coffee Dripper"],"picked":"Cursed Key"}],"items_purged_floors":[12,38],"is_endless":false,"potions_floor_spawned":[1,4,6,8,13,22,25,29,31,33,35,36,41],"killed_by":"Awakened One","ascension_level":1}