{"gold_per_floor":[119,45,120,131,131,131,143,143,143,175,175,188,188,218,218,317,317,284,149,164,164],"floor_reached":21,"playtime":1824,"items_purged":[],"score":237,"play_id":"37e5b63b-c1c6-497a-8f1f-11cb9075f421","local_time":"20190910231401","is_ascension_mode":false,"campfire_choices":[{"data":"Redo","floor":6,"key":"SMITH"},{"floor":13,"key":"REST"},{"data":"Capacitor","floor":15,"key":"SMITH"}],"neow_cost":"NONE","seed_source_timestamp":33148826622666,"circlet_count":0,"master_deck":["Strike_B","Strike_B","Strike_B","Strike_B","Defend_B","Defend_B","Defend_B","Defend_B","Zap","Dualcast","Reboot","Coolheaded","Gash","Redo+1","Sunder","Redo+1","Capacitor+1","Ball Lightning","Scrape","Buffer","Defragment","Rainbow","Hologram"],"relics":["Cracked Core","Centennial Puzzle","FossilizedHelix","DataDisk","Gambling Chip","Runic Pyramid"],"potions_floor_usage":[],"damage_taken":[{"damage":0,"enemies":"Small Slimes","floor":1,"turns":3},{"damage":0,"enemies":"Jaw Worm","floor":4,"turns":3},{"damage":0,"enemies":"2 Louse","floor":7,"turns":2},{"damage":28,"enemies":"Gremlin Nob","floor":10,"turns":5},{"damage":0,"enemies":"Large Slime","floor":12,"turns":3},{"damage":11,"enemies":"3 Sentries","floor":14,"turns":5},{"damage":0,"enemies":"Slime Boss","floor":16,"turns":7},{"damage":28,"enemies":"2 Thieves","floor":18,"turns":5},{"damage":21,"enemies":"3 Byrds","floor":20,"turns":5},{"damage":26,"enemies":"Snake Plant","floor":21,"turns":4}],"seed_played":"-3137122022979804146","potions_obtained":[{"floor":1,"key":"Strength Potion"},{"floor":12,"key":"Poison Potion"},{"floor":14,"key":"EssenceOfSteel"}],"is_trial":false,"path_per_floor":["M","$","?","M","?","R","M","?","T","E","?","M","R","E","R","B",null,"M","$","M","M"],"character_chosen":"DEFECT","items_purchased":["Gash","Redo","Rainbow"],"campfire_rested":1,"item_purchase_floors":[2,2,19],"current_hp_per_floor":[75,75,64,64,61,61,61,61,61,33,33,33,55,44,44,44,75,47,47,26,0],"gold":164,"neow_bonus":"ONE_RANDOM_RARE_CARD","is_prod":false,"is_daily":false,"chose_seed":false,"campfire_upgraded":2,"win_rate":0,"timestamp":1568168041,"path_taken":["M","$","?","M","?","R","M","?","T","E","?","M","R","E","R","BOSS","M","$","M","M"],"build_version":"2019-07-17","purchased_purges":0,"victory":false,"max_hp_per_floor":[75,75,75,75,75,75,75,75,75,75,75,75,75,75,75,75,75,75,75,75,75],"card_choices":[{"not_picked":["Chaos","BootSequence"],"picked":"Coolheaded","floor":1},{"not_picked":["Beam Cell","Scrape"],"picked":"Sunder","floor":4},{"not_picked":["Recycle","Cold Snap"],"picked":"Redo","floor":7},{"not_picked":["Lockon","Reprogram"],"picked":"Capacitor","floor":10},{"not_picked":["Compile Driver","Rebound"],"picked":"Ball Lightning","floor":12},{"not_picked":["Turbo","Sweeping Beam"],"picked":"Scrape","floor":14},{"not_picked":["Machine Learning","Multi-Cast"],"picked":"Buffer","floor":16},{"not_picked":["Conserve Battery","Hello World"],"picked":"Defragment","floor":18},{"not_picked":["Beam Cell","Rebound"],"picked":"Hologram","floor":20}],"player_experience":104964,"relics_obtained":[{"floor":9,"key":"FossilizedHelix"},{"floor":10,"key":"DataDisk"},{"floor":14,"key":"Gambling Chip"}],"event_choices":[{"damage_healed":0,"gold_gain":75,"player_choice":"Gather Gold","damage_taken":11,"max_hp_gain":0,"max_hp_loss":0,"event_name":"World of Goop","floor":3,"gold_loss":0},{"damage_healed":0,"gold_gain":0,"player_choice":"Success","damage_taken":3,"relics_obtained":["Centennial Puzzle"],"max_hp_gain":0,"max_hp_loss":0,"event_name":"Scrap Ooze","floor":5,"gold_loss":0},{"damage_healed":0,"gold_gain":0,"player_choice":"Grow","damage_taken":0,"max_hp_gain":0,"max_hp_loss":0,"event_name":"Living Wall","floor":8,"gold_loss":0,"cards_upgraded":["Redo"]},{"damage_healed":0,"gold_gain":0,"player_choice":"Ignored","damage_taken":0,"max_hp_gain":0,"max_hp_loss":0,"event_name":"Shining Light","floor":11,"gold_loss":0}],"is_beta":false,"boss_relics":[{"not_picked":["Sozu","Ectoplasm"],"picked":"Runic Pyramid"}],"items_purged_floors":[],"is_endless":false,"potions_floor_spawned":[1,12,14,16],"killed_by":"Snake Plant","ascension_level":0}