{"gold_per_floor":[109,127,127,139,139,170,170,200,254,285,55,68,68,101,101,173,173,193,210,224,224,242,242,267,267,292,307,333,32,32,62,62,136,136,153,172,172,172,172,172,202,202,279,328,328,353,370,387,387,387,387,387,387,2,34,34],"floor_reached":56,"playtime":8146,"items_purged":["Strike_B"],"score":2057,"play_id":"bda7dcaf-ef19-4706-b9a6-a40210441134","local_time":"20190810202554","is_ascension_mode":true,"campfire_choices":[{"floor":7.0,"key":"REST"},{"floor":13.0,"key":"REST"},{"data":"Defragment","floor":15.0,"key":"SMITH"},{"floor":23.0,"key":"REST"},{"floor":25.0,"key":"REST"},{"floor":32.0,"key":"REST"},{"floor":40.0,"key":"RECALL"},{"floor":42.0,"key":"REST"},{"floor":45.0,"key":"REST"},{"floor":49,"key":"REST"},{"floor":53,"key":"REST"}],"neow_cost":"NONE","seed_source_timestamp":1219531822978177,"circlet_count":0,"master_deck":["AscendersBane","Strike_B+1","Strike_B+1","Strike_B+1","Defend_B+1","Defend_B+1","Defend_B+1","Defend_B+1","Zap+1","Dualcast+1","FTL+1","Rebound+1","Defragment+1","Redo+1","Chill+1","Cold Snap+1","Stack+1","Lockon+1","Machine Learning+1","Hologram+1","Compile Driver+1","Coolheaded+1","Reboot+1","Lockon+1","Doom and Gloom+1","Seek+1","Echo Form+1","Stack+1","The Bomb+1","Madness+1","Turbo+1","Buffer"],"special_seed":0,"relics":["Cracked Core","Cables","War Paint","Strawberry","Anchor","Bronze Scales","Blood Vial","Fusion Hammer","Vajra","Bag of Marbles","Frozen Eye","Nloth\u0027s Gift","Pear","Busted Crown","Mark of the Bloom","Emotion Chip","Unceasing Top","Dead Branch","Smiling Mask","Bag of Preparation","Cauldron","Pen Nib"],"potions_floor_usage":[48,51,51,55,56,56],"damage_taken":[{"damage":0.0,"enemies":"Small Slimes","floor":1.0,"turns":2.0},{"damage":3.0,"enemies":"2 Louse","floor":2.0,"turns":3.0},{"damage":0.0,"enemies":"Cultist","floor":4.0,"turns":2.0},{"damage":4.0,"enemies":"Gremlin Nob","floor":6.0,"turns":3.0},{"damage":23.0,"enemies":"3 Sentries","floor":8.0,"turns":6.0},{"damage":10.0,"enemies":"Lagavulin","floor":10.0,"turns":6.0},{"damage":0.0,"enemies":"Looter","floor":12.0,"turns":2.0},{"damage":4.0,"enemies":"3 Sentries","floor":14.0,"turns":9.0},{"damage":20.0,"enemies":"Hexaghost","floor":16.0,"turns":8.0},{"damage":9.0,"enemies":"Shell Parasite","floor":18.0,"turns":3.0},{"damage":3.0,"enemies":"Spheric Guardian","floor":19.0,"turns":5.0},{"damage":0.0,"enemies":"Snecko","floor":20.0,"turns":4.0},{"damage":0.0,"enemies":"Centurion and Healer","floor":22.0,"turns":8.0},{"damage":22.0,"enemies":"Gremlin Leader","floor":24.0,"turns":7.0},{"damage":12.0,"enemies":"Shelled Parasite and Fungi","floor":27.0,"turns":4.0},{"damage":10.0,"enemies":"Slavers","floor":28.0,"turns":3.0},{"damage":9.0,"enemies":"Gremlin Leader","floor":31.0,"turns":7.0},{"damage":9.0,"enemies":"Automaton","floor":33.0,"turns":10.0},{"damage":4.0,"enemies":"3 Darklings","floor":35.0,"turns":5.0},{"damage":4.0,"enemies":"3 Shapes","floor":36.0,"turns":4.0},{"damage":0.0,"enemies":"Reptomancer","floor":41.0,"turns":5.0},{"damage":1.0,"enemies":"2 Orb Walkers","floor":44.0,"turns":4.0},{"damage":0.0,"enemies":"Nemesis","floor":46.0,"turns":7.0},{"damage":14,"enemies":"Maw","floor":47,"turns":5},{"damage":0,"enemies":"3 Darklings","floor":48,"turns":4},{"damage":15,"enemies":"Time Eater","floor":50,"turns":7},{"damage":2,"enemies":"Donu and Deca","floor":51,"turns":8},{"damage":12,"enemies":"Shield and Spear","floor":55,"turns":6},{"damage":37,"enemies":"The Heart","floor":56,"turns":6}],"seed_played":"6994450687168065581","potions_obtained":[{"floor":1.0,"key":"SkillPotion"},{"floor":2.0,"key":"EssenceOfSteel"},{"floor":12.0,"key":"Ancient Potion"},{"floor":16.0,"key":"Ancient Potion"},{"floor":19.0,"key":"AttackPotion"},{"floor":20.0,"key":"SteroidPotion"},{"floor":24.0,"key":"AttackPotion"},{"floor":31.0,"key":"Dexterity Potion"},{"floor":33.0,"key":"Swift Potion"},{"floor":41.0,"key":"Poison Potion"},{"floor":46.0,"key":"Ancient Potion"},{"floor":47,"key":"GamblersBrew"},{"floor":48,"key":"Block Potion"},{"floor":54,"key":"Strength Potion"},{"floor":54,"key":"Energy Potion"},{"floor":55,"key":"Energy Potion"}],"is_trial":false,"path_per_floor":["M","M","?","M","?","E","R","E","T","E","$","M","R","E","R","B",null,"M","M","M","?","M","R","E","R","T","M","E","$","?","E","R","B",null,"M","M","?","?","T","R","E","R","T","?","R","E","M","M","R","B","B",null,"R","$","E","B"],"character_chosen":"DEFECT","items_purchased":["Bronze Scales","Stack","Frozen Eye","Bag of Preparation","Cauldron"],"campfire_rested":9,"item_purchase_floors":[11,11,29,54,54],"current_hp_per_floor":[71,68,23,23,23,19,42,19,26,16,16,16,41,37,37,19,69,62,61,63,63,65,85,63,85,85,73,65,65,65,68,95,86,93,91,89,79,79,79,79,79,79,79,78,78,78,64,64,64,49,47,47,47,47,35,0],"gold":34,"neow_bonus":"TEN_PERCENT_HP_BONUS","is_prod":false,"is_daily":false,"chose_seed":false,"campfire_upgraded":1,"win_rate":0,"timestamp":1565483154,"path_taken":["M","M","?","M","?","E","R","E","T","E","$","M","R","E","R","BOSS","M","M","M","?","?","R","E","R","T","M","E","$","?","E","R","BOSS","M","?","?","?","?","R","E","R","T","?","R","E","M","M","R","BOSS","BOSS","R","$","E","BOSS"],"build_version":"2019-07-17","purchased_purges":1,"victory":false,"max_hp_per_floor":[78,78,78,78,78,78,78,78,85,85,85,85,85,85,85,85,85,85,85,85,85,85,85,85,85,85,85,85,85,85,95,95,95,95,95,95,95,95,95,95,95,95,95,95,95,95,95,95,95,95,95,95,95,95,95,95],"card_choices":[{"not_picked":["Fusion","Reprogram"],"picked":"FTL","floor":1.0},{"not_picked":["Tempest","Stack"],"picked":"Rebound","floor":2.0},{"not_picked":["BootSequence","Coolheaded"],"picked":"Defragment","floor":4.0},{"not_picked":["Capacitor","Rebound"],"picked":"Redo","floor":6.0},{"not_picked":["Blizzard","Steam"],"picked":"Chill","floor":8.0},{"not_picked":["Blizzard","Self Repair"],"picked":"Cold Snap","floor":10.0},{"not_picked":["Leap","Heatsinks","Turbo"],"picked":"SKIP","floor":12.0},{"not_picked":["BootSequence","Ball Lightning"],"picked":"Lockon","floor":14.0},{"not_picked":["Creative AI","Multi-Cast"],"picked":"Machine Learning","floor":16.0},{"not_picked":["Go for the Eyes","Darkness"],"picked":"Hologram","floor":18.0},{"not_picked":["Chill","Stack"],"picked":"Compile Driver","floor":19.0},{"not_picked":["Hologram+1","Ball Lightning"],"picked":"Coolheaded+1","floor":20.0},{"not_picked":["Stack","Consume","Aggregate"],"picked":"SKIP","floor":22.0},{"not_picked":["Stack","Consume","Aggregate"],"picked":"SKIP","floor":22.0},{"not_picked":["Storm","Leap"],"picked":"Reboot","floor":24.0},{"not_picked":["Glacier","Compile Driver"],"picked":"Lockon+1","floor":27.0},{"not_picked":["Fusion+1","BootSequence"],"picked":"Doom and Gloom+1","floor":28.0},{"not_picked":["FTL","Steam Power+1"],"picked":"Seek","floor":31.0},{"not_picked":["All For One","Creative AI"],"picked":"Echo Form","floor":33.0},{"not_picked":["Go for the Eyes"],"picked":"SKIP","floor":35.0},{"not_picked":[],"picked":"Stack","floor":36.0},{"not_picked":[],"picked":"The Bomb","floor":37.0},{"not_picked":[],"picked":"Madness","floor":37.0},{"not_picked":["Lockon"],"picked":"SKIP","floor":41.0},{"not_picked":["Rebound"],"picked":"SKIP","floor":46.0},{"not_picked":[],"picked":"Turbo+1","floor":47},{"not_picked":[],"picked":"Buffer","floor":48},{"not_picked":["Thunder Strike"],"picked":"SKIP","floor":55}],"player_experience":1775242,"relics_obtained":[{"floor":6.0,"key":"War Paint"},{"floor":9.0,"key":"Strawberry"},{"floor":10.0,"key":"Anchor"},{"floor":14.0,"key":"Blood Vial"},{"floor":24.0,"key":"Juzu Bracelet"},{"floor":26.0,"key":"Vajra"},{"floor":28.0,"key":"Bag of Marbles"},{"floor":31.0,"key":"Pear"},{"floor":39.0,"key":"Emotion Chip"},{"floor":41.0,"key":"Unceasing Top"},{"floor":44.0,"key":"Dead Branch"},{"floor":46.0,"key":"Smiling Mask"},{"floor":55,"key":"Pen Nib"}],"event_choices":[{"damage_healed":0.0,"max_hp_gain":0.0,"max_hp_loss":0.0,"gold_gain":0.0,"event_name":"Scrap Ooze","player_choice":"Success","floor":3.0,"gold_loss":0.0,"damage_taken":45.0,"relics_obtained":["Cables"]},{"damage_healed":0.0,"max_hp_gain":0.0,"max_hp_loss":0.0,"gold_gain":0.0,"event_name":"Shining Light","player_choice":"Ignored","floor":5.0,"gold_loss":0.0,"damage_taken":0.0},{"damage_healed":0.0,"max_hp_gain":0.0,"max_hp_loss":0.0,"gold_gain":0.0,"event_name":"Upgrade Shrine","player_choice":"Upgraded","floor":21.0,"gold_loss":0.0,"damage_taken":0.0,"cards_upgraded":["Lockon"]},{"damage_healed":0.0,"max_hp_gain":0.0,"max_hp_loss":0.0,"gold_gain":0.0,"event_name":"N\u0027loth","player_choice":"Traded Relic","floor":30.0,"relics_lost":["Juzu Bracelet"],"gold_loss":0.0,"damage_taken":0.0,"relics_obtained":["Nloth\u0027s Gift"]},{"damage_healed":0.0,"max_hp_gain":0.0,"max_hp_loss":0.0,"gold_gain":0.0,"event_name":"SensoryStone","player_choice":"Memory 3","floor":37.0,"gold_loss":0.0,"damage_taken":10.0},{"damage_healed":0.0,"max_hp_gain":0.0,"max_hp_loss":0.0,"gold_gain":0.0,"event_name":"MindBloom","player_choice":"Upgrade","floor":38.0,"gold_loss":0.0,"damage_taken":0.0,"cards_upgraded":["Strike_B","Strike_B","Strike_B","Defend_B","Defend_B","Defend_B","Dualcast","FTL","Rebound","Redo","Chill","Cold Snap","Stack","Machine Learning","Hologram","Compile Driver","Reboot","Seek","Echo Form","Stack","The Bomb","Madness"],"relics_obtained":["Mark of the Bloom"]},{"damage_healed":0.0,"max_hp_gain":0.0,"max_hp_loss":0.0,"gold_gain":0.0,"event_name":"Mysterious Sphere","player_choice":"Fight","floor":44.0,"gold_loss":0.0,"damage_taken":0.0}],"is_beta":false,"boss_relics":[{"not_picked":["Tiny House","Lizard Tail"],"picked":"Fusion Hammer"},{"not_picked":["White Beast Statue","FrozenCore"],"picked":"Busted Crown"}],"items_purged_floors":[29],"is_endless":false,"potions_floor_spawned":[1,2,12,16,19,20,24,31,33,41,46,47,48,55],"killed_by":"The Heart","ascension_level":20}