{"gold_per_floor":[111,131,131,161,176,176,11,11,11,26,26,51,51,66,66,140,140,160,173,183,16,16],"floor_reached":22,"playtime":904,"items_purged":["Strike_G"],"score":372,"play_id":"2303b5f9-f52c-4b05-a789-7aee965bf876","local_time":"20181229180433","is_ascension_mode":true,"campfire_choices":[{"data":"Noxious Fumes","floor":6,"key":"SMITH"},{"floor":11,"key":"REST"},{"floor":15,"key":"REST"}],"neow_cost":"NONE","seed_source_timestamp":751277536031556,"circlet_count":0,"master_deck":["AscendersBane","Defend_G","Defend_G","Defend_G","Defend_G","Defend_G","Strike_G","Strike_G","Strike_G","Strike_G+1","Survivor+1","Neutralize+1","Quick Slash","Predator","Noxious Fumes+1","Bullet Time","Leg Sweep","A Thousand Cuts","Backflip","Blur","Acrobatics"],"relics":["Ring of the Snake","Tiny Chest","Ancient Tea Set","Singing Bowl","Torii","Sozu"],"potions_floor_usage":[10,12],"damage_taken":[{"damage":0,"enemies":"Jaw Worm","floor":1,"turns":5},{"damage":1,"enemies":"2 Louse","floor":2,"turns":3},{"damage":0,"enemies":"Cultist","floor":5,"turns":3},{"damage":12,"enemies":"Exordium Thugs","floor":10,"turns":4},{"damage":17,"enemies":"Lagavulin","floor":12,"turns":6},{"damage":1,"enemies":"Large Slime","floor":14,"turns":6},{"damage":23,"enemies":"The Guardian","floor":16,"turns":13},{"damage":16,"enemies":"3 Byrds","floor":18,"turns":4},{"damage":12,"enemies":"Spheric Guardian","floor":19,"turns":5},{"damage":21,"enemies":"Cultist and Chosen","floor":20,"turns":7},{"damage":13,"enemies":"Snake Plant","floor":22,"turns":2}],"seed_played":"-6682460979155690630","potions_obtained":[{"floor":1,"key":"FearPotion"},{"floor":2,"key":"Weak Potion"},{"floor":10,"key":"AttackPotion"}],"is_trial":false,"path_per_floor":["M","M","?","?","M","R","$","T","T","M","R","E","$","M","R","B",null,"M","M","M","$","M"],"character_chosen":"THE_SILENT","items_purchased":["Bullet Time","Blur","Acrobatics"],"campfire_rested":2,"item_purchase_floors":[7,21,21],"current_hp_per_floor":[59,58,38,20,20,20,20,20,20,10,30,13,13,14,35,12,56,42,32,11,11,0],"gold":16,"neow_bonus":"UPGRADE_CARD","is_prod":false,"is_daily":false,"chose_seed":false,"campfire_upgraded":1,"win_rate":0,"timestamp":1546124673,"path_taken":["M","M","?","?","M","R","$","?","T","M","R","E","?","?","R","BOSS","M","M","M","?","M"],"build_version":"2018-12-20","purchased_purges":1,"victory":false,"max_hp_per_floor":[66,66,66,66,66,66,66,66,66,68,68,68,68,70,70,70,70,72,74,74,74,74],"card_choices":[{"not_picked":["Riddle With Holes","Prepared"],"picked":"Quick Slash","floor":1},{"not_picked":["Dodge and Roll","Acrobatics"],"picked":"Predator","floor":2},{"not_picked":["Outmaneuver","Dash"],"picked":"Noxious Fumes","floor":5},{"not_picked":["Heel Hook","Dagger Spray","Noxious Fumes"],"picked":"Singing Bowl","floor":10},{"not_picked":["Terror","Doppelganger"],"picked":"Leg Sweep","floor":12},{"not_picked":["PiercingWail","Prepared","Dagger Throw"],"picked":"Singing Bowl","floor":14},{"not_picked":["Tools of the Trade","Wraith Form v2"],"picked":"A Thousand Cuts","floor":16},{"not_picked":["Quick Slash","Sucker Punch","Infinite Blades"],"picked":"Singing Bowl","floor":18},{"not_picked":["Setup","Sucker Punch","Outmaneuver"],"picked":"Singing Bowl","floor":19},{"not_picked":["Caltrops","Masterful Stab"],"picked":"Backflip","floor":20}],"player_experience":1101649,"relics_obtained":[{"floor":8,"key":"Ancient Tea Set"},{"floor":9,"key":"Singing Bowl"},{"floor":12,"key":"Torii"}],"event_choices":[{"damage_healed":0,"gold_gain":0,"player_choice":"Entered Light","damage_taken":20,"max_hp_gain":0,"max_hp_loss":0,"event_name":"Shining Light","floor":3,"gold_loss":0,"cards_upgraded":["Survivor","Strike_G"]},{"damage_healed":0,"gold_gain":0,"player_choice":"Success","damage_taken":18,"relics_obtained":["Tiny Chest"],"max_hp_gain":0,"max_hp_loss":0,"event_name":"Scrap Ooze","floor":4,"gold_loss":0}],"is_beta":false,"boss_relics":[{"not_picked":["Snecko Eye","Fusion Hammer"],"picked":"Sozu"}],"items_purged_floors":[21],"is_endless":false,"potions_floor_spawned":[1,2,10,19],"killed_by":"Snake Plant","ascension_level":20}