{"path_per_floor":["M","$","?","?","M","E","M","R","T","E","?","?","?","$","R","B",null,"M","?","?","M","?","R","E","R","T","$","M","R","E","M","R","B",null,"M","M","?","M","M","R","E","M","T","E","?","?","R","$","R","B"],"character_chosen":"THE_SILENT","items_purchased":["Caltrops","Toxic Egg 2","Outmaneuver","Secret Technique","Panache","Regen Potion","Dramatic Entrance"],"gold_per_floor":[111,30,30,30,54,97,113,113,162,198,198,448,478,6,6,137,137,156,156,156,176,176,176,220,220,298,91,107,107,145,168,168,298,298,319,343,0,24,49,49,90,111,111,155,155,155,155,14,14,14],"floor_reached":51,"campfire_rested":6,"playtime":3112,"current_hp_per_floor":[70,70,65,58,58,39,39,58,58,31,47,47,47,47,65,26,65,57,57,57,55,39,58,27,46,46,46,10,29,16,5,39,46,65,64,64,64,64,58,58,48,48,48,47,47,47,47,47,47,67],"items_purged":[],"gold":14,"score":834,"play_id":"e5e2899b-336e-4792-a529-c60b13d96b6d","local_time":"20180321140839","is_prod":false,"is_daily":false,"is_ascension_mode":true,"campfire_upgraded":3,"timestamp":1521655719,"path_taken":["M","$","?","?","M","E","?","R","T","E","?","?","?","$","R","BOSS","M","?","?","?","?","R","E","R","T","$","?","R","E","M","R","BOSS","M","?","?","M","M","R","E","M","T","E","?","?","R","$","R","BOSS"],"build_version":"2018-03-15v3","purchased_purges":1,"victory":true,"master_deck":["Defend_G+1","Defend_G+1","Defend_G+1","Defend_G+1","Strike_G+1","Strike_G+1","Strike_G+1","Strike_G+1","Strike_G+1","Survivor","Neutralize","Dagger Throw","Caltrops","Wraith Form+1","Riddle With Holes+1","Outmaneuver","Leg Sweep","Parasite","Regret","Outmaneuver+1","Secret Technique+1","Burst+1","Backflip+1","Distraction+1","Regret","Panache","Underhanded Strike+1","Adrenaline+1","Acrobatics+1","Die Die Die","Prepared+1","Choke+1","Prepared+1","Escape Plan+1","Quick Slash+1","Decay","Dramatic Entrance"],"max_hp_per_floor":[70,70,65,65,65,65,65,65,65,65,65,65,65,65,65,65,65,65,65,65,65,65,65,65,65,65,65,65,65,65,65,65,65,65,65,65,65,65,65,65,75,75,75,75,75,75,75,75,75,75],"relics":["Ring of the Snake","Golden Idol","Letter Opener","Du-Vu Doll","Whetstone","Pen Nib","Toxic Egg 2","Cursed Key","Enchiridion","Anchor","Pantograph","Regal Pillow","Philosopher\u0027s Stone","Red Mask","Pear","Thread and Needle","Bag of Preparation"],"card_choices":[{"not_picked":["PiercingWail","Flechettes"],"picked":"Dagger Throw"},{"not_picked":["Bane","Outmaneuver"],"picked":"Wraith Form"},{"not_picked":["Noxious Fumes","Slice"],"picked":"Riddle With Holes"},{"not_picked":["PiercingWail","Leg Sweep"],"picked":"Outmaneuver"},{"not_picked":["Deadly Poison","Outmaneuver"],"picked":"Leg Sweep"},{"not_picked":["Envenom","Unload"],"picked":"Burst"},{"not_picked":["Acrobatics","Deadly Poison"],"picked":"Backflip"},{"not_picked":["Acrobatics","Accuracy"],"picked":"Distraction"},{"not_picked":["Dagger Throw","Choke"],"picked":"Underhanded Strike"},{"not_picked":["Dagger Spray","Expertise"],"picked":"Adrenaline"},{"not_picked":["Flying Knee","Outmaneuver"],"picked":"Acrobatics"},{"not_picked":["Glass Knife","Unload"],"picked":"Die Die Die"},{"not_picked":["Eviscerate","Flying Knee"],"picked":"Prepared"},{"not_picked":["Masterful Stab","Dodge and Roll"],"picked":"Choke"},{"not_picked":["Deadly Poison","Blur"],"picked":"Prepared"},{"not_picked":["Caltrops","Prepared"],"picked":"Escape Plan"},{"not_picked":["Underhanded Strike","Prepared"],"picked":"Quick Slash"}],"player_experience":56486,"potions_floor_usage":[6,10,30,30,33,41,44,50,50,50],"damage_taken":[{"damage":0,"enemies":"Jaw Worm","floor":1,"turns":5},{"damage":0,"enemies":"Small Slimes","floor":5,"turns":4},{"damage":19,"enemies":"Gremlin Nob","floor":6,"turns":6},{"damage":0,"enemies":"2 Louse","floor":7,"turns":2},{"damage":27,"enemies":"Lagavulin","floor":10,"turns":6},{"damage":39,"enemies":"Slime Boss","floor":16,"turns":11},{"damage":8,"enemies":"2 Thieves","floor":18,"turns":5},{"damage":2,"enemies":"3 Byrds","floor":21,"turns":4},{"damage":31,"enemies":"Gremlin Leader","floor":24,"turns":6},{"damage":36,"enemies":"Cultist and Chosen","floor":28,"turns":7},{"damage":13,"enemies":"Book of Stabbing","floor":30,"turns":7},{"damage":11,"enemies":"Centurion and Healer","floor":31,"turns":3},{"damage":18,"enemies":"Champ","floor":33,"turns":8},{"damage":1,"enemies":"3 Darklings","floor":35,"turns":2},{"damage":0,"enemies":"Orb Walker","floor":36,"turns":3},{"damage":0,"enemies":"4 Shapes","floor":38,"turns":1},{"damage":6,"enemies":"Maw","floor":39,"turns":5},{"damage":20,"enemies":"2 Orb Walkers","floor":41,"turns":3},{"damage":0,"enemies":"3 Darklings","floor":42,"turns":3},{"damage":1,"enemies":"Giant Head","floor":44,"turns":4},{"damage":11,"enemies":"Donu and Deca","floor":50,"turns":6}],"event_choices":[{"event_name":"Golden Idol","player_choice":"Lose Max HP","floor":3,"damage_taken":0},{"event_name":"Scrap Ooze","player_choice":"success","floor":4,"damage_taken":7},{"event_name":"Mushrooms","player_choice":"Healed and dodged fight","floor":11,"damage_taken":0},{"event_name":"Golden Shrine","player_choice":"Desecrate","floor":12,"damage_taken":0},{"event_name":"Dead Adventurer","player_choice":"Searched \u00271\u0027 times","floor":13,"damage_taken":0},{"event_name":"Back to Basics","player_choice":"Simplicity","floor":19,"damage_taken":0},{"event_name":"Drug Dealer","player_choice":"Ignored","floor":20,"damage_taken":0},{"event_name":"Cursed Tome","player_choice":"Obtained Book","floor":22,"damage_taken":0},{"event_name":"Tomb of Lord Red Mask","player_choice":"Paid","floor":37,"damage_taken":0},{"event_name":"Fountain of Cleansing","player_choice":"Ignored","floor":45,"damage_taken":0}],"boss_relics":[{"not_picked":["Runic Pyramid","Question Card"],"picked":"Cursed Key"},{"not_picked":["Tiny House","Lizard Tail"],"picked":"Philosopher\u0027s Stone"}],"potions_floor_spawned":[5,7,16,21,28,30,31,35,38,42],"seed_played":"-4156530969564469784","ascension_level":1,"is_trial":false}