{"gold_per_floor":[110,127,140,29,44,44,73,73,124,153,95,95,95,112,112,112],"floor_reached":16,"playtime":885,"items_purged":[],"score":198,"play_id":"2e5358b7-cbc3-451c-89de-767aab4b8152","local_time":"20181225210423","is_ascension_mode":true,"campfire_choices":[{"data":"Survivor","floor":6,"key":"SMITH"},{"floor":8,"key":"REST"},{"floor":15,"key":"REST"}],"neow_cost":"NONE","seed_source_timestamp":12940943600877118,"circlet_count":0,"master_deck":["AscendersBane","Defend_G","Defend_G","Defend_G","Defend_G","Defend_G","Strike_G","Strike_G","Strike_G","Strike_G","Strike_G","Survivor+1","Neutralize","Bane","Grand Finale","Terror","Flying Knee","Night Terror+1","Deadly Poison","Predator"],"relics":["Ring of the Snake","Dodecahedron","Regal Pillow"],"potions_floor_usage":[2,7,7,14],"damage_taken":[{"damage":1,"enemies":"Cultist","floor":1,"turns":4},{"damage":2,"enemies":"Small Slimes","floor":2,"turns":3},{"damage":3,"enemies":"2 Louse","floor":3,"turns":3},{"damage":2,"enemies":"Large Slime","floor":5,"turns":3},{"damage":28,"enemies":"3 Sentries","floor":7,"turns":13},{"damage":15,"enemies":"Gremlin Nob","floor":10,"turns":4},{"damage":13,"enemies":"Exordium Thugs","floor":14,"turns":4},{"damage":51,"enemies":"Hexaghost","floor":16,"turns":9}],"seed_played":"-7918512854132105652","potions_obtained":[{"floor":0,"key":"Block Potion"},{"floor":0,"key":"Fire Potion"},{"floor":2,"key":"Energy Potion"},{"floor":3,"key":"PowerPotion"},{"floor":7,"key":"LiquidBronze"}],"is_trial":false,"path_per_floor":["M","M","M","$","M","R","E","R","T","E","?","?","?","M","R","B"],"character_chosen":"THE_SILENT","items_purchased":["Terror","Flying Knee"],"campfire_rested":2,"item_purchase_floors":[4,4],"current_hp_per_floor":[58,56,53,53,51,51,23,42,42,27,27,27,27,14,48,0],"gold":112,"neow_bonus":"THREE_SMALL_POTIONS","is_prod":false,"is_daily":false,"chose_seed":false,"campfire_upgraded":1,"win_rate":0,"timestamp":1545789863,"path_taken":["M","M","M","$","?","R","E","R","T","E","?","?","?","M","R","BOSS"],"build_version":"2018-12-20","purchased_purges":0,"victory":false,"max_hp_per_floor":[66,66,66,66,66,66,66,66,66,66,66,66,66,66,66,66],"card_choices":[{"not_picked":["Acrobatics","Slice"],"picked":"Bane","floor":1},{"not_picked":["Concentrate","Acrobatics"],"picked":"Grand Finale","floor":2},{"not_picked":["Dagger Throw","Bane","Outmaneuver"],"picked":"SKIP","floor":3},{"not_picked":["Sucker Punch","Choke","Distraction"],"picked":"SKIP","floor":5},{"not_picked":["Leg Sweep","Wraith Form v2"],"picked":"Night Terror","floor":7},{"not_picked":["Venomology","Poisoned Stab"],"picked":"Deadly Poison","floor":10},{"not_picked":["Dagger Spray","Corpse Explosion"],"picked":"Predator","floor":14}],"player_experience":986589,"relics_obtained":[{"floor":7,"key":"Dodecahedron"},{"floor":10,"key":"Regal Pillow"}],"event_choices":[{"damage_healed":0,"gold_gain":0,"player_choice":"Left Gold","damage_taken":0,"max_hp_gain":0,"max_hp_loss":0,"event_name":"World of Goop","floor":11,"gold_loss":58},{"damage_healed":0,"gold_gain":0,"player_choice":"Grow","damage_taken":0,"max_hp_gain":0,"max_hp_loss":0,"event_name":"Living Wall","floor":12,"gold_loss":0,"cards_upgraded":["Night Terror"]},{"damage_healed":0,"gold_gain":0,"player_choice":"Ignored","damage_taken":0,"max_hp_gain":0,"max_hp_loss":0,"event_name":"Liars Game","floor":13,"gold_loss":0}],"is_beta":false,"boss_relics":[],"items_purged_floors":[],"is_endless":false,"potions_floor_spawned":[2,3,7],"killed_by":"Hexaghost","ascension_level":16}