{"gold_per_floor":[361,381,92,111,128,128,148,148,148,175,175,188,188,205,205,310,310,326,69,39,56,75,75],"floor_reached":23,"playtime":1383,"items_purged":["Strike_B"],"score":368,"play_id":"0bee174b-1c22-44c1-b931-0460abb1de9f","local_time":"20181104165130","is_ascension_mode":true,"campfire_choices":[{"data":"Chaos","floor":6,"key":"SMITH"},{"floor":8,"key":"REST"},{"data":"Barrage","floor":11,"key":"SMITH"},{"floor":15,"key":"REST"}],"neow_cost":"PERCENT_DAMAGE","seed_source_timestamp":680515727474915,"circlet_count":0,"master_deck":["AscendersBane","Strike_B+1","Strike_B+1","Strike_B","Defend_B","Defend_B","Defend_B","Defend_B","Zap","Dualcast","Compile Driver","Double Energy","Barrage+1","Conserve Battery","Chaos+1","Chill","Capacitor","Chaos+1","Tempest","Sweeping Beam+1"],"relics":["FrozenCore","Whetstone","PreservedInsect","DataDisk","Frozen Egg 2"],"potions_floor_usage":[12,16,21,22,23,23],"damage_taken":[{"damage":0,"enemies":"Cultist","floor":1,"turns":4},{"damage":8,"enemies":"Jaw Worm","floor":2,"turns":4},{"damage":12,"enemies":"Small Slimes","floor":4,"turns":3},{"damage":4,"enemies":"Blue Slaver","floor":5,"turns":4},{"damage":0,"enemies":"2 Fungi Beasts","floor":7,"turns":4},{"damage":20,"enemies":"3 Sentries","floor":10,"turns":6},{"damage":8,"enemies":"3 Louse","floor":12,"turns":3},{"damage":0,"enemies":"Exordium Wildlife","floor":14,"turns":2},{"damage":0,"enemies":"Slime Boss","floor":16,"turns":5},{"damage":21,"enemies":"3 Byrds","floor":18,"turns":5},{"damage":7,"enemies":"Chosen","floor":21,"turns":5},{"damage":20,"enemies":"Centurion and Healer","floor":22,"turns":6},{"damage":19,"enemies":"Book of Stabbing","floor":23,"turns":3}],"seed_played":"-1408285532037373259","potions_obtained":[{"floor":1,"key":"Weak Potion"},{"floor":2,"key":"Weak Potion"},{"floor":14,"key":"Ancient Potion"},{"floor":20,"key":"FocusPotion"},{"floor":20,"key":"AttackPotion"},{"floor":22,"key":"Energy Potion"}],"is_trial":false,"path_per_floor":["M","M","$","M","M","R","M","R","T","E","R","M","?","M","R","B",null,"M","$","?","M","M","E"],"character_chosen":"DEFECT","items_purchased":["Barrage","Conserve Battery","Whetstone","Frozen Egg 2"],"campfire_rested":2,"item_purchase_floors":[3,3,3,19],"current_hp_per_floor":[50,42,42,30,26,26,26,48,48,28,28,20,20,20,42,42,67,46,46,46,39,19,0],"gold":75,"neow_bonus":"TWO_FIFTY_GOLD","is_prod":false,"is_daily":false,"chose_seed":false,"campfire_upgraded":2,"win_rate":0,"timestamp":1541368290,"path_taken":["M","?","$","M","M","R","M","R","T","E","R","M","?","M","R","BOSS","M","$","?","M","?","E"],"build_version":"2018-11-01","purchased_purges":1,"victory":false,"max_hp_per_floor":[75,75,75,75,75,75,75,75,75,75,75,75,75,75,75,75,75,75,75,75,75,75,75],"card_choices":[{"not_picked":["Leap","Ball Lightning"],"picked":"Compile Driver","floor":1},{"not_picked":["Turbo","Go for the Eyes"],"picked":"Double Energy","floor":2},{"not_picked":["Turbo","Hologram"],"picked":"Chaos","floor":4},{"not_picked":["Undo","Steam Power"],"picked":"Chill","floor":5},{"not_picked":["Steam","Compile Driver","Aggregate"],"picked":"SKIP","floor":7},{"not_picked":["Gash","Leap"],"picked":"Capacitor","floor":10},{"not_picked":["Go for the Eyes","Hello World"],"picked":"Chaos","floor":12},{"not_picked":["Steam","Force Field"],"picked":"Tempest","floor":14},{"not_picked":["Recycle+1","Static Discharge"],"picked":"Sweeping Beam+1","floor":18},{"not_picked":["Consume","Barrage+1","Streamline+1"],"picked":"SKIP","floor":21},{"not_picked":["Streamline+1","Ball Lightning+1","Beam Cell+1"],"picked":"SKIP","floor":22}],"player_experience":602741,"relics_obtained":[{"floor":9,"key":"PreservedInsect"},{"floor":10,"key":"DataDisk"}],"event_choices":[{"damage_healed":0,"gold_gain":0,"player_choice":"Upgraded","damage_taken":0,"max_hp_gain":0,"max_hp_loss":0,"event_name":"Upgrade Shrine","floor":13,"gold_loss":0,"cards_upgraded":["Chaos"]},{"damage_healed":0,"gold_gain":0,"player_choice":"Bought 2 Potions","damage_taken":0,"max_hp_gain":0,"max_hp_loss":0,"event_name":"The Woman in Blue","floor":20,"gold_loss":0}],"is_beta":false,"boss_relics":[{"not_picked":["Snecko Eye","Runic Dome"],"picked":"FrozenCore"}],"items_purged_floors":[3],"is_endless":false,"potions_floor_spawned":[1,2,14,22],"killed_by":"Book of Stabbing","ascension_level":10}