{"gold_per_floor":[118,129,144,144,159,185,185,198,279,292,292,303,303,319,319,420,420,432,447,458,471,471,471,485,485,538,538,538,566,491,141,141,237,237,252,262,274,274,284,284,284],"floor_reached":41,"playtime":2868,"items_purged":[],"score":488,"play_id":"e9262f60-5733-4362-af38-4c2fc47f7fb6","local_time":"20190912165441","is_ascension_mode":true,"campfire_choices":[{"floor":7.0,"key":"REST"},{"floor":11.0,"key":"REST"},{"floor":13.0,"key":"REST"},{"data":"SandsOfTime","floor":15.0,"key":"SMITH"},{"floor":23.0,"key":"REST"},{"data":"DevaForm","floor":25.0,"key":"SMITH"},{"data":"DevaForm","floor":27.0,"key":"SMITH"},{"floor":32.0,"key":"REST"},{"data":"Prostrate","floor":40.0,"key":"SMITH"}],"neow_cost":"NONE","seed_source_timestamp":20033217970402,"circlet_count":0,"master_deck":["Eruption","Vigilance","Protect","CutThroughFate","Protect","SandsOfTime","CarveReality","SandsOfTime+1","Sanctity","Prostrate+1","Fasting","DevaForm+1","MentalFortress","SandsOfTime","EmptyFist","Fasting","Omniscience","SpiritShield","Wallop","FlurryOfBlows","Prostrate+1","Prostrate+1","Necronomicurse","DevaForm+1","Crescendo","Collect","Pray","Establishment+1","Protect","InnerPeace+1","Parasite","Sanctity+1"],"special_seed":0,"relics":["PureWater","NeowsBlessing","CaptainsWheel","Shuriken","Pandora\u0027s Box","Necronomicon","Melange","Prayer Wheel","Pen Nib","Busted Crown"],"potions_floor_usage":[41],"damage_taken":[{"damage":0.0,"enemies":"Cultist","floor":1.0,"turns":1.0},{"damage":0.0,"enemies":"2 Louse","floor":2.0,"turns":2.0},{"damage":0.0,"enemies":"Jaw Worm","floor":3.0,"turns":1.0},{"damage":22.0,"enemies":"Large Slime","floor":5.0,"turns":7.0},{"damage":23.0,"enemies":"Lagavulin","floor":6.0,"turns":4.0},{"damage":24.0,"enemies":"Exordium Wildlife","floor":8.0,"turns":4.0},{"damage":12.0,"enemies":"3 Louse","floor":10.0,"turns":2.0},{"damage":0.0,"enemies":"2 Fungi Beasts","floor":12.0,"turns":3.0},{"damage":7.0,"enemies":"Looter","floor":14.0,"turns":2.0},{"damage":2.0,"enemies":"The Guardian","floor":16.0,"turns":9.0},{"damage":3.0,"enemies":"Shell Parasite","floor":18.0,"turns":7.0},{"damage":11.0,"enemies":"2 Thieves","floor":19.0,"turns":4.0},{"damage":12.0,"enemies":"Sentry and Sphere","floor":20.0,"turns":8.0},{"damage":0.0,"enemies":"Cultist and Chosen","floor":21.0,"turns":5.0},{"damage":4.0,"enemies":"3 Cultists","floor":24.0,"turns":5.0},{"damage":15.0,"enemies":"Gremlin Leader","floor":29.0,"turns":7.0},{"damage":12.0,"enemies":"Champ","floor":33.0,"turns":8.0},{"damage":15.0,"enemies":"3 Darklings","floor":35.0,"turns":6.0},{"damage":0.0,"enemies":"Orb Walker","floor":36.0,"turns":2.0},{"damage":0.0,"enemies":"Sphere and 2 Shapes","floor":37.0,"turns":5.0},{"damage":10.0,"enemies":"Writhing Mass","floor":39.0,"turns":6.0},{"damage":57,"enemies":"2 Orb Walkers","floor":41,"turns":6}],"seed_played":"-8356417029420406854","potions_obtained":[{"floor":5.0,"key":"Energy Potion"},{"floor":8.0,"key":"Explosive Potion"},{"floor":10.0,"key":"SpeedPotion"},{"floor":18.0,"key":"Energy Potion"},{"floor":24.0,"key":"DuplicationPotion"},{"floor":29.0,"key":"DuplicationPotion"},{"floor":33.0,"key":"Fire Potion"}],"is_trial":false,"path_per_floor":["M","M","M","?","M","E","R","M","T","M","R","M","R","M","R","B",null,"M","M","M","M","?","R","M","R","T","R","?","E","?","$","R","B",null,"M","M","M","?","M","R","?"],"character_chosen":"WATCHER","items_purchased":["Pen Nib","Collect","Regen Potion","AttackPotion"],"campfire_rested":5,"item_purchase_floors":[31,31,31,31],"current_hp_per_floor":[65,65,65,65,43,20,39,15,15,3,22,22,41,34,34,32,65,62,51,39,39,23,42,38,38,38,38,38,23,23,23,42,30,65,50,50,50,50,40,40,0],"gold":284,"neow_bonus":"THREE_ENEMY_KILL","is_prod":false,"is_daily":false,"chose_seed":false,"campfire_upgraded":4,"win_rate":0,"timestamp":1568271281,"path_taken":["M","?","M","?","M","E","R","M","T","M","R","M","R","M","R","BOSS","M","M","M","?","?","R","M","R","T","R","?","E","?","$","R","BOSS","M","M","M","?","M","R","?"],"build_version":"2019-09-11","purchased_purges":0,"victory":false,"max_hp_per_floor":[65,65,65,65,65,65,65,65,65,65,65,65,65,65,65,65,65,65,65,65,65,65,65,65,65,65,65,65,65,65,65,65,65,65,65,65,65,65,65,65,65],"card_choices":[{"not_picked":["EmptyFist","Sanctity"],"picked":"Protect","floor":1.0},{"not_picked":["Consecrate","Adaptation"],"picked":"CutThroughFate","floor":2.0},{"not_picked":["Perseverance","Adaptation"],"picked":"Protect","floor":3.0},{"not_picked":["Omniscience","ThirdEye"],"picked":"SandsOfTime","floor":5.0},{"not_picked":["EmptyMind","FollowUp"],"picked":"CarveReality","floor":6.0},{"not_picked":["Crescendo","Sanctity"],"picked":"SandsOfTime","floor":8.0},{"not_picked":["Tantrum","ThirdEye"],"picked":"Sanctity","floor":10.0},{"not_picked":["FlyingSleeves","WaveOfTheHand"],"picked":"Prostrate","floor":12.0},{"not_picked":["CutThroughFate","Sanctity"],"picked":"Fasting","floor":14.0},{"not_picked":["Pray","Ragnarok"],"picked":"DevaForm","floor":16.0},{"not_picked":["ForeignInfluence","Sanctity","Weave"],"picked":"SKIP","floor":18.0},{"not_picked":["EmptyFist","Sanctity+1"],"picked":"FlurryOfBlows","floor":19.0},{"not_picked":["EmptyFist","CrushJoints"],"picked":"Prostrate+1","floor":20.0},{"not_picked":["EmptyMind","Crescendo"],"picked":"Prostrate+1","floor":21.0},{"not_picked":["CrushJoints","ThirdEye"],"picked":"DevaForm","floor":24.0},{"not_picked":["FlyingSleeves","FollowUp","JustLucky"],"picked":"SKIP","floor":29.0},{"not_picked":["Vault","FlowState"],"picked":"Pray","floor":33.0},{"not_picked":["Clarity+1"],"picked":"SKIP","floor":35.0},{"not_picked":["SandsOfTime"],"picked":"SKIP","floor":35.0},{"not_picked":[],"picked":"Establishment+1","floor":36.0},{"not_picked":[],"picked":"Protect","floor":36.0},{"not_picked":[],"picked":"InnerPeace+1","floor":37.0},{"not_picked":["BowlingBash"],"picked":"SKIP","floor":37.0},{"not_picked":[],"picked":"Sanctity+1","floor":39.0},{"not_picked":["Weave"],"picked":"SKIP","floor":39.0}],"player_experience":1314157,"relics_obtained":[{"floor":6.0,"key":"CaptainsWheel"},{"floor":9.0,"key":"Shuriken"},{"floor":22.0,"key":"Necronomicon"},{"floor":26.0,"key":"Melange"},{"floor":29.0,"key":"Prayer Wheel"}],"event_choices":[{"damage_healed":0.0,"max_hp_gain":0.0,"max_hp_loss":0.0,"gold_gain":0.0,"event_name":"Match and Keep!","player_choice":"1 cards matched","floor":4.0,"gold_loss":0.0,"damage_taken":0.0,"cards_obtained":["Madness"]},{"damage_healed":0.0,"max_hp_gain":0.0,"max_hp_loss":0.0,"gold_gain":0.0,"event_name":"Cursed Tome","player_choice":"Obtained Book","floor":22.0,"gold_loss":0.0,"damage_taken":16.0},{"damage_healed":0.0,"max_hp_gain":0.0,"max_hp_loss":0.0,"gold_gain":0.0,"event_name":"The Library","player_choice":"Read","floor":28.0,"gold_loss":0.0,"damage_taken":0.0,"cards_obtained":["Crescendo"]},{"cards_removed":["CleanseEvil"],"damage_healed":0.0,"max_hp_gain":0.0,"max_hp_loss":0.0,"gold_gain":0.0,"event_name":"Beggar","player_choice":"Gave Gold","floor":30.0,"gold_loss":75.0,"damage_taken":0.0},{"cards_removed":["Madness"],"damage_healed":0.0,"max_hp_gain":0.0,"max_hp_loss":0.0,"gold_gain":0.0,"event_name":"Falling","player_choice":"Removed Skill","floor":38.0,"gold_loss":0.0,"damage_taken":0.0},{"damage_healed":0,"gold_gain":0,"player_choice":"Fight","damage_taken":0,"max_hp_gain":0,"max_hp_loss":0,"event_name":"Mysterious Sphere","floor":41,"gold_loss":0}],"is_beta":true,"boss_relics":[{"not_picked":["Velvet Choker","SlaversCollar"],"picked":"Pandora\u0027s Box"},{"not_picked":["Philosopher\u0027s Stone","Runic Dome"],"picked":"Busted Crown"}],"items_purged_floors":[],"is_endless":false,"potions_floor_spawned":[5,8,10,12,18,24,29,33,36],"killed_by":"2 Orb Walkers","ascension_level":2}