{"gold_per_floor":[359,534,273,293,117,117,152,152,152,166,166,183,111,125,125,222,222,236,236,236,33,51,76,76,76,157,157,192,115,115],"floor_reached":30,"playtime":1426,"items_purged":["Doubt","Strike_G"],"score":356,"play_id":"2572a829-0fa4-461f-9f4c-00d76cb416b6","local_time":"20180813032439","is_ascension_mode":true,"campfire_choices":[{"floor":6,"key":"REST"},{"floor":8,"key":"REST"},{"floor":15,"key":"REST"},{"data":"Accuracy","floor":25,"key":"SMITH"},{"floor":27,"key":"REST"}],"neow_cost":"PERCENT_DAMAGE","seed_source_timestamp":2793721150122005,"circlet_count":0,"master_deck":["Defend_G","Defend_G","Defend_G","Defend_G","Defend_G","Strike_G","Strike_G","Strike_G+1","Survivor","Neutralize","Slice","Magnetism","Predator","Infinite Blades","Cloak And Dagger","Flying Knee+1","Bandage Up","Sucker Punch","Blade Dance","Accuracy+1","Cloak And Dagger","Deflect+1","Cloak And Dagger","Escape Plan","J.A.X."],"relics":["Ring of the Snake","Bronze Scales","Blue Candle","Sozu","Whetstone","Mercury Hourglass","Ninja Scroll","Bottled Tornado"],"potions_floor_usage":[14,14,16,18],"damage_taken":[{"damage":1,"enemies":"Cultist","floor":1,"turns":5},{"damage":10,"enemies":"Jaw Worm","floor":4,"turns":6},{"damage":39,"enemies":"Gremlin Nob","floor":7,"turns":5},{"damage":0,"enemies":"Small Slimes","floor":10,"turns":3},{"damage":12,"enemies":"Exordium Wildlife","floor":12,"turns":5},{"damage":0,"enemies":"Gremlin Gang","floor":14,"turns":3},{"damage":23,"enemies":"Slime Boss","floor":16,"turns":7},{"damage":16,"enemies":"2 Thieves","floor":18,"turns":4},{"damage":0,"enemies":"3 Byrds","floor":22,"turns":5},{"damage":25,"enemies":"Book of Stabbing","floor":23,"turns":5},{"damage":51,"enemies":"Gremlin Leader","floor":28,"turns":6},{"damage":14,"enemies":"3 Cultists","floor":30,"turns":4}],"seed_played":"6253710255736311228","potions_obtained":[{"floor":4,"key":"Energy Potion"},{"floor":12,"key":"Fire Potion"},{"floor":14,"key":"Fire Potion"},{"floor":16,"key":"SkillPotion"}],"is_trial":false,"path_per_floor":["M","?","$","M","$","R","E","R","T","M","?","M","$","M","R","B",null,"M","?","?","$","M","E","$","R","T","R","E","?"],"character_chosen":"THE_SILENT","items_purchased":["Magnetism","Infinite Blades","Accuracy","Cloak And Dagger","Whetstone"],"campfire_rested":4,"item_purchase_floors":[3,5,13,21,21],"current_hp_per_floor":[44,44,44,34,34,55,16,37,37,37,37,29,29,33,54,35,61,49,49,49,49,53,32,32,32,32,53,6,6,0],"gold":115,"neow_bonus":"TWO_FIFTY_GOLD","is_prod":false,"is_daily":false,"chose_seed":false,"campfire_upgraded":1,"win_rate":0,"timestamp":1534145079,"path_taken":["M","?","$","M","$","R","E","R","T","M","?","M","$","M","R","BOSS","M","?","?","$","M","E","?","R","T","R","E","?","?"],"build_version":"2018-08-09","purchased_purges":2,"victory":false,"max_hp_per_floor":[70,70,70,70,70,70,70,70,70,70,70,70,70,70,70,70,70,70,70,70,70,70,70,70,70,70,70,70,70,70],"card_choices":[{"not_picked":["Prepared","Calculated Gamble"],"picked":"Slice","floor":1},{"not_picked":["Dagger Spray","Bouncing Flask"],"picked":"Predator","floor":4},{"not_picked":["Riddle With Holes","Flying Knee"],"picked":"Cloak And Dagger","floor":7},{"not_picked":["Quick Slash","Setup"],"picked":"Flying Knee","floor":10},{"not_picked":["Backflip","Quick Slash"],"picked":"Blade Dance","floor":12},{"not_picked":["Dodge and Roll","Backflip"],"picked":"Cloak And Dagger","floor":14},{"not_picked":["Poisoned Stab+1","Flechettes+1"],"picked":"Deflect+1","floor":18},{"not_picked":["Quick Slash","Masterful Stab","Poisoned Stab+1"],"picked":"SKIP","floor":22},{"not_picked":["Reflex","Expertise+1"],"picked":"Escape Plan","floor":23},{"not_picked":["Noxious Fumes","Crippling Poison","Die Die Die"],"picked":"SKIP","floor":28}],"player_experience":428030,"relics_obtained":[{"floor":7,"key":"Bronze Scales"},{"floor":9,"key":"Blue Candle"},{"floor":23,"key":"Mercury Hourglass"},{"floor":26,"key":"Ninja Scroll"},{"floor":28,"key":"Bottled Tornado"}],"event_choices":[{"event_name":"Liars Game","player_choice":"agreed","floor":2,"damage_taken":0},{"event_name":"Match and Keep!","player_choice":"2 cards matched","floor":11,"damage_taken":0},{"event_name":"Ghosts","player_choice":"Ignored","floor":19,"damage_taken":0},{"event_name":"Back to Basics","player_choice":"Elegance","floor":20,"damage_taken":0},{"event_name":"Drug Dealer","player_choice":"Got JAXXED","floor":29,"damage_taken":0}],"is_beta":false,"boss_relics":[{"not_picked":["Runic Dome","Philosopher\u0027s Stone"],"picked":"Sozu"}],"items_purged_floors":[3,5],"is_endless":false,"potions_floor_spawned":[4,12,14,16,22,23,28],"killed_by":"3 Cultists","ascension_level":7}