{"gold_per_floor":[110,130,12,12,27,27,37,37,61,73,73,146,185,199,199,330,330,348,348,368,386,386,97,97,121,121,135,135,153,153,176,176,176],"floor_reached":33,"playtime":1869,"items_purged":[],"score":251,"play_id":"8024f80f-6aea-41cf-a883-b614a5746965","local_time":"20190322071750","is_ascension_mode":false,"campfire_choices":[{"data":"Bash","floor":6,"key":"SMITH"},{"data":"Infernal Blade","floor":15,"key":"SMITH"},{"data":"Trip","floor":24,"key":"SMITH"},{"data":"Shrug It Off","floor":28,"key":"SMITH"},{"data":"Shrug It Off","floor":30,"key":"SMITH"},{"data":"Rampage","floor":32,"key":"SMITH"}],"neow_cost":"NONE","seed_source_timestamp":55654510481393,"circlet_count":0,"master_deck":["Strike_R","Strike_R","Strike_R","Strike_R","Defend_R","Defend_R","Defend_R","Defend_R","Bash+1","Shrug It Off+1","Rampage+1","Anger","Shrug It Off+1","Twin Strike","Iron Wave","Perfected Strike","Anger","Iron Wave","Rupture","Infernal Blade+1","Impervious","Shockwave+1","Trip+1","True Grit+1","Blood for Blood","Enlightenment+1","Thunderclap","Flex+1","Perfected Strike+1","Rage+1"],"relics":["Burning Blood","NeowsBlessing","Potion Belt","Golden Idol","Kunai","Boot","Busted Crown","Toxic Egg 2","Lantern","Matryoshka"],"potions_floor_usage":[21,33,33,33,33,33],"damage_taken":[{"damage":0,"enemies":"Cultist","floor":1,"turns":1},{"damage":0,"enemies":"Jaw Worm","floor":2,"turns":1},{"damage":0,"enemies":"2 Louse","floor":5,"turns":1},{"damage":4,"enemies":"Looter","floor":7,"turns":3},{"damage":0,"enemies":"Exordium Wildlife","floor":10,"turns":3},{"damage":12,"enemies":"Gremlin Nob","floor":13,"turns":4},{"damage":8,"enemies":"Lots of Slimes","floor":14,"turns":5},{"damage":9,"enemies":"Slime Boss","floor":16,"turns":8},{"damage":1,"enemies":"Shell Parasite","floor":18,"turns":5},{"damage":12,"enemies":"Chosen","floor":20,"turns":5},{"damage":5,"enemies":"3 Cultists","floor":21,"turns":5},{"damage":8,"enemies":"Centurion and Healer","floor":25,"turns":5},{"damage":24,"enemies":"Chosen and Byrds","floor":27,"turns":8},{"damage":10,"enemies":"Snecko","floor":29,"turns":3},{"damage":8,"enemies":"Cultist and Chosen","floor":31,"turns":6},{"damage":43,"enemies":"Collector","floor":33,"turns":7}],"seed_played":"5262041599499910782","potions_obtained":[{"floor":7,"key":"Strength Potion"},{"floor":10,"key":"PowerPotion"},{"floor":14,"key":"Swift Potion"},{"floor":16,"key":"Explosive Potion"},{"floor":18,"key":"LiquidBronze"},{"floor":25,"key":"FearPotion"}],"is_trial":false,"path_per_floor":["M","M","$","?","M","R","M","?","T","M","?","T","E","M","R","B",null,"M","?","M","M","?","$","R","M","T","M","R","M","R","M","R","B"],"character_chosen":"IRONCLAD","items_purchased":["Anger","Shrug It Off","Twin Strike","Enlightenment+1","Lantern","Thunderclap"],"campfire_rested":0,"item_purchase_floors":[3,3,3,23,23,23],"current_hp_per_floor":[80,80,80,80,80,80,80,80,80,80,74,74,68,66,66,63,74,74,60,54,55,55,55,55,53,53,35,35,31,31,29,29,0],"gold":176,"neow_bonus":"THREE_ENEMY_KILL","is_prod":false,"is_daily":false,"chose_seed":false,"campfire_upgraded":6,"win_rate":0.0,"timestamp":1553203070,"path_taken":["M","M","?","?","M","R","?","?","T","M","?","?","E","M","R","BOSS","M","?","?","?","?","?","R","?","T","M","R","M","R","M","R","BOSS"],"build_version":"2019-01-23","purchased_purges":0,"victory":false,"max_hp_per_floor":[80,80,80,80,80,80,80,80,80,80,74,74,74,74,74,74,74,74,74,74,74,74,74,74,74,74,74,74,74,74,74,74,74],"card_choices":[{"not_picked":["Headbutt","Sword Boomerang"],"picked":"Shrug It Off","floor":1},{"not_picked":["Flex","Ghostly Armor"],"picked":"Rampage","floor":2},{"not_picked":["Bloodletting","Disarm"],"picked":"Perfected Strike","floor":5},{"not_picked":["Warcry","Whirlwind"],"picked":"Anger","floor":7},{"not_picked":["Bloodletting","Clash"],"picked":"Iron Wave","floor":10},{"not_picked":["Body Slam","Shrug It Off"],"picked":"Rupture","floor":13},{"not_picked":["Clothesline","Feed"],"picked":"Infernal Blade","floor":14},{"not_picked":["Dark Embrace","Offering"],"picked":"Impervious","floor":16},{"not_picked":[],"picked":"Shockwave+1","floor":18},{"not_picked":[],"picked":"True Grit+1","floor":20},{"not_picked":[],"picked":"Blood for Blood","floor":21},{"not_picked":[],"picked":"Flex+1","floor":25},{"not_picked":[],"picked":"Perfected Strike+1","floor":27},{"not_picked":[],"picked":"Rage+1","floor":29},{"not_picked":["Warcry+1"],"picked":"SKIP","floor":31}],"player_experience":15173,"relics_obtained":[{"floor":9,"key":"Potion Belt"},{"floor":12,"key":"Kunai"},{"floor":13,"key":"Boot"},{"floor":26,"key":"Matryoshka"}],"event_choices":[{"damage_healed":0,"gold_gain":0,"cards_transformed":["Strike_R"],"player_choice":"Transformed","damage_taken":0,"max_hp_gain":0,"max_hp_loss":0,"event_name":"Transmorgrifier","floor":4,"gold_loss":0,"cards_obtained":["Iron Wave"]},{"damage_healed":0,"gold_gain":0,"player_choice":"Leave","damage_taken":0,"max_hp_gain":0,"max_hp_loss":0,"event_name":"The Cleric","floor":8,"gold_loss":0},{"damage_healed":0,"gold_gain":0,"player_choice":"Lose Max HP","damage_taken":0,"relics_obtained":["Golden Idol"],"max_hp_gain":0,"max_hp_loss":6,"event_name":"Golden Idol","floor":11,"gold_loss":0},{"damage_healed":0,"gold_gain":0,"player_choice":"CARD ","damage_taken":14,"max_hp_gain":0,"max_hp_loss":0,"event_name":"Knowing Skull","floor":19,"potions_obtained":[],"gold_loss":0,"cards_obtained":["Trip"]},{"damage_healed":0,"gold_gain":0,"player_choice":"Opened","damage_taken":0,"relics_obtained":["Toxic Egg 2"],"max_hp_gain":0,"max_hp_loss":0,"event_name":"The Mausoleum","floor":22,"gold_loss":0}],"is_beta":false,"boss_relics":[{"not_picked":["Runic Pyramid","Ectoplasm"],"picked":"Busted Crown"}],"items_purged_floors":[],"is_endless":false,"potions_floor_spawned":[7,10,14,16,18,25,27,29],"killed_by":"Collector","ascension_level":0}