{"gold_per_floor":[109,109,109,70,70,70,87,87,87,112,176,194,77,38,38,114,114,126,143,143,155,174,174,229,229,276,276,276,311,360,73,73,151,151,169,183,283,302,302,302,337,337,337,368,387,414,431,461,461,461,461],"floor_reached":51,"playtime":3148,"items_purged":["Regret"],"score":1648,"play_id":"e0996359-593e-41b5-af57-9e30535ed505","local_time":"20181229203207","is_ascension_mode":true,"campfire_choices":[{"data":"Neutralize","floor":6.0,"key":"SMITH"},{"data":"Endless Agony","floor":15.0,"key":"SMITH"},{"data":"Cloak And Dagger","floor":23.0,"key":"SMITH"},{"data":"Blade Dance","floor":25.0,"key":"SMITH"},{"data":"Backflip","floor":27.0,"key":"SMITH"},{"floor":32.0,"key":"REST"},{"data":"Wraith Form v2","floor":40.0,"key":"SMITH"},{"data":"Backflip","floor":42.0,"key":"SMITH"},{"floor":49.0,"key":"RECALL"}],"neow_cost":"NONE","seed_source_timestamp":757728474989934,"circlet_count":0,"master_deck":["AscendersBane","Defend_G","Defend_G","Defend_G","Defend_G+1","Defend_G","Strike_G","Strike_G","Strike_G","Strike_G","Survivor+1","Neutralize+1","Backstab","Caltrops","Backflip+1","PiercingWail","Flying Knee","Well Laid Plans","Endless Agony+1","Die Die Die","Cloak And Dagger+1","Predator+1","Blade Dance+1","Wraith Form v2+1","Backflip+1","Deflect","Footwork"],"special_seed":0,"relics":["Ring of the Snake","NeowsBlessing","Ninja Scroll","Gremlin Horn","Ginger","Pantograph","Shuriken","Philosopher\u0027s Stone","MutagenicStrength","Tiny Chest","Potion Belt","Enchiridion","Vajra","War Paint","Ornamental Fan","WristBlade","Turnip","Pen Nib","Mercury Hourglass","Letter Opener","Frozen Egg 2"],"potions_floor_usage":[],"damage_taken":[{"damage":0.0,"enemies":"Cultist","floor":1.0,"turns":1.0},{"damage":0.0,"enemies":"Jaw Worm","floor":7.0,"turns":1.0},{"damage":0.0,"enemies":"3 Sentries","floor":10.0,"turns":1.0},{"damage":43.0,"enemies":"3 Sentries","floor":11.0,"turns":13.0},{"damage":0.0,"enemies":"Small Slimes","floor":12.0,"turns":2.0},{"damage":9.0,"enemies":"The Guardian","floor":16.0,"turns":13.0},{"damage":0.0,"enemies":"Chosen","floor":18.0,"turns":5.0},{"damage":7.0,"enemies":"2 Thieves","floor":19.0,"turns":3.0},{"damage":7.0,"enemies":"Cultist and Chosen","floor":21.0,"turns":5.0},{"damage":1.0,"enemies":"Centurion and Healer","floor":22.0,"turns":4.0},{"damage":3.0,"enemies":"Slavers","floor":24.0,"turns":3.0},{"damage":10.0,"enemies":"Gremlin Leader","floor":29.0,"turns":5.0},{"damage":15.0,"enemies":"Champ","floor":33.0,"turns":9.0},{"damage":0.0,"enemies":"3 Darklings","floor":35.0,"turns":3.0},{"damage":0.0,"enemies":"Orb Walker","floor":36.0,"turns":2.0},{"damage":15.0,"enemies":"Mind Bloom Boss Battle","floor":37.0,"turns":8.0},{"damage":8.0,"enemies":"Maw","floor":38.0,"turns":5.0},{"damage":1.0,"enemies":"Reptomancer","floor":41.0,"turns":4.0},{"damage":27.0,"enemies":"Nemesis","floor":44.0,"turns":5.0},{"damage":6.0,"enemies":"Spire Growth","floor":45.0,"turns":3.0},{"damage":0.0,"enemies":"Reptomancer","floor":46.0,"turns":3.0},{"damage":0.0,"enemies":"Sphere and 2 Shapes","floor":47.0,"turns":1.0},{"damage":0.0,"enemies":"Nemesis","floor":48.0,"turns":8.0},{"damage":36.0,"enemies":"Awakened One","floor":50.0,"turns":13.0},{"damage":71,"enemies":"Time Eater","floor":51,"turns":9}],"seed_played":"-1658071987870370776","potions_obtained":[{"floor":1.0,"key":"Block Potion"},{"floor":7.0,"key":"Ancient Potion"},{"floor":19.0,"key":"Strength Potion"},{"floor":22.0,"key":"Dexterity Potion"},{"floor":29.0,"key":"Energy Potion"},{"floor":33.0,"key":"SteroidPotion"},{"floor":35.0,"key":"Regen Potion"},{"floor":39.0,"key":"Strength Potion"},{"floor":41.0,"key":"Dexterity Potion"},{"floor":44.0,"key":"Regen Potion"},{"floor":48.0,"key":"GamblersBrew"}],"is_trial":false,"path_per_floor":["M","?","$","$","T","R","M","?","T","E","?","M","$","$","R","B",null,"M","M","?","M","M","R","E","R","T","R","?","E","T","$","R","B",null,"M","M","?","M","?","R","E","R","T","E","M","E","M","E","R","B","B"],"character_chosen":"THE_SILENT","items_purchased":["Caltrops","Well Laid Plans","Endless Agony","Ornamental Fan"],"campfire_rested":1,"item_purchase_floors":[4,13,14,31],"current_hp_per_floor":[59,59,59,59,59,59,59,59,59,59,16,16,16,16,16,32,58,58,51,51,44,43,43,40,40,40,40,19,9,9,9,28,38,59,59,59,51,57,57,57,56,56,56,29,23,32,32,32,32,21,0],"gold":461,"neow_bonus":"THREE_ENEMY_KILL","is_prod":false,"is_daily":false,"chose_seed":false,"campfire_upgraded":7,"win_rate":0,"timestamp":1546133527,"path_taken":["M","?","?","$","?","R","?","?","T","E","?","M","?","$","R","BOSS","M","M","?","M","M","R","E","R","T","R","?","E","?","$","R","BOSS","M","M","?","M","?","R","E","R","T","E","M","E","M","E","R","BOSS","BOSS"],"build_version":"2018-12-20","purchased_purges":1,"victory":false,"max_hp_per_floor":[66,66,66,66,66,66,66,66,66,66,66,66,66,66,66,66,66,66,66,66,66,66,66,66,66,66,66,66,66,66,66,66,66,66,66,66,66,66,66,66,66,66,66,66,66,66,66,66,66,66,66],"card_choices":[{"not_picked":["Dodge and Roll","Underhanded Strike"],"picked":"Backstab","floor":1.0},{"not_picked":["Bane","Masterful Stab"],"picked":"Backflip","floor":7.0},{"not_picked":["Heel Hook","Acrobatics"],"picked":"PiercingWail","floor":10.0},{"not_picked":["Quick Slash","Dagger Throw"],"picked":"Flying Knee","floor":11.0},{"not_picked":["Poisoned Stab","Reflex","Grand Finale"],"picked":"SKIP","floor":12.0},{"not_picked":["Adrenaline","Doppelganger"],"picked":"Die Die Die","floor":16.0},{"not_picked":["Endless Agony+1","Dodge and Roll"],"picked":"Cloak And Dagger","floor":18.0},{"not_picked":["Slice","Poisoned Stab+1","Bane"],"picked":"SKIP","floor":19.0},{"not_picked":["Quick Slash","Slice"],"picked":"Predator+1","floor":21.0},{"not_picked":["Reflex+1","Bane","Bouncing Flask"],"picked":"SKIP","floor":22.0},{"not_picked":["Bouncing Flask","Calculated Gamble"],"picked":"Blade Dance","floor":24.0},{"not_picked":["Noxious Fumes","Endless Agony","Catalyst+1"],"picked":"SKIP","floor":29.0},{"not_picked":["Burst","Night Terror"],"picked":"Wraith Form v2","floor":33.0},{"not_picked":["Sucker Punch","Underhanded Strike","Bane"],"picked":"SKIP","floor":35.0},{"not_picked":["Dagger Spray","Flechettes"],"picked":"Backflip","floor":36.0},{"not_picked":["Underhanded Strike","Choke+1","Slice"],"picked":"SKIP","floor":38.0},{"not_picked":["Expertise","Infinite Blades","Flying Knee+1"],"picked":"SKIP","floor":41.0},{"not_picked":["Endless Agony","Cloak And Dagger"],"picked":"Deflect","floor":44.0},{"not_picked":["Bane","Quick Slash","Heel Hook+1"],"picked":"SKIP","floor":45.0},{"not_picked":["Acrobatics+1","Heel Hook","Crippling Poison"],"picked":"SKIP","floor":46.0},{"not_picked":["Cloak And Dagger","Quick Slash"],"picked":"Footwork","floor":47.0},{"not_picked":["Choke","Poisoned Stab","Outmaneuver"],"picked":"SKIP","floor":48.0}],"player_experience":1105496,"relics_obtained":[{"floor":5.0,"key":"Ninja Scroll"},{"floor":9.0,"key":"Ginger"},{"floor":10.0,"key":"Pantograph"},{"floor":11.0,"key":"Shuriken"},{"floor":24.0,"key":"Tiny Chest"},{"floor":26.0,"key":"Potion Belt"},{"floor":28.0,"key":"Enchiridion"},{"floor":29.0,"key":"Vajra"},{"floor":30.0,"key":"War Paint"},{"floor":37.0,"key":"Turnip"},{"floor":41.0,"key":"Pen Nib"},{"floor":44.0,"key":"Mercury Hourglass"},{"floor":46.0,"key":"Letter Opener"},{"floor":48.0,"key":"Frozen Egg 2"}],"event_choices":[{"cards_removed":["Strike_G"],"damage_healed":0.0,"max_hp_gain":0.0,"max_hp_loss":0.0,"gold_gain":0.0,"event_name":"Bonfire Elementals","player_choice":"Offered Basic","floor":2.0,"gold_loss":0.0,"damage_taken":0.0},{"damage_healed":0.0,"max_hp_gain":0.0,"max_hp_loss":0.0,"gold_gain":0.0,"event_name":"Big Fish","player_choice":"Box","floor":8.0,"gold_loss":0.0,"damage_taken":0.0,"relics_obtained":["Gremlin Horn"],"cards_obtained":["Regret"]},{"damage_healed":0.0,"max_hp_gain":0.0,"max_hp_loss":0.0,"gold_gain":30.0,"event_name":"Dead Adventurer","player_choice":"Searched \u00273\u0027 times","floor":11.0,"gold_loss":0.0,"damage_taken":0.0},{"damage_healed":0.0,"max_hp_gain":0.0,"max_hp_loss":0.0,"gold_gain":0.0,"event_name":"Drug Dealer","player_choice":"Inject Mutagens","floor":20.0,"gold_loss":0.0,"damage_taken":0.0,"relics_obtained":["MutagenicStrength"]},{"damage_healed":0.0,"max_hp_gain":0.0,"max_hp_loss":0.0,"gold_gain":0.0,"event_name":"Cursed Tome","player_choice":"Obtained Book","floor":28.0,"gold_loss":0.0,"damage_taken":21.0},{"damage_healed":0.0,"max_hp_gain":0.0,"max_hp_loss":0.0,"gold_gain":0.0,"event_name":"MindBloom","player_choice":"Fight","floor":37.0,"gold_loss":0.0,"damage_taken":0.0},{"damage_healed":0.0,"max_hp_gain":0.0,"max_hp_loss":0.0,"gold_gain":0.0,"event_name":"Lab","player_choice":"Got Potions","floor":39.0,"gold_loss":0.0,"damage_taken":0.0}],"is_beta":false,"boss_relics":[{"not_picked":["Runic Dome","Coffee Dripper"],"picked":"Philosopher\u0027s Stone"},{"not_picked":["Lizard Tail","White Beast Statue"],"picked":"WristBlade"}],"items_purged_floors":[13],"is_endless":false,"potions_floor_spawned":[1,7,19,22,29,33,35,36,41,44,48],"killed_by":"Time Eater","ascension_level":20}