{"gold_per_floor":[416,432,451,451,451,451,470,18,18,34,34,73,73,117,117,117],"floor_reached":16,"playtime":956,"items_purged":[],"score":220,"play_id":"da91945b-43b0-4ac8-a222-4177d40fcc8c","local_time":"20190501005421","is_ascension_mode":true,"campfire_choices":[{"floor":6,"key":"REST"},{"floor":11,"key":"REST"},{"floor":15,"key":"REST"}],"neow_cost":"PERCENT_DAMAGE","seed_source_timestamp":570536659169908,"circlet_count":0,"master_deck":["AscendersBane","Defend_G","Defend_G","Defend_G","Defend_G","Defend_G","Strike_G","Strike_G","Strike_G+1","Strike_G","Strike_G","Survivor+1","Neutralize","Flechettes","Dagger Spray+1","Deadly Poison","Injury","Dagger Throw","Well Laid Plans","Prepared","Prepared"],"relics":["Ring of the Snake","Old Coin","Golden Idol","Ornamental Fan","Blood Vial","Kunai","Sundial"],"potions_floor_usage":[7,14,14,16],"damage_taken":[{"damage":4,"enemies":"Jaw Worm","floor":1,"turns":7},{"damage":4,"enemies":"Small Slimes","floor":2,"turns":4},{"damage":0,"enemies":"2 Louse","floor":3,"turns":3},{"damage":7,"enemies":"Large Slime","floor":7,"turns":6},{"damage":3,"enemies":"3 Louse","floor":10,"turns":3},{"damage":31,"enemies":"3 Sentries","floor":12,"turns":9},{"damage":11,"enemies":"Lagavulin","floor":14,"turns":6},{"damage":34,"enemies":"Hexaghost","floor":16,"turns":9}],"seed_played":"8520818180955140570","potions_obtained":[{"floor":2,"key":"SkillPotion"},{"floor":3,"key":"Ancient Potion"},{"floor":12,"key":"AttackPotion"},{"floor":14,"key":"LiquidBronze"}],"is_trial":false,"path_per_floor":["M","M","M","?","?","R","M","$","T","M","R","E","?","E","R","B"],"character_chosen":"THE_SILENT","items_purchased":["Ornamental Fan","Blood Vial"],"campfire_rested":3,"item_purchase_floors":[8,8],"current_hp_per_floor":[40,36,36,36,16,35,28,28,28,27,46,17,17,8,27,0],"gold":117,"neow_bonus":"ONE_RARE_RELIC","is_prod":false,"is_daily":false,"chose_seed":false,"campfire_upgraded":0,"win_rate":0,"timestamp":1556686461,"path_taken":["M","M","M","?","?","R","M","$","T","M","R","E","?","E","R","BOSS"],"build_version":"2019-01-23","purchased_purges":0,"victory":false,"max_hp_per_floor":[66,66,66,66,66,66,66,66,66,66,66,66,66,66,66,66],"card_choices":[{"not_picked":["Blade Dance","Slice"],"picked":"Flechettes","floor":1},{"not_picked":["Distraction","Outmaneuver"],"picked":"Dagger Spray","floor":2},{"not_picked":["Tools of the Trade","Accuracy"],"picked":"Deadly Poison","floor":3},{"not_picked":["Flying Knee","Acrobatics"],"picked":"Dagger Throw","floor":7},{"not_picked":["Slice","Dodge and Roll"],"picked":"Well Laid Plans","floor":10},{"not_picked":["Dagger Throw","Catalyst"],"picked":"Prepared","floor":12},{"not_picked":["Setup","Outmaneuver"],"picked":"Prepared","floor":14}],"player_experience":1340658,"relics_obtained":[{"floor":9,"key":"Kunai"},{"floor":12,"key":"Sundial"}],"event_choices":[{"damage_healed":0,"gold_gain":0,"player_choice":"Take Wound","damage_taken":0,"relics_obtained":["Golden Idol"],"max_hp_gain":0,"max_hp_loss":0,"event_name":"Golden Idol","floor":4,"gold_loss":0,"cards_obtained":["Injury"]},{"damage_healed":0,"gold_gain":0,"player_choice":"Entered Light","damage_taken":20,"max_hp_gain":0,"max_hp_loss":0,"event_name":"Shining Light","floor":5,"gold_loss":0,"cards_upgraded":["Survivor","Strike_G"]},{"damage_healed":0,"gold_gain":0,"player_choice":"Grow","damage_taken":0,"max_hp_gain":0,"max_hp_loss":0,"event_name":"Living Wall","floor":13,"gold_loss":0,"cards_upgraded":["Dagger Spray"]}],"is_beta":false,"boss_relics":[],"items_purged_floors":[],"is_endless":false,"potions_floor_spawned":[2,3,12,14],"killed_by":"Hexaghost","ascension_level":20}