{"gold_per_floor":[115,115,44,60,90,90,117,117,117,143,20,20,50,63,63,167,167,184,202,212,225,2,2,16,16,63,63,93,93,104,115,115,217,217,237,237,39,49,61,61,94,94,120,220,220,234,263,274,274,274],"floor_reached":51,"playtime":2440,"items_purged":["Strike_B","Writhe"],"score":1227,"play_id":"5452069d-fb84-4281-8ead-507c4f58d14a","local_time":"20190702195049","is_ascension_mode":true,"campfire_choices":[{"data":"Loop","floor":6,"key":"SMITH"},{"data":"Loop","floor":8,"key":"SMITH"},{"data":"Zap","floor":12,"key":"SMITH"},{"data":"Defragment","floor":15,"key":"SMITH"},{"floor":23,"key":"REST"},{"data":"Fusion","floor":25,"key":"SMITH"},{"data":"Turbo","floor":27,"key":"SMITH"},{"floor":29,"key":"REST"},{"data":"Consume","floor":32,"key":"SMITH"},{"data":"Self Repair","floor":40,"key":"SMITH"},{"floor":42,"key":"REST"},{"data":"Defragment","floor":45,"key":"SMITH"},{"data":"Seek","floor":49,"key":"SMITH"}],"neow_cost":"NONE","seed_source_timestamp":15847901783227,"circlet_count":0,"master_deck":["AscendersBane","Strike_B","Strike_B","Defend_B","Defend_B","Defend_B","Defend_B","Zap+1","Dualcast","Ball Lightning","Loop+1","Core Surge","FTL","Loop+1","Compile Driver","Defragment+1","Fusion+1","Electrodynamics","Sweeping Beam","Turbo+1","Cold Snap+1","Coolheaded+1","Darkness+1","Consume+1","Self Repair+1","Thunder Strike","White Noise","Lockon","Seek+1","Cold Snap+1","Recycle","Defragment+1","Coolheaded"],"relics":["FrozenCore","NeowsBlessing","Tiny Chest","Pantograph","Kunai","Blood Vial","Emotion Chip","Inserter","Membership Card","Art of War","Singing Bowl","Ice Cream","Potion Belt","Incense Burner","Strawberry"],"potions_floor_usage":[10,10,14,20,21,28,33,38,39,41,41,41,41,47],"damage_taken":[{"damage":0,"enemies":"Jaw Worm","floor":1,"turns":1},{"damage":0,"enemies":"Cultist","floor":4,"turns":1},{"damage":0,"enemies":"Gremlin Nob","floor":7,"turns":1},{"damage":20,"enemies":"3 Sentries","floor":10,"turns":4},{"damage":8,"enemies":"Gremlin Nob","floor":13,"turns":3},{"damage":0,"enemies":"2 Louse","floor":14,"turns":1},{"damage":32,"enemies":"Slime Boss","floor":16,"turns":5},{"damage":7,"enemies":"Chosen","floor":18,"turns":3},{"damage":1,"enemies":"Spheric Guardian","floor":19,"turns":3},{"damage":28,"enemies":"Shelled Parasite and Fungi","floor":20,"turns":4},{"damage":0,"enemies":"3 Cultists","floor":21,"turns":2},{"damage":7,"enemies":"Sentry and Sphere","floor":24,"turns":3},{"damage":36,"enemies":"Gremlin Leader","floor":28,"turns":4},{"damage":17,"enemies":"Centurion and Healer","floor":30,"turns":4},{"damage":8,"enemies":"Cultist and Chosen","floor":31,"turns":3},{"damage":53,"enemies":"Collector","floor":33,"turns":7},{"damage":7,"enemies":"Orb Walker","floor":35,"turns":5},{"damage":12,"enemies":"3 Shapes","floor":38,"turns":3},{"damage":34,"enemies":"Jaw Worm Horde","floor":39,"turns":4},{"damage":39,"enemies":"Reptomancer","floor":41,"turns":5},{"damage":12,"enemies":"Mind Bloom Boss Battle","floor":44,"turns":8},{"damage":11,"enemies":"Spire Growth","floor":46,"turns":5},{"damage":24,"enemies":"Giant Head","floor":47,"turns":10},{"damage":20,"enemies":"4 Shapes","floor":48,"turns":6},{"damage":57,"enemies":"Awakened One","floor":50,"turns":12}],"seed_played":"-3873927930232207138","potions_obtained":[{"floor":4,"key":"Fire Potion"},{"floor":7,"key":"Poison Potion"},{"floor":10,"key":"SkillPotion"},{"floor":14,"key":"PowerPotion"},{"floor":20,"key":"PowerPotion"},{"floor":33,"key":"EntropicBrew"},{"floor":38,"key":"Regen Potion"},{"floor":39,"key":"FocusPotion"},{"floor":46,"key":"Weak Potion"}],"is_trial":false,"path_per_floor":["M","?","$","M","?","R","E","R","T","E","$","R","E","M","R","B",null,"M","M","M","M","$","R","M","R","T","R","E","R","M","M","R","B",null,"M","?","$","M","M","R","E","R","T","?","R","M","E","M","R","B",null],"character_chosen":"DEFECT","items_purchased":["Core Surge","Fire Potion","Membership Card","PowerPotion","White Noise","Lockon","Seek","Block Potion"],"campfire_rested":3,"item_purchase_floors":[3,11,22,22,37,37,37,37],"current_hp_per_floor":[68,68,68,68,56,56,56,56,56,36,36,36,30,32,32,27,63,58,59,33,35,35,57,52,52,52,52,18,40,25,28,28,9,60,64,79,79,74,58,58,33,57,57,79,79,82,76,70,70,35],"gold":274,"neow_bonus":"THREE_ENEMY_KILL","is_prod":false,"is_daily":false,"chose_seed":false,"campfire_upgraded":10,"win_rate":0,"timestamp":1562061049,"path_taken":["M","?","?","M","?","R","E","R","T","E","?","R","E","?","R","BOSS","M","M","M","M","?","R","M","R","T","R","E","R","M","M","R","BOSS","M","?","$","M","M","R","E","R","T","?","R","M","E","?","R","BOSS"],"build_version":"2019-07-01","purchased_purges":2,"victory":true,"max_hp_per_floor":[75,75,75,75,75,75,75,75,75,75,75,75,75,75,75,75,75,75,75,75,75,75,75,75,75,75,75,75,75,75,77,77,77,77,79,79,79,79,79,79,81,81,81,81,81,83,90,92,92,92],"card_choices":[{"not_picked":["Sweeping Beam","Gash"],"picked":"Ball Lightning","floor":1},{"not_picked":["Hologram","Steam"],"picked":"FTL","floor":4},{"not_picked":["Rebound","Sweeping Beam"],"picked":"Loop","floor":7},{"not_picked":["Gash","Steam"],"picked":"Compile Driver","floor":10},{"not_picked":["Seek","Compile Driver"],"picked":"Defragment","floor":13},{"not_picked":["Compile Driver","Gash"],"picked":"Fusion","floor":14},{"not_picked":["Creative AI","Rainbow"],"picked":"Electrodynamics","floor":16},{"not_picked":["Loop","Go for the Eyes"],"picked":"Sweeping Beam","floor":18},{"not_picked":["Redo","Barrage"],"picked":"Turbo","floor":19},{"not_picked":["Sunder","Coolheaded"],"picked":"Cold Snap+1","floor":20},{"not_picked":["Storm","Glacier"],"picked":"Coolheaded+1","floor":21},{"not_picked":["Fission","Streamline"],"picked":"Darkness+1","floor":24},{"not_picked":["Aggregate","Undo"],"picked":"Consume","floor":28},{"not_picked":["Compile Driver","Turbo"],"picked":"Self Repair","floor":30},{"not_picked":["Conserve Battery","Reinforced Body","Storm+1"],"picked":"Singing Bowl","floor":31},{"not_picked":["Reboot","Seek"],"picked":"Thunder Strike","floor":33},{"not_picked":["Ball Lightning","Coolheaded","Auto Shields+1"],"picked":"Singing Bowl","floor":35},{"not_picked":["Steam+1","Coolheaded"],"picked":"Cold Snap+1","floor":38},{"not_picked":["Go for the Eyes+1","Darkness"],"picked":"Recycle","floor":39},{"not_picked":["Steam","Aggregate","Leap+1"],"picked":"Singing Bowl","floor":41},{"not_picked":["FTL","Streamline"],"picked":"Defragment","floor":44},{"not_picked":["Coolheaded","Genetic Algorithm","Darkness+1"],"picked":"Singing Bowl","floor":46},{"not_picked":["Ball Lightning","Electrodynamics"],"picked":"Coolheaded","floor":47},{"not_picked":["Storm+1","Compile Driver","Chill"],"picked":"Singing Bowl","floor":48}],"player_experience":900045,"relics_obtained":[{"floor":7,"key":"Pantograph"},{"floor":9,"key":"Kunai"},{"floor":10,"key":"Blood Vial"},{"floor":13,"key":"Emotion Chip"},{"floor":26,"key":"Art of War"},{"floor":28,"key":"Singing Bowl"},{"floor":41,"key":"Ice Cream"},{"floor":43,"key":"Potion Belt"},{"floor":44,"key":"Incense Burner"},{"floor":47,"key":"Strawberry"}],"event_choices":[{"damage_healed":0,"gold_gain":0,"cards_transformed":["Strike_B"],"player_choice":"Transformed","damage_taken":0,"max_hp_gain":0,"max_hp_loss":0,"event_name":"Transmorgrifier","floor":2,"gold_loss":0,"cards_obtained":["Loop"]},{"damage_healed":0,"gold_gain":0,"player_choice":"Success","damage_taken":12,"relics_obtained":["Tiny Chest"],"max_hp_gain":0,"max_hp_loss":0,"event_name":"Scrap Ooze","floor":5,"gold_loss":0},{"damage_healed":20,"gold_gain":0,"player_choice":"Writhe","damage_taken":0,"max_hp_gain":0,"max_hp_loss":0,"event_name":"Winding Halls","floor":36,"gold_loss":0,"cards_obtained":["Writhe"]},{"damage_healed":0,"gold_gain":0,"player_choice":"Fight","damage_taken":0,"max_hp_gain":0,"max_hp_loss":0,"event_name":"MindBloom","floor":44,"gold_loss":0}],"is_beta":false,"boss_relics":[{"not_picked":["Nuclear Battery","Astrolabe"],"picked":"Inserter"},{"not_picked":["Velvet Choker","Black Star"],"picked":"FrozenCore"}],"items_purged_floors":[11,37],"is_endless":false,"potions_floor_spawned":[4,7,10,14,19,20,33,38,39,46],"ascension_level":12}