{"gold_per_floor":[215,228,228,303,318,318,345,35,58,58,78,94,119,131,131,131],"floor_reached":16,"playtime":652,"items_purged":[],"score":129,"play_id":"e2ece610-6518-40e9-bf1f-1c9dc327497d","local_time":"20190425214801","is_ascension_mode":true,"campfire_choices":[{"data":"Body Slam","floor":6,"key":"SMITH"},{"floor":10,"key":"REST"},{"floor":15,"key":"REST"}],"neow_cost":"NONE","seed_source_timestamp":4632177026462,"circlet_count":0,"master_deck":["Strike_R","Strike_R","Strike_R+1","Strike_R+1","Strike_R","Defend_R","Defend_R","Defend_R","Defend_R","Bash","Blood for Blood","Body Slam+1","Perfected Strike","Double Tap","Battle Trance","Uppercut","Warcry","Spot Weakness","Iron Wave","Whirlwind"],"relics":["Burning Blood","Orichalcum","Medical Kit","Lantern","Shuriken"],"potions_floor_usage":[7,12,13],"damage_taken":[{"damage":5,"enemies":"Small Slimes","floor":1,"turns":4},{"damage":11,"enemies":"Jaw Worm","floor":2,"turns":4},{"damage":5,"enemies":"Cultist","floor":5,"turns":4},{"damage":41,"enemies":"Lagavulin","floor":7,"turns":7},{"damage":11,"enemies":"Gremlin Gang","floor":11,"turns":5},{"damage":22,"enemies":"Exordium Thugs","floor":12,"turns":4},{"damage":15,"enemies":"3 Sentries","floor":13,"turns":6},{"damage":2,"enemies":"2 Fungi Beasts","floor":14,"turns":3},{"damage":39,"enemies":"The Guardian","floor":16,"turns":7}],"seed_played":"4662935683335490096","potions_obtained":[{"floor":2,"key":"EssenceOfSteel"},{"floor":5,"key":"FearPotion"},{"floor":12,"key":"Energy Potion"}],"is_trial":false,"path_per_floor":["M","M","?","?","M","R","E","$","T","R","M","M","E","M","R","B"],"character_chosen":"IRONCLAD","items_purchased":["Medical Kit","Battle Trance","Uppercut"],"campfire_rested":2,"item_purchase_floors":[8,8,8],"current_hp_per_floor":[80,75,59,48,49,49,14,14,14,38,33,17,8,12,36,0],"gold":131,"neow_bonus":"HUNDRED_GOLD","is_prod":false,"is_daily":false,"chose_seed":false,"campfire_upgraded":1,"win_rate":0,"timestamp":1556192881,"path_taken":["M","M","?","?","M","R","E","$","T","R","?","M","E","M","R","BOSS"],"build_version":"2019-01-23","purchased_purges":0,"victory":false,"max_hp_per_floor":[80,80,80,80,80,80,80,80,80,80,80,80,80,80,80,80],"card_choices":[{"not_picked":["Thunderclap","Clash"],"picked":"Blood for Blood","floor":1},{"not_picked":["Fire Breathing","Iron Wave"],"picked":"Body Slam","floor":2},{"not_picked":["Havoc","Warcry"],"picked":"Perfected Strike","floor":5},{"not_picked":["Warcry","Havoc"],"picked":"Double Tap","floor":7},{"not_picked":["Perfected Strike","Bloodletting"],"picked":"Warcry","floor":11},{"not_picked":["Headbutt","Demon Form"],"picked":"Spot Weakness","floor":12},{"not_picked":["Clash","Flex"],"picked":"Iron Wave","floor":13},{"not_picked":["Blood for Blood","Feel No Pain"],"picked":"Whirlwind","floor":14}],"player_experience":478501,"relics_obtained":[{"floor":7,"key":"Orichalcum"},{"floor":9,"key":"Lantern"},{"floor":13,"key":"Shuriken"}],"event_choices":[{"damage_healed":0,"gold_gain":0,"player_choice":"Entered Light","damage_taken":16,"max_hp_gain":0,"max_hp_loss":0,"event_name":"Shining Light","floor":3,"gold_loss":0,"cards_upgraded":["Strike_R","Strike_R"]},{"damage_healed":0,"gold_gain":75,"player_choice":"Gather Gold","damage_taken":11,"max_hp_gain":0,"max_hp_loss":0,"event_name":"World of Goop","floor":4,"gold_loss":0}],"is_beta":false,"boss_relics":[],"items_purged_floors":[],"is_endless":false,"potions_floor_spawned":[2,5,12],"killed_by":"The Guardian","ascension_level":3}