{"gold_per_floor":[115,127,127,145,27,57,57,57,84,101,131,131,131,145,145,145],"floor_reached":16,"playtime":761,"items_purged":[],"score":116,"play_id":"8cad66d2-06aa-4ceb-8d67-c36be0f51d24","local_time":"20190421165209","is_ascension_mode":true,"campfire_choices":[{"data":"Poisoned Stab","floor":8,"key":"SMITH"},{"floor":12,"key":"REST"},{"data":"Catalyst","floor":15,"key":"SMITH"}],"neow_cost":"NONE","seed_source_timestamp":5429907509384,"circlet_count":0,"master_deck":["Defend_G","Defend_G","Defend_G","Defend_G","Defend_G","Strike_G","Strike_G","Strike_G","Strike_G","Survivor","Neutralize","Dagger Throw","Deadly Poison","Poisoned Stab+1","Catalyst+1","Dagger Throw","Dagger Throw","Backflip","Cloak And Dagger","Tactician"],"relics":["Ring of the Snake","Lantern","Dream Catcher","Juzu Bracelet"],"potions_floor_usage":[6,16,16],"damage_taken":[{"damage":0,"enemies":"Jaw Worm","floor":1,"turns":3},{"damage":0,"enemies":"Cultist","floor":2,"turns":3},{"damage":0,"enemies":"Small Slimes","floor":4,"turns":3},{"damage":5,"enemies":"3 Sentries","floor":6,"turns":8},{"damage":3,"enemies":"2 Fungi Beasts","floor":10,"turns":4},{"damage":9,"enemies":"Gremlin Nob","floor":11,"turns":4},{"damage":5,"enemies":"Lots of Slimes","floor":14,"turns":4},{"damage":70,"enemies":"Slime Boss","floor":16,"turns":11}],"seed_played":"6556443040943615012","potions_obtained":[{"floor":2,"key":"Regen Potion"},{"floor":3,"key":"Strength Potion"},{"floor":3,"key":"AttackPotion"},{"floor":6,"key":"Ancient Potion"},{"floor":10,"key":"AttackPotion"},{"floor":14,"key":"Swift Potion"}],"is_trial":false,"path_per_floor":["M","M","?","M","$","E","?","R","T","M","E","R","?","M","R","B"],"character_chosen":"THE_SILENT","items_purchased":["Catalyst","Dagger Throw"],"campfire_rested":1,"item_purchase_floors":[5,5],"current_hp_per_floor":[70,70,70,70,70,65,58,58,58,55,46,67,67,62,62,0],"gold":145,"neow_bonus":"RANDOM_COMMON_RELIC","is_prod":false,"is_daily":false,"chose_seed":false,"campfire_upgraded":2,"win_rate":0,"timestamp":1555829529,"path_taken":["M","M","?","M","?","E","?","R","T","M","E","R","?","M","R","BOSS"],"build_version":"2019-01-23","purchased_purges":0,"victory":false,"max_hp_per_floor":[70,70,70,70,70,70,70,70,70,70,70,70,70,70,70,70],"card_choices":[{"not_picked":["Outmaneuver","Predator"],"picked":"Dagger Throw","floor":1},{"not_picked":["Reflex","Prepared"],"picked":"Deadly Poison","floor":2},{"not_picked":["Choke","Dagger Throw"],"picked":"Poisoned Stab","floor":4},{"not_picked":["Wraith Form v2","Flying Knee"],"picked":"Dagger Throw","floor":6},{"not_picked":["Masterful Stab","Blade Dance"],"picked":"Backflip","floor":10},{"not_picked":["Dagger Throw","Predator"],"picked":"Cloak And Dagger","floor":11},{"not_picked":["Setup","Outmaneuver"],"picked":"Tactician","floor":14}],"player_experience":384198,"relics_obtained":[{"floor":6,"key":"Dream Catcher"},{"floor":11,"key":"Juzu Bracelet"}],"event_choices":[{"damage_healed":0,"gold_gain":0,"player_choice":"Got Potions","damage_taken":0,"max_hp_gain":0,"max_hp_loss":0,"event_name":"Lab","floor":3,"gold_loss":0},{"cards_removed":["Strike_G"],"damage_healed":0,"gold_gain":0,"player_choice":"Card Removal","damage_taken":7,"max_hp_gain":0,"max_hp_loss":0,"event_name":"Golden Wing","floor":7,"gold_loss":0},{"damage_healed":0,"gold_gain":0,"player_choice":"Ignored","damage_taken":0,"max_hp_gain":0,"max_hp_loss":0,"event_name":"Shining Light","floor":13,"gold_loss":0}],"is_beta":false,"boss_relics":[],"items_purged_floors":[],"is_endless":false,"potions_floor_spawned":[2,6,10,14],"killed_by":"Slime Boss","ascension_level":1}