{"gold_per_floor":[111,111,111,128,128,128,159,171,171,171,185,218,236,271,271,271],"floor_reached":16,"playtime":884,"items_purged":[],"score":240,"play_id":"d8986216-183f-4569-9a13-f6a912295e23","local_time":"20190104110726","is_ascension_mode":true,"campfire_choices":[{"data":"Flechettes","floor":6,"key":"SMITH"},{"data":"Neutralize","floor":10,"key":"SMITH"},{"floor":15,"key":"REST"}],"neow_cost":"NONE","seed_source_timestamp":812764434789153,"circlet_count":0,"master_deck":["AscendersBane","Defend_G","Defend_G","Defend_G","Defend_G","Defend_G","Strike_G","Strike_G","Strike_G","Survivor","Neutralize+1","Flechettes+1","Dagger Spray+1","Bouncing Flask","Finisher","Deflect","Backflip","PiercingWail"],"relics":["Ring of the Snake","Calipers","Turnip","The Courier","Bag of Preparation"],"potions_floor_usage":[7,12,13,14],"damage_taken":[{"damage":1,"enemies":"Small Slimes","floor":1,"turns":4},{"damage":0,"enemies":"2 Louse","floor":4,"turns":2},{"damage":16,"enemies":"Lagavulin","floor":7,"turns":6},{"damage":0,"enemies":"Cultist","floor":8,"turns":4},{"damage":0,"enemies":"2 Fungi Beasts","floor":11,"turns":2},{"damage":11,"enemies":"Gremlin Nob","floor":12,"turns":3},{"damage":13,"enemies":"Exordium Thugs","floor":13,"turns":4},{"damage":4,"enemies":"Lagavulin","floor":14,"turns":5},{"damage":31,"enemies":"Hexaghost","floor":16,"turns":9}],"seed_played":"-4081712898695622966","potions_obtained":[{"floor":4,"key":"EssenceOfSteel"},{"floor":7,"key":"Strength Potion"},{"floor":12,"key":"GamblersBrew"},{"floor":13,"key":"Swift Potion"}],"is_trial":false,"path_per_floor":["M","?","?","M","?","R","E","M","T","R","M","E","M","E","R","B"],"character_chosen":"THE_SILENT","items_purchased":[],"campfire_rested":1,"item_purchase_floors":[],"current_hp_per_floor":[58,58,51,51,51,51,35,35,35,35,35,24,11,7,26,0],"gold":271,"neow_bonus":"THREE_CARDS","is_prod":false,"is_daily":false,"chose_seed":false,"campfire_upgraded":2,"win_rate":0,"timestamp":1546618046,"path_taken":["M","?","?","M","?","R","E","M","T","R","M","E","M","E","R","BOSS"],"build_version":"2019-01-03v3","purchased_purges":0,"victory":false,"max_hp_per_floor":[66,66,66,66,66,66,66,66,66,66,66,66,66,66,66,66],"card_choices":[{"not_picked":["Expertise","Setup"],"picked":"Flechettes","floor":0},{"not_picked":["Flying Knee","Prepared"],"picked":"Dagger Spray","floor":1},{"not_picked":["Flechettes","Slice","Setup"],"picked":"SKIP","floor":4},{"not_picked":["Escape Plan","Tactician","Distraction"],"picked":"SKIP","floor":7},{"not_picked":["Infinite Blades","Sucker Punch","Acrobatics"],"picked":"SKIP","floor":8},{"not_picked":["Accuracy","Expertise"],"picked":"Finisher","floor":11},{"not_picked":["After Image","Expertise"],"picked":"Deflect","floor":12},{"not_picked":["Poisoned Stab","Blade Dance"],"picked":"Backflip","floor":13},{"not_picked":["Reflex","Dagger Spray"],"picked":"PiercingWail","floor":14}],"player_experience":1148761,"relics_obtained":[{"floor":7,"key":"Calipers"},{"floor":9,"key":"Turnip"},{"floor":12,"key":"The Courier"},{"floor":14,"key":"Bag of Preparation"}],"event_choices":[{"damage_healed":0,"gold_gain":0,"player_choice":"Grow","damage_taken":0,"max_hp_gain":0,"max_hp_loss":0,"event_name":"Living Wall","floor":2,"gold_loss":0,"cards_upgraded":["Dagger Spray"]},{"cards_removed":["Strike_G"],"damage_healed":0,"gold_gain":0,"player_choice":"Card Removal","damage_taken":7,"max_hp_gain":0,"max_hp_loss":0,"event_name":"Golden Wing","floor":3,"gold_loss":0},{"damage_healed":0,"gold_gain":0,"cards_transformed":["Strike_G"],"player_choice":"Transformed","damage_taken":0,"max_hp_gain":0,"max_hp_loss":0,"event_name":"Transmorgrifier","floor":5,"gold_loss":0,"cards_obtained":["Bouncing Flask"]}],"is_beta":false,"boss_relics":[],"items_purged_floors":[],"is_endless":false,"potions_floor_spawned":[4,7,12,13],"killed_by":"Hexaghost","ascension_level":20}