{"gold_per_floor":[118,135,135,4,18,18,18,48,72,72,72,92,12,28,28,129,129,145,145,160,0,99,99,134,134,134,144,144,159,172,187,187,290,290,303,319,319,93,108,118,218,236,236,236,5,25,25,45,45,45],"floor_reached":51,"playtime":6959,"items_purged":[],"score":671,"play_id":"373df56a-abd2-46e8-915b-2a417dfcca75","local_time":"20190911100645","is_ascension_mode":false,"campfire_choices":[{"data":"Defragment","floor":6,"key":"SMITH"},{"floor":11,"key":"REST"},{"data":"Defragment","floor":15,"key":"SMITH"},{"data":"Coolheaded","floor":23,"key":"SMITH"},{"floor":32,"key":"REST"},{"floor":44,"key":"REST"},{"floor":47,"key":"REST"},{"data":"Hologram","floor":49,"key":"SMITH"}],"neow_cost":"NONE","seed_source_timestamp":67178941893533,"circlet_count":0,"master_deck":["Strike_B","Strike_B","Strike_B","Strike_B+1","Defend_B","Defend_B","Defend_B","Defend_B","Zap","Dualcast","Panacea","Cold Snap","Gash","Meteor Strike+1","Forethought","Defragment+1","Coolheaded+1","Go for the Eyes","Auto Shields","Go for the Eyes","Defragment+1","FTL","Seek","Doubt","Clumsy","Decay","Leap+1","Cold Snap+1","Gash","Hello World+1","Hologram+1","Go for the Eyes","Coolheaded","Reboot","Steam Power+1","Ball Lightning","Writhe","Hologram+1","Glacier","Redo+1","Machine Learning","All For One","Loop","Coolheaded","Coolheaded","Gash"],"relics":["Cracked Core","Regal Pillow","Bronze Scales","Calling Bell","DataDisk","Pear","Ginger","Lantern","Emotion Chip","Pantograph","Nuclear Battery","Orichalcum","Ice Cream","Mercury Hourglass"],"potions_floor_usage":[31,31,50],"damage_taken":[{"damage":1,"enemies":"Jaw Worm","floor":1,"turns":5},{"damage":0,"enemies":"Cultist","floor":2,"turns":3},{"damage":7,"enemies":"Small Slimes","floor":5,"turns":4},{"damage":17,"enemies":"3 Sentries","floor":8,"turns":10},{"damage":6,"enemies":"2 Fungi Beasts","floor":12,"turns":3},{"damage":19,"enemies":"Lots of Slimes","floor":14,"turns":3},{"damage":13,"enemies":"The Guardian","floor":16,"turns":12},{"damage":4,"enemies":"3 Byrds","floor":18,"turns":4},{"damage":8,"enemies":"Chosen","floor":20,"turns":6},{"damage":4,"enemies":"Book of Stabbing","floor":24,"turns":7},{"damage":17,"enemies":"Sentry and Sphere","floor":27,"turns":5},{"damage":11,"enemies":"Snake Plant","floor":29,"turns":3},{"damage":7,"enemies":"Chosen and Byrds","floor":30,"turns":6},{"damage":22,"enemies":"Snecko","floor":31,"turns":5},{"damage":24,"enemies":"Collector","floor":33,"turns":20},{"damage":14,"enemies":"3 Shapes","floor":35,"turns":5},{"damage":18,"enemies":"3 Darklings","floor":36,"turns":9},{"damage":23,"enemies":"Jaw Worm Horde","floor":39,"turns":8},{"damage":4,"enemies":"Sphere and 2 Shapes","floor":40,"turns":7},{"damage":0,"enemies":"Mind Bloom Boss Battle","floor":41,"turns":10},{"damage":10,"enemies":"Spire Growth","floor":42,"turns":5},{"damage":31,"enemies":"Jaw Worm Horde","floor":46,"turns":7},{"damage":1,"enemies":"Maw","floor":48,"turns":9},{"damage":29,"enemies":"Time Eater","floor":50,"turns":17}],"seed_played":"-1093464509111860716","potions_obtained":[{"floor":14,"key":"SneckoOil"},{"floor":16,"key":"Swift Potion"},{"floor":24,"key":"SteroidPotion"},{"floor":27,"key":"Energy Potion"},{"floor":31,"key":"Energy Potion"}],"is_trial":false,"path_per_floor":["M","M","?","$","M","R","?","E","T","?","R","M","$","M","R","B",null,"M","?","M","?","?","R","E","?","T","M","?","M","M","M","R","B",null,"M","M","?","$","M","M","?","M","T","R","$","M","R","M","R","B",null],"character_chosen":"DEFECT","items_purchased":["Defragment","Coolheaded","Defragment","Orichalcum","FocusPotion","All For One","Loop","Coolheaded"],"campfire_rested":4,"item_purchase_floors":[4,4,13,38,38,45,45,45],"current_hp_per_floor":[74,74,74,74,67,67,52,35,35,35,72,66,66,47,47,34,85,81,81,73,73,73,73,69,69,69,52,52,41,34,12,52,53,85,71,53,74,74,51,47,72,62,62,85,85,54,85,84,84,56],"gold":45,"neow_bonus":"RANDOM_COLORLESS","is_prod":false,"is_daily":false,"chose_seed":false,"campfire_upgraded":4,"win_rate":0,"timestamp":1568207205,"path_taken":["M","M","?","$","?","R","?","E","T","?","R","M","$","M","R","BOSS","M","?","?","?","?","R","E","?","T","M","?","M","M","M","R","BOSS","M","M","?","$","M","M","?","?","T","R","$","M","R","M","R","BOSS"],"build_version":"2019-07-17","purchased_purges":0,"victory":true,"max_hp_per_floor":[75,75,75,75,75,75,75,75,75,75,75,75,75,75,75,75,85,85,85,85,85,85,85,85,85,85,85,85,85,85,85,85,85,85,85,85,85,85,85,85,85,85,85,85,85,85,85,85,85,85],"card_choices":[{"not_picked":["Sweeping Beam","Rebound"],"picked":"Cold Snap","floor":1},{"not_picked":["White Noise","Go for the Eyes"],"picked":"Gash","floor":2},{"not_picked":["Cold Snap","Barrage"],"picked":"Go for the Eyes","floor":5},{"not_picked":["Static Discharge","Barrage"],"picked":"Auto Shields","floor":8},{"not_picked":["Ball Lightning","Sunder"],"picked":"Go for the Eyes","floor":12},{"not_picked":["Sweeping Beam","Loop"],"picked":"FTL","floor":14},{"not_picked":["Echo Form","Electrodynamics"],"picked":"Seek","floor":16},{"not_picked":["Barrage","Redo"],"picked":"Leap+1","floor":18},{"not_picked":["Consume+1","Rebound"],"picked":"Cold Snap+1","floor":20},{"not_picked":["Hyperbeam","Stack"],"picked":"Gash","floor":24},{"not_picked":["Ball Lightning+1","Sweeping Beam"],"picked":"Hello World+1","floor":27},{"not_picked":["Stack+1","Hello World"],"picked":"Hologram","floor":29},{"not_picked":["Beam Cell","Doom and Gloom"],"picked":"Go for the Eyes","floor":30},{"not_picked":["Redo+1","Storm"],"picked":"Coolheaded","floor":31},{"not_picked":["Multi-Cast","Core Surge"],"picked":"Reboot","floor":33},{"not_picked":["Hello World","Leap"],"picked":"Steam Power+1","floor":35},{"not_picked":["Cold Snap","Melter+1"],"picked":"Ball Lightning","floor":36},{"not_picked":["Go for the Eyes","Undo+1"],"picked":"Hologram+1","floor":39},{"not_picked":["Beam Cell+1","Sweeping Beam+1"],"picked":"Glacier","floor":40},{"not_picked":["Sweeping Beam+1","FTL"],"picked":"Redo+1","floor":41},{"not_picked":["Tempest","Lockon+1"],"picked":"Machine Learning","floor":42},{"not_picked":["Double Energy+1","Streamline+1"],"picked":"Coolheaded","floor":46},{"not_picked":["Force Field+1","Conserve Battery"],"picked":"Gash","floor":48}],"player_experience":134529,"relics_obtained":[{"floor":8,"key":"Regal Pillow"},{"floor":9,"key":"Bronze Scales"},{"floor":17,"key":"DataDisk"},{"floor":17,"key":"Pear"},{"floor":17,"key":"Ginger"},{"floor":24,"key":"Lantern"},{"floor":26,"key":"Emotion Chip"},{"floor":41,"key":"Ice Cream"},{"floor":43,"key":"Mercury Hourglass"}],"event_choices":[{"damage_healed":0,"gold_gain":0,"player_choice":"2 cards matched","damage_taken":0,"max_hp_gain":0,"max_hp_loss":0,"event_name":"Match and Keep!","floor":3,"gold_loss":0,"cards_obtained":["Meteor Strike","Forethought"]},{"damage_healed":0,"gold_gain":0,"player_choice":"Entered Light","damage_taken":15,"max_hp_gain":0,"max_hp_loss":0,"event_name":"Shining Light","floor":7,"gold_loss":0,"cards_upgraded":["Meteor Strike","Strike_B"]},{"damage_healed":0,"gold_gain":0,"player_choice":"Fled","damage_taken":0,"max_hp_gain":0,"max_hp_loss":0,"event_name":"Scrap Ooze","floor":10,"gold_loss":0},{"damage_healed":0,"gold_gain":0,"player_choice":"Ignored","damage_taken":0,"max_hp_gain":0,"max_hp_loss":0,"event_name":"NoteForYourself","floor":19,"gold_loss":0},{"damage_healed":0,"gold_gain":0,"player_choice":"Paid Fearfully","damage_taken":0,"max_hp_gain":0,"max_hp_loss":0,"event_name":"Masked Bandits","floor":21,"gold_loss":160},{"damage_healed":0,"gold_gain":99,"player_choice":"Stole From Cult","damage_taken":0,"max_hp_gain":0,"max_hp_loss":0,"event_name":"Nest","floor":22,"gold_loss":0},{"damage_healed":0,"gold_gain":0,"player_choice":"Ignored","damage_taken":0,"max_hp_gain":0,"max_hp_loss":0,"event_name":"Cursed Tome","floor":25,"gold_loss":0},{"damage_healed":0,"gold_gain":0,"player_choice":"Opened","damage_taken":0,"relics_obtained":["Pantograph"],"max_hp_gain":0,"max_hp_loss":0,"event_name":"The Mausoleum","floor":28,"gold_loss":0},{"damage_healed":21,"gold_gain":0,"player_choice":"Writhe","damage_taken":0,"max_hp_gain":0,"max_hp_loss":0,"event_name":"Winding Halls","floor":37,"gold_loss":0,"cards_obtained":["Writhe"]},{"damage_healed":0,"gold_gain":0,"player_choice":"Fight","damage_taken":0,"max_hp_gain":0,"max_hp_loss":0,"event_name":"MindBloom","floor":41,"gold_loss":0}],"is_beta":false,"boss_relics":[{"not_picked":["Ectoplasm","Busted Crown"],"picked":"Calling Bell"},{"not_picked":["Cursed Key","Empty Cage"],"picked":"Nuclear Battery"}],"items_purged_floors":[],"is_endless":false,"potions_floor_spawned":[14,16,24,27,31,40,41],"ascension_level":0}