{"gold_per_floor":[112,112,50,69,80,80,113,126,126,153,153,170,170,95,95,95],"floor_reached":16,"playtime":573,"items_purged":["Strike_G"],"score":187,"play_id":"d770fc97-8007-4420-9b29-ddba8d32ecd3","local_time":"20181220030707","is_ascension_mode":true,"campfire_choices":[{"data":"Predator","floor":6,"key":"SMITH"},{"floor":11,"key":"REST"},{"floor":13,"key":"REST"},{"data":"Dagger Throw","floor":15,"key":"SMITH"}],"neow_cost":"NONE","seed_source_timestamp":545957264721266,"circlet_count":0,"master_deck":["AscendersBane","Defend_G","Defend_G","Defend_G","Defend_G","Defend_G","Strike_G","Strike_G","Strike_G","Strike_G","Survivor","Neutralize","Sucker Punch","Predator+1","Underhanded Strike","Reflex","Dagger Throw+1","Footwork"],"relics":["Ring of the Snake","NeowsBlessing","Vajra","Prayer Wheel","Juzu Bracelet"],"potions_floor_usage":[7,10,16],"damage_taken":[{"damage":0,"enemies":"Small Slimes","floor":1,"turns":2},{"damage":0,"enemies":"Jaw Worm","floor":4,"turns":1},{"damage":0,"enemies":"Cultist","floor":5,"turns":1},{"damage":8,"enemies":"Gremlin Nob","floor":7,"turns":5},{"damage":5,"enemies":"3 Louse","floor":8,"turns":3},{"damage":48,"enemies":"Lagavulin","floor":10,"turns":9},{"damage":7,"enemies":"Gremlin Gang","floor":12,"turns":5},{"damage":39,"enemies":"Hexaghost","floor":16,"turns":11}],"seed_played":"-3330509453358463520","potions_obtained":[{"floor":1,"key":"Block Potion"},{"floor":7,"key":"SneckoOil"},{"floor":10,"key":"FearPotion"}],"is_trial":false,"path_per_floor":["M","?","?","M","M","R","E","M","T","E","R","M","R","$","R","B"],"character_chosen":"THE_SILENT","items_purchased":[],"campfire_rested":2,"item_purchase_floors":[],"current_hp_per_floor":[59,64,64,64,64,64,56,51,51,3,24,17,38,38,38,0],"gold":95,"neow_bonus":"THREE_ENEMY_KILL","is_prod":false,"is_daily":false,"chose_seed":false,"campfire_upgraded":2,"win_rate":0,"timestamp":1545293227,"path_taken":["M","?","?","?","M","R","E","M","T","E","R","M","R","$","R","BOSS"],"build_version":"2018-12-13","purchased_purges":1,"victory":false,"max_hp_per_floor":[66,71,71,71,71,71,71,71,71,71,71,71,71,71,71,71],"card_choices":[{"not_picked":["Endless Agony","Backflip"],"picked":"Sucker Punch","floor":1},{"not_picked":["Deadly Poison","Setup"],"picked":"Predator","floor":4},{"not_picked":["Deflect","Quick Slash"],"picked":"Underhanded Strike","floor":5},{"not_picked":["Eviscerate","Masterful Stab","Setup"],"picked":"SKIP","floor":7},{"not_picked":["Bane","Blade Dance","Deflect"],"picked":"SKIP","floor":8},{"not_picked":["Bane","Quick Slash","Storm of Steel"],"picked":"SKIP","floor":8},{"not_picked":["Masterful Stab","Well Laid Plans"],"picked":"Reflex","floor":10},{"not_picked":["Dagger Spray","Outmaneuver"],"picked":"Dagger Throw","floor":12},{"not_picked":["Setup","Footwork","Crippling Poison"],"picked":"SKIP","floor":12},{"not_picked":["Setup","Crippling Poison"],"picked":"Footwork","floor":12}],"player_experience":926172,"relics_obtained":[{"floor":7,"key":"Prayer Wheel"},{"floor":10,"key":"Juzu Bracelet"}],"event_choices":[{"damage_healed":0,"gold_gain":0,"player_choice":"Donut","damage_taken":0,"max_hp_gain":5,"max_hp_loss":0,"event_name":"Big Fish","floor":2,"gold_loss":0},{"damage_healed":0,"gold_gain":0,"player_choice":"Paid Gold","damage_taken":0,"relics_obtained":["Vajra"],"max_hp_gain":0,"max_hp_loss":0,"event_name":"WeMeetAgain","floor":3,"gold_loss":62}],"is_beta":false,"boss_relics":[],"items_purged_floors":[14],"is_endless":false,"potions_floor_spawned":[1,7,10],"killed_by":"Hexaghost","ascension_level":14}