{"gold_per_floor":[18,18,32,32,46,46,90,90,90,126,126,149,149],"floor_reached":13,"playtime":760,"items_purged":[],"score":177,"play_id":"be0e863e-cd8b-4c32-8ada-3ae2351dae87","local_time":"20190716144213","is_ascension_mode":true,"campfire_choices":[{"data":"Carnage","floor":6,"key":"SMITH"},{"data":"Fiend Fire","floor":8,"key":"SMITH"}],"neow_cost":"NO_GOLD","seed_source_timestamp":317762962096599,"circlet_count":0,"master_deck":["AscendersBane","Strike_R","Strike_R","Strike_R","Strike_R","Strike_R","Defend_R","Defend_R","Defend_R","Defend_R","Bash","Carnage+1","Battle Trance","Clothesline","Fiend Fire+1","Flame Barrier+1"],"relics":["Burning Blood","Golden Idol","Unceasing Top","Self Forming Clay","Matryoshka"],"potions_floor_usage":[3,10,12],"damage_taken":[{"damage":19,"enemies":"Small Slimes","floor":1,"turns":4},{"damage":7,"enemies":"2 Louse","floor":3,"turns":2},{"damage":1,"enemies":"Cultist","floor":5,"turns":3},{"damage":42,"enemies":"Lagavulin","floor":7,"turns":6},{"damage":26,"enemies":"Gremlin Nob","floor":10,"turns":4},{"damage":10,"enemies":"Exordium Thugs","floor":12,"turns":4},{"damage":18,"enemies":"Large Slime","floor":13,"turns":1}],"seed_played":"-8727196671849535474","potions_obtained":[{"floor":1,"key":"SkillPotion"},{"floor":5,"key":"GamblersBrew"},{"floor":7,"key":"Weak Potion"}],"is_trial":false,"path_per_floor":["M","?","M","?","M","R","E","R","T","E","?","M","M"],"character_chosen":"IRONCLAD","items_purchased":[],"campfire_rested":0,"item_purchase_floors":[],"current_hp_per_floor":[69,69,68,73,78,78,42,42,42,22,22,18,0],"gold":149,"neow_bonus":"TWENTY_PERCENT_HP_BONUS","is_prod":false,"is_daily":false,"chose_seed":false,"campfire_upgraded":2,"win_rate":0,"timestamp":1563302533,"path_taken":["M","?","M","?","M","R","E","R","T","E","?","M","?"],"build_version":"2019-07-05","purchased_purges":0,"victory":false,"max_hp_per_floor":[89,81,81,86,86,86,86,86,86,86,86,86,86],"card_choices":[{"not_picked":["Sword Boomerang","Rage"],"picked":"Carnage","floor":1},{"not_picked":["Clash","Sword Boomerang"],"picked":"Battle Trance","floor":3},{"not_picked":["Heavy Blade","Battle Trance"],"picked":"Clothesline","floor":5},{"not_picked":["Evolve","Twin Strike"],"picked":"Fiend Fire","floor":7},{"not_picked":["Hemokinesis","Disarm"],"picked":"Flame Barrier","floor":10},{"not_picked":["Sever Soul","Headbutt","Body Slam"],"picked":"SKIP","floor":12}],"player_experience":1604519,"relics_obtained":[{"floor":7,"key":"Unceasing Top"},{"floor":9,"key":"Self Forming Clay"},{"floor":10,"key":"Matryoshka"}],"event_choices":[{"damage_healed":0,"gold_gain":0,"player_choice":"Lose Max HP","damage_taken":0,"relics_obtained":["Golden Idol"],"max_hp_gain":0,"max_hp_loss":8,"event_name":"Golden Idol","floor":2,"gold_loss":0},{"damage_healed":0,"gold_gain":0,"player_choice":"Donut","damage_taken":0,"max_hp_gain":5,"max_hp_loss":0,"event_name":"Big Fish","floor":4,"gold_loss":0},{"damage_healed":0,"gold_gain":0,"player_choice":"Forge","damage_taken":0,"max_hp_gain":0,"max_hp_loss":0,"event_name":"Accursed Blacksmith","floor":11,"gold_loss":0,"cards_upgraded":["Flame Barrier"]}],"is_beta":false,"boss_relics":[],"items_purged_floors":[],"is_endless":false,"potions_floor_spawned":[1,5,7],"killed_by":"Large Slime","ascension_level":18}