{"gold_per_floor":[119,119,37,55,72,72,107,107,163,163,197,28,46,76,76,179,179,191,191,290,302,58,83,83,47,74,74,99,99,109,125,125,227,227,242,257,257,132,207,57,76,87,87,87,117,117,117,128,128,128],"floor_reached":51,"playtime":3330,"items_purged":["Strike_G","Strike_G","Strike_G+1","Strike_G+1"],"score":763,"play_id":"5445310d-8449-43f3-b6b0-e9b4786185a7","local_time":"20190729144445","is_ascension_mode":true,"campfire_choices":[{"data":"Deadly Poison","floor":6.0,"key":"SMITH"},{"data":"Deadly Poison","floor":8.0,"key":"SMITH"},{"data":"Neutralize","floor":10.0,"key":"SMITH"},{"data":"Blur","floor":15.0,"key":"SMITH"},{"floor":27.0,"key":"REST"},{"data":"Well Laid Plans","floor":29.0,"key":"SMITH"},{"data":"Leg Sweep","floor":32.0,"key":"SMITH"},{"data":"Noxious Fumes","floor":47,"key":"SMITH"},{"floor":49,"key":"REST"}],"neow_cost":"NONE","seed_source_timestamp":0,"circlet_count":0,"master_deck":["Strike_G+1","Defend_G+1","Defend_G+1","Defend_G+1","Defend_G+1","Defend_G+1","Survivor","Neutralize+1","Deadly Poison+1","Deadly Poison+1","Blur+1","Finesse","Leg Sweep+1","Deadly Poison+1","Well Laid Plans+1","Bouncing Flask+1","Adrenaline","Noxious Fumes+1","Noxious Fumes"],"special_seed":0,"relics":["Ring of the Snake","NeowsBlessing","Omamori","Dream Catcher","Tiny Chest","Boot","Odd Mushroom","Velvet Choker","Calipers","Bronze Scales","Pen Nib","Regal Pillow","Bottled Tornado","Lizard Tail","Mummified Hand","Ninja Scroll","Meat on the Bone","Pantograph"],"potions_floor_usage":[50,50],"damage_taken":[{"damage":0.0,"enemies":"2 Louse","floor":1.0,"turns":1.0},{"damage":0.0,"enemies":"Cultist","floor":4.0,"turns":1.0},{"damage":0.0,"enemies":"Small Slimes","floor":5.0,"turns":1.0},{"damage":25.0,"enemies":"Lagavulin","floor":7.0,"turns":7.0},{"damage":19.0,"enemies":"3 Sentries","floor":11.0,"turns":9.0},{"damage":0.0,"enemies":"Looter","floor":13.0,"turns":3.0},{"damage":1.0,"enemies":"The Mushroom Lair","floor":14.0,"turns":4.0},{"damage":25.0,"enemies":"Slime Boss","floor":16.0,"turns":10.0},{"damage":0.0,"enemies":"Shell Parasite","floor":18.0,"turns":5.0},{"damage":10.0,"enemies":"3 Byrds","floor":21.0,"turns":5.0},{"damage":43.0,"enemies":"Gremlin Leader","floor":23.0,"turns":7.0},{"damage":5.0,"enemies":"Book of Stabbing","floor":28.0,"turns":4.0},{"damage":0.0,"enemies":"Centurion and Healer","floor":30.0,"turns":5.0},{"damage":0.0,"enemies":"Shelled Parasite and Fungi","floor":31.0,"turns":4.0},{"damage":52.0,"enemies":"Collector","floor":33.0,"turns":8.0},{"damage":9.0,"enemies":"3 Shapes","floor":35.0,"turns":5.0},{"damage":0.0,"enemies":"Orb Walker","floor":36.0,"turns":4.0},{"damage":2,"enemies":"4 Shapes","floor":41,"turns":6},{"damage":7,"enemies":"Jaw Worm Horde","floor":42,"turns":5},{"damage":6,"enemies":"Giant Head","floor":45,"turns":8},{"damage":0,"enemies":"Sphere and 2 Shapes","floor":48,"turns":5},{"damage":61,"enemies":"Awakened One","floor":50,"turns":15}],"seed_played":"2708547933635715790","potions_obtained":[{"floor":1.0,"key":"GhostInAJar"},{"floor":5.0,"key":"GhostInAJar"},{"floor":11.0,"key":"GamblersBrew"},{"floor":13.0,"key":"Fire Potion"},{"floor":18.0,"key":"Strength Potion"},{"floor":30.0,"key":"Explosive Potion"},{"floor":33.0,"key":"GamblersBrew"},{"floor":41,"key":"PowerPotion"}],"is_trial":false,"path_per_floor":["M","?","?","M","M","R","E","R","T","R","E","$","M","?","R","B",null,"M","?","?","M","$","E","?","$","T","R","E","R","M","M","R","B",null,"M","M","?","$","?","$","M","M","T","T","E","T","R","M","R","B",null],"character_chosen":"THE_SILENT","items_purchased":["Finesse","Bronze Scales","Well Laid Plans"],"campfire_rested":2,"item_purchase_floors":[12,22,25],"current_hp_per_floor":[70,75,75,75,75,75,50,50,50,50,31,31,31,30,30,5,75,75,75,75,65,65,22,22,22,22,59,54,54,54,54,54,2,75,66,66,66,66,59,59,57,50,50,50,44,44,44,44,75,26],"gold":128,"neow_bonus":"THREE_ENEMY_KILL","is_prod":false,"is_daily":false,"chose_seed":false,"campfire_upgraded":7,"win_rate":0,"timestamp":1564404285,"path_taken":["M","?","?","M","?","R","E","R","T","R","E","?","M","?","R","BOSS","M","?","?","M","$","E","?","$","T","R","E","R","M","M","R","BOSS","M","M","?","$","?","$","M","?","T","?","E","?","R","?","R","BOSS"],"build_version":"2019-07-17","purchased_purges":4,"victory":true,"max_hp_per_floor":[70,75,75,75,75,75,75,75,75,75,75,75,75,75,75,75,75,75,75,75,75,75,75,75,75,75,75,75,75,75,75,75,75,75,75,75,75,75,75,75,75,75,75,75,75,75,75,75,75,75],"card_choices":[{"not_picked":["Terror","Prepared","All Out Attack"],"picked":"SKIP","floor":1.0},{"not_picked":["Caltrops","Slice","All Out Attack"],"picked":"SKIP","floor":4.0},{"not_picked":["Flying Knee","Backflip"],"picked":"Deadly Poison","floor":5.0},{"not_picked":["Storm of Steel","All Out Attack"],"picked":"Deadly Poison","floor":7.0},{"not_picked":["Cloak And Dagger","Expertise"],"picked":"Blur","floor":11.0},{"not_picked":["Deadly Poison","Crippling Poison","Sucker Punch"],"picked":"SKIP","floor":13.0},{"not_picked":["Cloak And Dagger","Prepared+1","Masterful Stab+1"],"picked":"SKIP","floor":18.0},{"not_picked":["Infinite Blades+1","Dodge and Roll"],"picked":"Leg Sweep","floor":21.0},{"not_picked":["Masterful Stab+1","Accuracy"],"picked":"Deadly Poison+1","floor":23.0},{"not_picked":["All Out Attack","Sucker Punch+1"],"picked":"Bouncing Flask+1","floor":27.0},{"not_picked":["Sucker Punch","Dagger Throw","Backstab"],"picked":"SKIP","floor":28.0},{"not_picked":["Cloak And Dagger+1","Crippling Poison+1","Wraith Form v2"],"picked":"SKIP","floor":30.0},{"not_picked":["Dagger Spray","Bouncing Flask","Prepared+1"],"picked":"SKIP","floor":31.0},{"not_picked":["Wraith Form v2","Glass Knife"],"picked":"Adrenaline","floor":33.0},{"not_picked":["Dagger Throw+1","Dash+1"],"picked":"Noxious Fumes","floor":35.0},{"not_picked":["Accuracy","Poisoned Stab+1","Bane"],"picked":"SKIP","floor":36.0},{"not_picked":["Masterful Stab+1","Dagger Throw+1","Bane+1"],"picked":"SKIP","floor":41},{"not_picked":["Calculated Gamble+1","Sucker Punch","Blade Dance"],"picked":"SKIP","floor":42},{"not_picked":["Backstab+1","Infinite Blades+1"],"picked":"Noxious Fumes","floor":45},{"not_picked":["Masterful Stab","Flying Knee","Heel Hook+1"],"picked":"SKIP","floor":48}],"player_experience":87863,"relics_obtained":[{"floor":7.0,"key":"Dream Catcher"},{"floor":9.0,"key":"Tiny Chest"},{"floor":11.0,"key":"Boot"},{"floor":14.0,"key":"Odd Mushroom"},{"floor":23.0,"key":"Pen Nib"},{"floor":26.0,"key":"Regal Pillow"},{"floor":28.0,"key":"Bottled Tornado"},{"floor":43,"key":"Mummified Hand"},{"floor":44,"key":"Ninja Scroll"},{"floor":45,"key":"Meat on the Bone"},{"floor":46,"key":"Pantograph"}],"event_choices":[{"damage_healed":0.0,"max_hp_gain":5.0,"max_hp_loss":0.0,"gold_gain":0.0,"event_name":"Big Fish","player_choice":"Donut","floor":2.0,"gold_loss":0.0,"damage_taken":0.0},{"damage_healed":0.0,"max_hp_gain":0.0,"max_hp_loss":0.0,"gold_gain":0.0,"event_name":"WeMeetAgain","player_choice":"Paid Gold","floor":3.0,"gold_loss":82.0,"damage_taken":0.0,"relics_obtained":["Omamori"]},{"damage_healed":0.0,"max_hp_gain":0.0,"max_hp_loss":0.0,"gold_gain":0.0,"event_name":"Mushrooms","player_choice":"Fought Mushrooms","floor":14.0,"gold_loss":0.0,"damage_taken":0.0},{"damage_healed":0.0,"max_hp_gain":0.0,"max_hp_loss":0.0,"gold_gain":0.0,"event_name":"The Mausoleum","player_choice":"Opened","floor":19.0,"gold_loss":0.0,"damage_taken":0.0,"relics_obtained":["Calipers"],"cards_obtained":["Writhe"]},{"damage_healed":0.0,"max_hp_gain":0.0,"max_hp_loss":0.0,"gold_gain":99.0,"event_name":"Nest","player_choice":"Stole From Cult","floor":20.0,"gold_loss":0.0,"damage_taken":0.0},{"damage_healed":0.0,"max_hp_gain":0.0,"max_hp_loss":0.0,"gold_gain":0.0,"event_name":"Back to Basics","player_choice":"Simplicity","floor":24.0,"gold_loss":0.0,"damage_taken":0.0,"cards_upgraded":["Strike_G","Strike_G","Strike_G","Defend_G","Defend_G","Defend_G","Defend_G","Defend_G"]},{"damage_healed":0,"gold_gain":0,"player_choice":"Ignored","damage_taken":0,"max_hp_gain":0,"max_hp_loss":0,"event_name":"Mysterious Sphere","floor":37,"gold_loss":0},{"damage_healed":0,"gold_gain":75,"player_choice":"Touch","damage_taken":7,"max_hp_gain":0,"max_hp_loss":0,"event_name":"FaceTrader","floor":39,"gold_loss":0}],"is_beta":false,"boss_relics":[{"not_picked":["Black Star","Snecko Eye"],"picked":"Velvet Choker"},{"not_picked":["HoveringKite","Fusion Hammer"],"picked":"Lizard Tail"}],"items_purged_floors":[12,22,38,40],"is_endless":false,"potions_floor_spawned":[1,5,11,13,18,30,33,41,45,48],"ascension_level":2}