{"gold_per_floor":[213,225,241,241,241,241,241,281,281,281,315,333,368,27,27,120,120,140,153,174,174,192,192,9,42,67,67,105,158,183,198,198,288,288,302,321,321,654,10,37,49,72,84,96,126,150,162,202,214,226,238,250,33,58,58],"floor_reached":55,"playtime":7072,"items_purged":[],"score":1422,"play_id":"7850e83a-28c9-477e-af82-fb63b22e8870","local_time":"20190726023922","is_ascension_mode":true,"campfire_choices":[{"data":"Zap","floor":6.0,"key":"SMITH"},{"floor":10.0,"key":"REST"},{"floor":15.0,"key":"REST"},{"data":"Fission","floor":23.0,"key":"SMITH"},{"floor":27.0,"key":"REST"},{"floor":32.0,"key":"REST"},{"data":"Buffer","floor":41.0,"key":"SMITH"},{"data":"Dualcast","floor":44.0,"key":"SMITH"},{"floor":49.0,"key":"RECALL"},{"data":"Chill","floor":52.0,"key":"SMITH"}],"neow_cost":"NONE","seed_source_timestamp":79196164464925,"circlet_count":0,"master_deck":["AscendersBane","Strike_B","Strike_B","Defend_B","Defend_B","Defend_B","Zap+1","Dualcast+1","Rebound","Glacier","Ball Lightning+1","Melter+1","Undo","Conserve Battery","Capacitor","Fission+1","Chill","Compile Driver","Chill+1","Genetic Algorithm","Aggregate","Go for the Eyes+1","BootSequence","Reboot","FTL+1","Buffer+1","Stack","Hologram","Coolheaded","Capacitor","Turbo+1","Multi-Cast","Static Discharge","Double Energy","Coolheaded+1"],"special_seed":0,"relics":["FrozenCore","Boot","Question Card","Centennial Puzzle","Lantern","Dead Branch","Tiny Chest","Bird Faced Urn","Potion Belt","Whetstone","Bronze Scales","Coffee Dripper","Ornamental Fan","Chemical X","MawBank","PreservedInsect","Du-Vu Doll"],"potions_floor_usage":[],"damage_taken":[{"damage":3.0,"enemies":"2 Louse","floor":1.0,"turns":3.0},{"damage":0.0,"enemies":"Small Slimes","floor":2.0,"turns":3.0},{"damage":4.0,"enemies":"Jaw Worm","floor":3.0,"turns":4.0},{"damage":16.0,"enemies":"3 Sentries","floor":8.0,"turns":7.0},{"damage":17.0,"enemies":"Gremlin Nob","floor":11.0,"turns":4.0},{"damage":3.0,"enemies":"Red Slaver","floor":12.0,"turns":3.0},{"damage":8.0,"enemies":"Lagavulin","floor":13.0,"turns":5.0},{"damage":5.0,"enemies":"The Guardian","floor":16.0,"turns":14.0},{"damage":0.0,"enemies":"Shell Parasite","floor":18.0,"turns":8.0},{"damage":7.0,"enemies":"2 Thieves","floor":19.0,"turns":5.0},{"damage":22.0,"enemies":"Centurion and Healer","floor":20.0,"turns":8.0},{"damage":0.0,"enemies":"Snecko","floor":22.0,"turns":9.0},{"damage":13.0,"enemies":"Book of Stabbing","floor":25.0,"turns":6.0},{"damage":4.0,"enemies":"Gremlin Leader","floor":28.0,"turns":9.0},{"damage":16.0,"enemies":"Snake Plant","floor":30.0,"turns":3.0},{"damage":1.0,"enemies":"Centurion and Healer","floor":31.0,"turns":7.0},{"damage":38.0,"enemies":"Collector","floor":33.0,"turns":13.0},{"damage":0.0,"enemies":"3 Shapes","floor":35.0,"turns":4.0},{"damage":0.0,"enemies":"Orb Walker","floor":36.0,"turns":4.0},{"damage":0.0,"enemies":"Writhing Mass","floor":37.0,"turns":2.0},{"damage":58.0,"enemies":"Giant Head","floor":40.0,"turns":12.0},{"damage":0.0,"enemies":"Transient","floor":42.0,"turns":5.0},{"damage":19.0,"enemies":"3 Darklings","floor":45.0,"turns":8.0},{"damage":8.0,"enemies":"Writhing Mass","floor":46.0,"turns":4.0},{"damage":0.0,"enemies":"Reptomancer","floor":48.0,"turns":8.0},{"damage":1.0,"enemies":"Time Eater","floor":50.0,"turns":18.0},{"damage":63,"enemies":"Shield and Spear","floor":54,"turns":9},{"damage":45,"enemies":"The Heart","floor":55,"turns":3}],"seed_played":"533007535676914537","potions_obtained":[{"floor":2.0,"key":"Poison Potion"},{"floor":8.0,"key":"Explosive Potion"},{"floor":12.0,"key":"AttackPotion"},{"floor":20.0,"key":"SkillPotion"},{"floor":31.0,"key":"SmokeBomb"},{"floor":33.0,"key":"Energy Potion"},{"floor":35.0,"key":"Weak Potion"},{"floor":40.0,"key":"FocusPotion"},{"floor":42.0,"key":"Poison Potion"}],"is_trial":false,"path_per_floor":["M","M","M","?","?","R","?","E","T","R","E","M","E","$","R","B",null,"M","M","M","?","M","R","$","E","T","R","E","T","M","M","R","B",null,"M","M","M","?","$","E","R","M","T","R","M","M","?","E","R","B",null,"R","$","E","B"],"character_chosen":"DEFECT","items_purchased":["Dead Branch","Tiny Chest","FearPotion","Ornamental Fan","Hologram","Chemical X","Fruit Juice","Static Discharge","Energy Potion","Double Energy"],"campfire_rested":4,"item_purchase_floors":[14,24,24,39,39,39,39,53,53,53],"current_hp_per_floor":[61,61,57,50,50,50,50,34,34,53,36,33,25,25,44,39,58,58,51,29,29,29,29,29,16,16,35,37,37,21,30,49,17,52,58,62,64,64,69,11,11,21,21,21,32,30,30,40,40,49,62,62,62,7,0],"gold":58,"neow_bonus":"HUNDRED_GOLD","is_prod":false,"is_daily":false,"chose_seed":false,"campfire_upgraded":5,"win_rate":0,"timestamp":1564123162,"path_taken":["M","M","M","?","?","R","?","E","T","R","E","?","E","?","R","BOSS","M","M","M","?","M","R","$","E","T","R","E","?","M","M","R","BOSS","M","M","M","?","$","E","R","M","T","R","M","M","?","E","R","BOSS","R","$","E","BOSS"],"build_version":"2019-07-17","purchased_purges":0,"victory":false,"max_hp_per_floor":[71,71,71,71,71,71,64,64,64,64,64,64,64,64,64,64,64,64,64,64,64,64,64,64,64,64,64,64,64,64,64,64,64,64,64,64,64,64,69,69,69,69,69,69,69,69,66,66,66,66,66,66,66,66,66],"card_choices":[{"not_picked":["Stack","Self Repair"],"picked":"Rebound","floor":1.0},{"not_picked":["Sunder","Ball Lightning"],"picked":"Glacier","floor":2.0},{"not_picked":["Cold Snap","Turbo"],"picked":"Ball Lightning","floor":3.0},{"not_picked":["Sweeping Beam","Coolheaded"],"picked":"Melter","floor":8.0},{"not_picked":["Conserve Battery","Compile Driver","Gash"],"picked":"Undo","floor":11.0},{"not_picked":["Redo","Go for the Eyes","Gash"],"picked":"Conserve Battery","floor":12.0},{"not_picked":["Heatsinks","Consume","Chill"],"picked":"Capacitor","floor":13.0},{"not_picked":["Thunder Strike","All For One","Seek"],"picked":"Fission","floor":16.0},{"not_picked":["Conserve Battery","Streamline","Hologram+1"],"picked":"Chill","floor":18.0},{"not_picked":["Conserve Battery","Rebound","Coolheaded"],"picked":"Compile Driver","floor":19.0},{"not_picked":["Steam Power","Sunder","Compile Driver"],"picked":"Chill","floor":20.0},{"not_picked":["Aggregate","Streamline","Leap+1"],"picked":"Go for the Eyes+1","floor":22.0},{"not_picked":["Turbo","Leap+1","Heatsinks"],"picked":"BootSequence","floor":25.0},{"not_picked":["Static Discharge","Loop","Conserve Battery"],"picked":"Reboot","floor":28.0},{"not_picked":["Steam Power","Storm","Heatsinks","Chill"],"picked":"SKIP","floor":30.0},{"not_picked":["Barrage","Rebound","Redo"],"picked":"FTL+1","floor":31.0},{"not_picked":["Core Surge","Rainbow","Amplify"],"picked":"Buffer","floor":33.0},{"not_picked":["Conserve Battery+1","Fusion","Force Field"],"picked":"Stack","floor":35.0},{"not_picked":["Coolheaded","Stack","Redo","Sweeping Beam"],"picked":"SKIP","floor":36.0},{"not_picked":["All For One","Hyperbeam","Conserve Battery+1"],"picked":"Coolheaded","floor":40.0},{"not_picked":["Coolheaded","Doom and Gloom","Chaos"],"picked":"Capacitor","floor":42.0},{"not_picked":["Leap","Gash","Capacitor","Coolheaded"],"picked":"SKIP","floor":45.0},{"not_picked":["Compile Driver","Beam Cell","Steam Power"],"picked":"Turbo+1","floor":46.0},{"not_picked":["Steam+1","Barrage+1","Reprogram+1"],"picked":"Multi-Cast","floor":48.0},{"not_picked":["Redo+1","Streamline","Rebound"],"picked":"Coolheaded+1","floor":54}],"player_experience":1618124,"relics_obtained":[{"floor":8.0,"key":"Boot"},{"floor":9.0,"key":"Question Card"},{"floor":11.0,"key":"Centennial Puzzle"},{"floor":13.0,"key":"Lantern"},{"floor":25.0,"key":"Bird Faced Urn"},{"floor":26.0,"key":"Potion Belt"},{"floor":28.0,"key":"Whetstone"},{"floor":29.0,"key":"Bronze Scales"},{"floor":40.0,"key":"MawBank"},{"floor":48.0,"key":"PreservedInsect"},{"floor":54,"key":"Du-Vu Doll"}],"event_choices":[{"cards_removed":["Strike_B"],"damage_healed":0.0,"max_hp_gain":0.0,"max_hp_loss":0.0,"gold_gain":0.0,"event_name":"Golden Wing","player_choice":"Card Removal","floor":4.0,"gold_loss":0.0,"damage_taken":7.0},{"damage_healed":0.0,"max_hp_gain":0.0,"max_hp_loss":0.0,"gold_gain":0.0,"event_name":"Liars Game","player_choice":"Ignored","floor":5.0,"gold_loss":0.0,"damage_taken":0.0},{"damage_healed":0.0,"max_hp_gain":0.0,"max_hp_loss":7.0,"gold_gain":0.0,"event_name":"Golden Idol","player_choice":"Lose Max HP","floor":7.0,"gold_loss":0.0,"damage_taken":0.0,"relics_obtained":["Golden Idol"]},{"damage_healed":0.0,"max_hp_gain":0.0,"max_hp_loss":0.0,"gold_gain":0.0,"cards_transformed":["Strike_B","Defend_B"],"event_name":"Drug Dealer","player_choice":"Became Test Subject","floor":21.0,"gold_loss":0.0,"damage_taken":0.0,"cards_obtained":["Genetic Algorithm","Aggregate"]},{"damage_healed":0.0,"max_hp_gain":0.0,"max_hp_loss":0.0,"gold_gain":333.0,"event_name":"The Moai Head","player_choice":"Gave Idol","floor":38.0,"relics_lost":["Golden Idol"],"gold_loss":0.0,"damage_taken":0.0},{"damage_healed":0.0,"max_hp_gain":0.0,"max_hp_loss":3.0,"gold_gain":0.0,"event_name":"Winding Halls","player_choice":"Max HP","floor":47.0,"gold_loss":0.0,"damage_taken":0.0}],"is_beta":false,"boss_relics":[{"not_picked":["Snecko Eye","Black Star"],"picked":"FrozenCore"},{"not_picked":["Nuclear Battery","Sozu"],"picked":"Coffee Dripper"}],"items_purged_floors":[],"is_endless":false,"potions_floor_spawned":[2,8,12,20,31,33,35,37,40,42],"killed_by":"The Heart","ascension_level":16}