{"gold_per_floor":[117,192,209,87,102,137,137,37,61,72,86,99,99,99,99,99],"floor_reached":16,"playtime":472,"items_purged":["Strike_R","Defend_R"],"score":133,"play_id":"dea29310-2159-4aeb-a462-f8d482f3d0eb","local_time":"20180801133830","is_ascension_mode":true,"campfire_choices":[{"data":"Rampage","floor":7,"key":"SMITH"},{"data":"Pommel Strike","floor":13,"key":"SMITH"},{"data":"Shrug It Off","floor":15,"key":"SMITH"}],"neow_cost":"NONE","seed_source_timestamp":1794686149652131,"circlet_count":0,"master_deck":["Strike_R","Strike_R","Strike_R","Strike_R","Defend_R","Defend_R","Defend_R","Bash","Rampage+1","Pommel Strike","Shrug It Off+1","Shrug It Off","Pommel Strike+1"],"relics":["Burning Blood","Strawberry","Regal Pillow"],"potions_floor_usage":[16,16],"damage_taken":[{"damage":0,"enemies":"Small Slimes","floor":1,"turns":4},{"damage":1,"enemies":"Cultist","floor":3,"turns":3},{"damage":0,"enemies":"2 Louse","floor":5,"turns":4},{"damage":40,"enemies":"Gremlin Nob","floor":6,"turns":5},{"damage":0,"enemies":"Exordium Wildlife","floor":10,"turns":3},{"damage":7,"enemies":"3 Louse","floor":11,"turns":3},{"damage":3,"enemies":"Exordium Thugs","floor":12,"turns":5},{"damage":60,"enemies":"Hexaghost","floor":16,"turns":9}],"seed_played":"1481861315934282835","potions_obtained":[{"floor":5,"key":"Dexterity Potion"},{"floor":11,"key":"SpeedPotion"},{"floor":12,"key":"AttackPotion"}],"is_trial":false,"path_per_floor":["M","?","M","$","M","E","R","$","T","M","M","M","R","$","R"],"character_chosen":"IRONCLAD","items_purchased":["Shrug It Off"],"campfire_rested":0,"item_purchase_floors":[4],"current_hp_per_floor":[78,67,72,72,78,51,51,51,51,57,56,59,59,59,59,0],"gold":99,"neow_bonus":"THREE_CARDS","is_prod":false,"is_daily":false,"chose_seed":false,"campfire_upgraded":3,"win_rate":0,"timestamp":1533145110,"path_taken":["M","?","M","$","M","E","R","?","T","M","M","M","R","$","R","BOSS"],"build_version":"2018-07-26","purchased_purges":2,"victory":false,"max_hp_per_floor":[80,80,80,80,80,87,87,87,87,87,87,87,87,87,87,87],"card_choices":[{"not_picked":["Heavy Blade","True Grit"],"picked":"Rampage","floor":0},{"not_picked":["Body Slam","Whirlwind"],"picked":"Pommel Strike","floor":1},{"not_picked":["Rampage","Entrench"],"picked":"Shrug It Off","floor":3},{"not_picked":["Twin Strike","Thunderclap","Sword Boomerang"],"picked":"SKIP","floor":5},{"not_picked":["Combust","Searing Blow"],"picked":"Pommel Strike","floor":6},{"not_picked":["Perfected Strike","Flex","Sever Soul"],"picked":"SKIP","floor":10},{"not_picked":["Heavy Blade","Intimidate","Cleave"],"picked":"SKIP","floor":11},{"not_picked":["Havoc","Clash","Body Slam"],"picked":"SKIP","floor":12}],"player_experience":324474,"relics_obtained":[{"floor":6,"key":"Strawberry"},{"floor":9,"key":"Regal Pillow"}],"event_choices":[{"event_name":"World of Goop","player_choice":"Gather Gold","floor":2,"damage_taken":0}],"is_beta":false,"boss_relics":[],"items_purged_floors":[4,8],"is_endless":false,"potions_floor_spawned":[5,11,12],"killed_by":"Hexaghost","ascension_level":6}