{"path_per_floor":["M","?","M","?","?","R","M","M","T","R","E","R","M","M","R","B",null,"M","$","M","M","M","R","M","M","T","?","M","R","E","$","R","B",null,"M","M","M","?","M","R","$","M","T","T","M","?","?","M","R"],"character_chosen":"IRONCLAD","items_purchased":["Shuriken"],"gold_per_floor":[115,65,81,81,81,81,91,110,110,110,141,141,151,165,165,270,270,270,10,0,0,0,0,0,0,0,0,0,0,0,0,0,0,0,0,0,0,0,0,0,0,0,0,0,0,0,0,0,0,0],"floor_reached":50,"campfire_rested":7,"playtime":2236,"current_hp_per_floor":[80,80,78,62,55,55,55,55,55,79,71,71,70,49,73,44,80,68,68,57,50,54,78,60,48,55,55,43,69,20,20,46,15,87,75,48,34,34,12,38,38,19,19,19,7,7,76,57,76,0],"items_purged":[],"gold":0,"score":589,"play_id":"dd150c13-5ddc-45d4-8aee-9e55d77a17e8","local_time":"20180407185008","is_prod":false,"is_daily":false,"is_ascension_mode":true,"campfire_upgraded":2,"timestamp":1523141408,"path_taken":["M","?","M","?","?","R","M","M","T","R","E","R","?","M","R","BOSS","M","$","M","M","M","R","M","M","T","?","M","R","E","$","R","BOSS","M","M","M","?","M","R","?","M","T","?","M","?","?","M","R","BOSS"],"build_version":"2018-04-05v2","purchased_purges":0,"victory":false,"master_deck":["Strike_R","Strike_R","Strike_R+1","Defend_R","Defend_R+1","Defend_R","Bash","Inflame+1","Twin Strike","Shrug It Off","Shrug It Off","Pummel","Dropkick","Twin Strike","True Grit","Heavy Blade","Inflame+1","Whirlwind","Cleave","Headbutt","Havoc+1","Inflame+1","Iron Wave+1","True Grit","Sword Boomerang+1","Warcry","Double Tap","Regret","Spot Weakness+1","Dual Wield+1","Feel No Pain","Uppercut+1","Shockwave","Shockwave","Flame Barrier+1","Apotheosis","Iron Wave+1","Power Through+1"],"max_hp_per_floor":[80,80,80,80,80,80,80,80,80,80,80,80,80,80,80,80,80,80,80,80,80,80,80,80,80,87,87,87,87,87,87,87,87,87,87,87,87,87,87,87,87,87,87,87,87,87,76,76,76,76],"relics":["Orrery","Torii","Omamori","Ectoplasm","Shuriken","Strawberry","Juzu Bracelet","Calling Bell","Mummified Hand","Mercury Hourglass","Dream Catcher","Matryoshka","Dodecahedron","Oddly Smooth Stone"],"card_choices":[{"not_picked":["Twin Strike","Wild Strike"],"picked":"Inflame","floor":0},{"not_picked":["Fire Breathing","Sever Soul"],"picked":"Twin Strike","floor":0},{"not_picked":["Bloodletting","Anger"],"picked":"Shrug It Off","floor":0},{"not_picked":["Shockwave","Warcry"],"picked":"Shrug It Off","floor":0},{"not_picked":["Bloodletting","Headbutt"],"picked":"Pummel","floor":0},{"not_picked":["Combust","Wild Strike"],"picked":"Dropkick","floor":1},{"not_picked":["Warcry","Iron Wave"],"picked":"Twin Strike","floor":3},{"not_picked":["Sentinel","Evolve"],"picked":"True Grit","floor":7},{"not_picked":["Double Tap","Wild Strike"],"picked":"Heavy Blade","floor":8},{"not_picked":["Twin Strike","Perfected Strike"],"picked":"Inflame","floor":11},{"not_picked":["Evolve","Thunderclap"],"picked":"Whirlwind","floor":13},{"not_picked":["Fire Breathing","Warcry"],"picked":"Cleave","floor":14},{"not_picked":["Dropkick","Iron Wave"],"picked":"Headbutt","floor":18},{"not_picked":["Carnage","Clash"],"picked":"Havoc","floor":21},{"not_picked":["Intimidate","Perfected Strike"],"picked":"Inflame","floor":22},{"not_picked":["Fiend Fire","Reckless Charge"],"picked":"Iron Wave","floor":24},{"not_picked":["Havoc","Reckless Charge"],"picked":"True Grit","floor":25},{"not_picked":["Cleave","Heavy Blade"],"picked":"Sword Boomerang","floor":28},{"not_picked":["Headbutt","Burning Pact"],"picked":"Warcry","floor":30},{"not_picked":["Barricade","Impervious"],"picked":"Double Tap","floor":33},{"not_picked":["Clash","Perfected Strike"],"picked":"Spot Weakness","floor":35},{"not_picked":["Dropkick","Carnage"],"picked":"Dual Wield","floor":36},{"not_picked":["Cleave","Thunderclap"],"picked":"Feel No Pain","floor":37},{"not_picked":["Headbutt","Sword Boomerang"],"picked":"Uppercut","floor":39},{"not_picked":["Brutality","Clothesline"],"picked":"Shockwave","floor":40},{"not_picked":["Blood for Blood","Wild Strike"],"picked":"Shockwave","floor":42},{"not_picked":["True Grit","Headbutt"],"picked":"Flame Barrier","floor":45},{"not_picked":["Purity","Blind"],"picked":"Apotheosis","floor":46},{"not_picked":["Twin Strike","True Grit"],"picked":"Iron Wave","floor":48},{"not_picked":["Iron Wave","Clash"],"picked":"Power Through","floor":49}],"player_experience":192769,"potions_floor_usage":[16,22,24,28,28,33,50,50,50],"damage_taken":[{"damage":0,"enemies":"2 Louse","floor":1,"turns":3},{"damage":2,"enemies":"Jaw Worm","floor":3,"turns":4},{"damage":0,"enemies":"Cultist","floor":7,"turns":2},{"damage":0,"enemies":"Blue Slaver","floor":8,"turns":3},{"damage":8,"enemies":"Lagavulin","floor":11,"turns":7},{"damage":1,"enemies":"Large Slime","floor":13,"turns":4},{"damage":21,"enemies":"Exordium Thugs","floor":14,"turns":4},{"damage":29,"enemies":"Hexaghost","floor":16,"turns":8},{"damage":12,"enemies":"Chosen","floor":18,"turns":4},{"damage":11,"enemies":"2 Thieves","floor":20,"turns":3},{"damage":7,"enemies":"3 Cultists","floor":21,"turns":4},{"damage":2,"enemies":"Centurion and Healer","floor":22,"turns":4},{"damage":18,"enemies":"Snake Plant","floor":24,"turns":3},{"damage":12,"enemies":"Cultist and Chosen","floor":25,"turns":4},{"damage":12,"enemies":"3 Cultists","floor":28,"turns":4},{"damage":49,"enemies":"Slavers","floor":30,"turns":4},{"damage":31,"enemies":"Collector","floor":33,"turns":4},{"damage":12,"enemies":"3 Shapes","floor":35,"turns":3},{"damage":27,"enemies":"3 Darklings","floor":36,"turns":4},{"damage":14,"enemies":"Sphere and 2 Shapes","floor":37,"turns":3},{"damage":22,"enemies":"Maw","floor":39,"turns":5},{"damage":19,"enemies":"3 Darklings","floor":42,"turns":4},{"damage":12,"enemies":"Sphere and 2 Shapes","floor":45,"turns":6},{"damage":19,"enemies":"4 Shapes","floor":48,"turns":8},{"damage":92,"enemies":"Donu and Deca","floor":50,"turns":8}],"event_choices":[{"event_name":"The Cleric","player_choice":"Card Removal","floor":2,"damage_taken":0},{"event_name":"Shining Light","player_choice":"Entered Light","floor":4,"damage_taken":0},{"event_name":"Golden Wing","player_choice":"Card Removal","floor":5,"damage_taken":0},{"event_name":"Addict","player_choice":"Ignored","floor":27,"damage_taken":0},{"event_name":"SensoryStone","player_choice":"Memory 1","floor":46,"damage_taken":0},{"event_name":"The Moai Head","player_choice":"Heal","floor":47,"damage_taken":0}],"boss_relics":[{"not_picked":["Mark of Pain","Runic Dome"],"picked":"Ectoplasm"},{"not_picked":["Runic Pyramid","Eternal Feather"],"picked":"Calling Bell"}],"potions_floor_spawned":[7,11,16,22,24,25,33,39,45],"seed_played":"8507056023680984491","killed_by":"Donu and Deca","ascension_level":4,"is_trial":false}