{"gold_per_floor":[111,128,146,159,169,169,185,211,211,211],"floor_reached":10,"playtime":673,"items_purged":[],"score":144,"play_id":"3199183e-9c03-4d4b-a718-febfc927c5ed","local_time":"20190418125647","is_ascension_mode":true,"campfire_choices":[{"data":"Poisoned Stab","floor":6,"key":"SMITH"}],"neow_cost":"NONE","seed_source_timestamp":0,"circlet_count":0,"master_deck":["AscendersBane","Defend_G","Defend_G","Defend_G","Defend_G","Defend_G","Strike_G","Strike_G","Strike_G","Strike_G","Strike_G","Survivor","Neutralize+1","Flying Knee","Dash","Deflect","Sucker Punch","Poisoned Stab+1","Glass Knife","Crippling Poison"],"special_seed":0,"relics":["Ring of the Snake","Regal Pillow","Question Card"],"potions_floor_usage":[4,8],"damage_taken":[{"damage":1,"enemies":"Small Slimes","floor":1,"turns":3},{"damage":4,"enemies":"Jaw Worm","floor":2,"turns":5},{"damage":10,"enemies":"Cultist","floor":3,"turns":4},{"damage":13,"enemies":"Exordium Wildlife","floor":4,"turns":7},{"damage":0,"enemies":"2 Fungi Beasts","floor":5,"turns":4},{"damage":1,"enemies":"Red Slaver","floor":7,"turns":3},{"damage":13,"enemies":"3 Sentries","floor":8,"turns":9},{"damage":20,"enemies":"Gremlin Gang","floor":10,"turns":3}],"seed_played":"-2547497211338321643","potions_obtained":[{"floor":2,"key":"EssenceOfSteel"},{"floor":4,"key":"Block Potion"},{"floor":5,"key":"Weak Potion"}],"is_trial":false,"path_per_floor":["M","M","M","M","M","R","M","E","T","M"],"character_chosen":"THE_SILENT","items_purchased":[],"campfire_rested":0,"item_purchase_floors":[],"current_hp_per_floor":[58,54,44,31,31,31,30,17,17,0],"gold":211,"neow_bonus":"UPGRADE_CARD","is_prod":false,"is_daily":false,"chose_seed":false,"campfire_upgraded":1,"win_rate":0,"timestamp":1555606607,"path_taken":["M","M","M","M","M","R","M","E","T","M"],"build_version":"2019-01-23","purchased_purges":0,"victory":false,"max_hp_per_floor":[66,66,66,66,66,66,66,66,66,66],"card_choices":[{"not_picked":["Prepared","Outmaneuver"],"picked":"Flying Knee","floor":1},{"not_picked":["Poisoned Stab","Flying Knee"],"picked":"Dash","floor":2},{"not_picked":["Blade Dance","Outmaneuver"],"picked":"Deflect","floor":3},{"not_picked":["Skewer","Cloak And Dagger"],"picked":"Sucker Punch","floor":4},{"not_picked":["PiercingWail","Tactician"],"picked":"Poisoned Stab","floor":5},{"not_picked":["Backflip","Underhanded Strike"],"picked":"Glass Knife","floor":7},{"not_picked":["Underhanded Strike","Reflex"],"picked":"Crippling Poison","floor":8}],"player_experience":1287451,"relics_obtained":[{"floor":8,"key":"Regal Pillow"},{"floor":9,"key":"Question Card"}],"event_choices":[],"is_beta":false,"boss_relics":[],"items_purged_floors":[],"is_endless":false,"potions_floor_spawned":[2,4,5],"killed_by":"Gremlin Gang","ascension_level":20}