{"gold_per_floor":[114,127,4,4,23,38,55,69,69,69,82,47,47,118,118,118],"floor_reached":16,"playtime":997,"items_purged":["Strike_B"],"score":141,"play_id":"0855a4a8-0922-4134-b36f-6753a04517d8","local_time":"20181107140057","is_ascension_mode":true,"campfire_choices":[{"floor":13,"key":"REST"},{"data":"Blizzard","floor":15,"key":"SMITH"}],"neow_cost":"NONE","seed_source_timestamp":929873256448131,"circlet_count":0,"master_deck":["AscendersBane","Strike_B","Strike_B","Defend_B","Defend_B","Defend_B","Defend_B","Zap","Dualcast","Hologram","Rebound","Coolheaded","Chill","Beam Cell","Blizzard+1"],"relics":["Cracked Core","Dead Branch","Bottled Lightning"],"potions_floor_usage":[16,16],"damage_taken":[{"damage":4,"enemies":"2 Louse","floor":1,"turns":3},{"damage":9,"enemies":"Jaw Worm","floor":2,"turns":4},{"damage":2,"enemies":"Cultist","floor":5,"turns":5},{"damage":12,"enemies":"3 Louse","floor":6,"turns":4},{"damage":10,"enemies":"Exordium Wildlife","floor":7,"turns":5},{"damage":0,"enemies":"Large Slime","floor":8,"turns":5},{"damage":2,"enemies":"2 Fungi Beasts","floor":11,"turns":4},{"damage":48,"enemies":"Slime Boss","floor":16,"turns":8}],"seed_played":"-723820211355562557","potions_obtained":[{"floor":2,"key":"Weak Potion"},{"floor":6,"key":"FocusPotion"}],"is_trial":false,"path_per_floor":["M","M","$","?","M","M","M","M","T","?","M","$","R","T","R","B"],"character_chosen":"DEFECT","items_purchased":["Coolheaded","Blizzard"],"campfire_rested":1,"item_purchase_floors":[3,12],"current_hp_per_floor":[71,62,62,55,53,41,31,31,31,24,22,22,46,46,46,0],"gold":118,"neow_bonus":"TEN_PERCENT_HP_BONUS","is_prod":false,"is_daily":false,"chose_seed":false,"campfire_upgraded":1,"win_rate":0,"timestamp":1541617257,"path_taken":["M","M","$","?","M","M","M","M","T","?","M","$","R","?","R","BOSS"],"build_version":"2018-11-01","purchased_purges":1,"victory":false,"max_hp_per_floor":[82,82,82,82,82,82,82,82,82,82,82,82,82,82,82,82],"card_choices":[{"not_picked":["Rip and Tear","Hello World"],"picked":"Hologram","floor":1},{"not_picked":["Go for the Eyes","Steam"],"picked":"Rebound","floor":2},{"not_picked":["Go for the Eyes","Hello World","Turbo"],"picked":"SKIP","floor":5},{"not_picked":["Hologram","Compile Driver"],"picked":"Chill","floor":6},{"not_picked":["Hologram","Cold Snap","Barrage"],"picked":"SKIP","floor":7},{"not_picked":["Barrage","Static Discharge","Stack"],"picked":"SKIP","floor":8},{"not_picked":["Sweeping Beam","Defragment"],"picked":"Beam Cell","floor":11}],"player_experience":636879,"relics_obtained":[{"floor":9,"key":"Dead Branch"},{"floor":14,"key":"Bottled Lightning"}],"event_choices":[{"damage_healed":0,"gold_gain":0,"player_choice":"Fled","damage_taken":7,"max_hp_gain":0,"max_hp_loss":0,"event_name":"Scrap Ooze","floor":4,"gold_loss":0},{"cards_removed":["Strike_B"],"damage_healed":0,"gold_gain":0,"player_choice":"Card Removal","damage_taken":7,"max_hp_gain":0,"max_hp_loss":0,"event_name":"Golden Wing","floor":10,"gold_loss":0}],"is_beta":false,"boss_relics":[],"items_purged_floors":[3],"is_endless":false,"potions_floor_spawned":[2,6],"killed_by":"Slime Boss","ascension_level":10}