{"gold_per_floor":[117,192,367,367,383,408,408,408,435,470,480,480],"floor_reached":12,"playtime":761,"items_purged":[],"score":111,"play_id":"97961651-4f09-4646-be97-ea2e437edc0e","local_time":"20190911041445","is_ascension_mode":false,"campfire_choices":[{"data":"Hologram","floor":7,"key":"SMITH"}],"neow_cost":"NONE","seed_source_timestamp":52251665265049,"circlet_count":0,"master_deck":["Strike_B","Strike_B","Strike_B","Strike_B","Defend_B","Defend_B","Defend_B","Defend_B","Zap","Dualcast","Tempest","Storm","Hologram+1","Decay","Auto Shields","Consume"],"relics":["Cracked Core","NeowsBlessing","Gambling Chip","Lantern","Shuriken"],"potions_floor_usage":[],"damage_taken":[{"damage":0,"enemies":"Small Slimes","floor":1,"turns":1},{"damage":0,"enemies":"2 Louse","floor":5,"turns":1},{"damage":0,"enemies":"Gremlin Nob","floor":6,"turns":1},{"damage":32,"enemies":"Lagavulin","floor":10,"turns":8},{"damage":2,"enemies":"Cultist","floor":11,"turns":4},{"damage":35,"enemies":"3 Sentries","floor":12,"turns":7}],"seed_played":"625892832495433756","potions_obtained":[{"floor":1,"key":"AttackPotion"},{"floor":11,"key":"Block Potion"}],"is_trial":false,"path_per_floor":["M","?","?","?","M","E","R","?","T","E","M","E"],"character_chosen":"DEFECT","items_purchased":[],"campfire_rested":0,"item_purchase_floors":[],"current_hp_per_floor":[75,64,64,69,69,69,69,69,69,37,35,0],"gold":480,"neow_bonus":"THREE_ENEMY_KILL","is_prod":false,"is_daily":false,"chose_seed":false,"campfire_upgraded":1,"win_rate":0,"timestamp":1568186085,"path_taken":["M","?","?","?","M","E","R","?","T","E","?","E"],"build_version":"2019-07-17","purchased_purges":0,"victory":false,"max_hp_per_floor":[75,75,75,80,80,80,80,80,80,80,80,80],"card_choices":[{"not_picked":["Force Field","Cold Snap"],"picked":"Tempest","floor":1},{"not_picked":["Rebound","Leap"],"picked":"Storm","floor":5},{"not_picked":["Redo","Beam Cell"],"picked":"Hologram","floor":6},{"not_picked":["Double Energy","Rebound"],"picked":"Auto Shields","floor":10},{"not_picked":["Sweeping Beam","Streamline"],"picked":"Consume","floor":11}],"player_experience":119730,"relics_obtained":[{"floor":6,"key":"Gambling Chip"},{"floor":9,"key":"Lantern"},{"floor":10,"key":"Shuriken"}],"event_choices":[{"damage_healed":0,"gold_gain":75,"player_choice":"Gather Gold","damage_taken":11,"max_hp_gain":0,"max_hp_loss":0,"event_name":"World of Goop","floor":2,"gold_loss":0},{"damage_healed":0,"gold_gain":175,"player_choice":"AGREE","damage_taken":0,"max_hp_gain":0,"max_hp_loss":0,"event_name":"Liars Game","floor":3,"gold_loss":0,"cards_obtained":["Doubt"]},{"damage_healed":0,"gold_gain":0,"player_choice":"Donut","damage_taken":0,"max_hp_gain":5,"max_hp_loss":0,"event_name":"Big Fish","floor":4,"gold_loss":0},{"damage_healed":0,"gold_gain":0,"cards_transformed":["Doubt"],"player_choice":"Transformed","damage_taken":0,"max_hp_gain":0,"max_hp_loss":0,"event_name":"Transmorgrifier","floor":8,"gold_loss":0,"cards_obtained":["Decay"]}],"is_beta":false,"boss_relics":[],"items_purged_floors":[],"is_endless":false,"potions_floor_spawned":[1,11],"killed_by":"3 Sentries","ascension_level":0}