{"gold_per_floor":[116,135,45,120,130,130,158,169,169,202,202,202,202,236,236,313,313,328,342,342,342,354,354,354],"floor_reached":24,"playtime":889,"items_purged":[],"score":628,"play_id":"28ae33cb-39e2-4453-a149-be3c324115c3","local_time":"20190909190837","daily_mods":["Diverse","Heirloom","Elite Swarm"],"is_ascension_mode":true,"campfire_choices":[{"data":"Armaments","floor":6.0,"key":"SMITH"},{"floor":11.0,"key":"REST"},{"data":"Bash","floor":13.0,"key":"SMITH"},{"floor":15.0,"key":"REST"},{"floor":23,"key":"REST"}],"neow_cost":"","seed_source_timestamp":0,"circlet_count":0,"master_deck":["AscendersBane","Strike_R","Strike_R","Strike_R","Strike_R","Strike_R","Defend_R","Defend_R","Defend_R","Defend_R","Bash+1","Ghostly Armor","Cloak And Dagger","Armaments+1","Dash","Core Surge","Reaper","Ball Lightning","Fiend Fire","Berserk","Barricade","Dodge and Roll+1","Anger","Sucker Punch","Blur","RitualDagger","Rupture"],"special_seed":0,"relics":["Burning Blood","Pocketwatch","Sundial","Juzu Bracelet","Mummified Hand","Anchor","Black Star"],"potions_floor_usage":[22,22],"damage_taken":[{"damage":12.0,"enemies":"Jaw Worm","floor":1.0,"turns":3.0},{"damage":8.0,"enemies":"Small Slimes","floor":2.0,"turns":3.0},{"damage":1.0,"enemies":"Cultist","floor":5.0,"turns":3.0},{"damage":30.0,"enemies":"Lagavulin","floor":7.0,"turns":9.0},{"damage":13.0,"enemies":"Large Slime","floor":8.0,"turns":7.0},{"damage":12.0,"enemies":"3 Sentries","floor":10.0,"turns":7.0},{"damage":25.0,"enemies":"Gremlin Nob","floor":14.0,"turns":4.0},{"damage":38.0,"enemies":"Slime Boss","floor":16.0,"turns":6.0},{"damage":42.0,"enemies":"3 Byrds","floor":18.0,"turns":9.0},{"damage":31.0,"enemies":"Shell Parasite","floor":19.0,"turns":6.0},{"damage":23,"enemies":"3 Cultists","floor":22,"turns":4},{"damage":37,"enemies":"Slavers","floor":24,"turns":3}],"seed_played":"-7273224737458752085","potions_obtained":[{"floor":1.0,"key":"Dexterity Potion"},{"floor":8.0,"key":"Strength Potion"},{"floor":14.0,"key":"Ancient Potion"},{"floor":18.0,"key":"SteroidPotion"}],"is_trial":true,"path_per_floor":["M","M","$","?","M","R","E","M","T","E","R","$","R","E","R","B",null,"M","M","?","?","M","R","E"],"character_chosen":"IRONCLAD","items_purchased":["Armaments","Dash"],"campfire_rested":3,"item_purchase_floors":[3,3],"current_hp_per_floor":[62,60,60,49,54,54,30,31,31,33,55,55,55,36,58,40,66,36,11,11,5,15,37,0],"gold":354,"neow_bonus":"","is_prod":false,"is_daily":false,"chose_seed":false,"campfire_upgraded":2,"win_rate":0,"timestamp":1568020117,"path_taken":["M","M","$","?","M","R","E","M","T","E","R","?","R","E","R","BOSS","M","M","?","?","M","R","E"],"build_version":"2019-08-26","purchased_purges":0,"victory":false,"max_hp_per_floor":[75,75,75,75,75,75,75,75,75,75,75,75,75,75,75,75,75,75,75,75,75,75,75,75],"card_choices":[{"not_picked":["Perfected Strike","Deflect"],"picked":"Ghostly Armor","floor":1.0},{"not_picked":["Sucker Punch","Go for the Eyes"],"picked":"Cloak And Dagger","floor":2.0},{"not_picked":["Acrobatics","Steam"],"picked":"Core Surge","floor":5.0},{"not_picked":["Core Surge","Feed"],"picked":"Reaper","floor":7.0},{"not_picked":["Anger","Accuracy"],"picked":"Ball Lightning","floor":8.0},{"not_picked":["All For One","Multi-Cast"],"picked":"Fiend Fire","floor":10.0},{"not_picked":["Grand Finale","Barricade"],"picked":"Berserk","floor":14.0},{"not_picked":["Dark Embrace","Grand Finale"],"picked":"Barricade","floor":16.0},{"not_picked":["Hologram","Headbutt"],"picked":"Dodge and Roll+1","floor":18.0},{"not_picked":["Flying Knee","Perfected Strike"],"picked":"Anger","floor":19.0},{"not_picked":["True Grit","Heatsinks"],"picked":"Rupture","floor":22}],"player_experience":1268364,"relics_obtained":[{"floor":7.0,"key":"Sundial"},{"floor":9.0,"key":"Juzu Bracelet"},{"floor":10.0,"key":"Mummified Hand"},{"floor":14.0,"key":"Anchor"}],"event_choices":[{"damage_healed":0.0,"max_hp_gain":0.0,"max_hp_loss":0.0,"gold_gain":75.0,"event_name":"World of Goop","player_choice":"Gather Gold","floor":4.0,"gold_loss":0.0,"damage_taken":11.0},{"damage_healed":0,"gold_gain":0,"player_choice":"2 cards matched","damage_taken":0,"max_hp_gain":0,"max_hp_loss":0,"event_name":"Match and Keep!","floor":20,"gold_loss":0,"cards_obtained":["Sucker Punch","Blur"]},{"damage_healed":0,"gold_gain":0,"player_choice":"Joined the Cult","damage_taken":6,"max_hp_gain":0,"max_hp_loss":0,"event_name":"Nest","floor":21,"gold_loss":0,"cards_obtained":["RitualDagger"]}],"is_beta":true,"boss_relics":[{"not_picked":["Philosopher\u0027s Stone","Calling Bell"],"picked":"Black Star"}],"items_purged_floors":[],"is_endless":true,"potions_floor_spawned":[1,8,10,14,18,19],"killed_by":"Slavers","ascension_level":20}