{"gold_per_floor":[116,116,1,19,44,44,88,88,88,119,137,37,37,92,92,216,216,239,259,259],"floor_reached":20,"playtime":1185,"items_purged":["Clumsy","Strike_G"],"score":258,"play_id":"b46f3acf-646d-4b26-a51f-8fe41684a2af","local_time":"20181103200532","is_ascension_mode":true,"campfire_choices":[{"data":"Choke","floor":6,"key":"SMITH"},{"data":"Envenom","floor":8,"key":"SMITH"},{"floor":15,"key":"REST"}],"neow_cost":"CURSE","seed_source_timestamp":602356576208161,"circlet_count":0,"master_deck":["AscendersBane","Defend_G","Defend_G","Defend_G","Defend_G","Defend_G","Strike_G","Strike_G","Strike_G","Strike_G","Survivor","Neutralize","Envenom+1","Predator","Choke+1","Slice","Blade Dance","Slice+1","Bane+1","Doppelganger"],"relics":["Ring of the Serpent","Golden Idol","Incense Burner","Molten Egg 2","Odd Mushroom"],"potions_floor_usage":[7,7,10],"damage_taken":[{"damage":1,"enemies":"Small Slimes","floor":1,"turns":6},{"damage":0,"enemies":"Jaw Worm","floor":4,"turns":4},{"damage":1,"enemies":"2 Louse","floor":5,"turns":3},{"damage":26,"enemies":"Lagavulin","floor":7,"turns":7},{"damage":26,"enemies":"The Mushroom Lair","floor":10,"turns":4},{"damage":0,"enemies":"2 Fungi Beasts","floor":11,"turns":3},{"damage":2,"enemies":"Slime Boss","floor":16,"turns":9},{"damage":13,"enemies":"3 Byrds","floor":18,"turns":4},{"damage":33,"enemies":"Spheric Guardian","floor":19,"turns":7},{"damage":13,"enemies":"Centurion and Healer","floor":20,"turns":2}],"seed_played":"-8410496703514901464","potions_obtained":[{"floor":1,"key":"SpeedPotion"},{"floor":5,"key":"Weak Potion"},{"floor":7,"key":"PowerPotion"},{"floor":19,"key":"Strength Potion"}],"is_trial":false,"path_per_floor":["M","?","$","M","M","R","E","R","T","?","M","$","?","?","R","B",null,"M","M","M"],"character_chosen":"THE_SILENT","items_purchased":["Choke"],"campfire_rested":1,"item_purchase_floors":[3],"current_hp_per_floor":[62,62,62,62,61,61,35,35,35,9,9,9,9,9,28,26,55,42,9,0],"gold":259,"neow_bonus":"THREE_RARE_CARDS","is_prod":false,"is_daily":false,"chose_seed":false,"campfire_upgraded":2,"win_rate":0,"timestamp":1541289932,"path_taken":["M","?","$","M","M","R","E","R","T","?","M","?","?","?","R","BOSS","M","M","M"],"build_version":"2018-11-01","purchased_purges":2,"victory":false,"max_hp_per_floor":[70,65,65,65,65,65,65,65,65,65,65,65,65,65,65,65,65,65,65,65],"card_choices":[{"not_picked":["Venomology","Malaise"],"picked":"Envenom","floor":0},{"not_picked":["Setup","Flying Knee"],"picked":"Predator","floor":1},{"not_picked":["Underhanded Strike","Dagger Spray"],"picked":"Slice","floor":4},{"not_picked":["Footwork","Choke"],"picked":"Blade Dance","floor":5},{"not_picked":["Noxious Fumes","Bouncing Flask","PiercingWail"],"picked":"SKIP","floor":7},{"not_picked":["Outmaneuver","Burst"],"picked":"Slice+1","floor":10},{"not_picked":["Prepared","Slice+1"],"picked":"Bane+1","floor":11},{"not_picked":["Tools of the Trade","Bullet Time"],"picked":"Doppelganger","floor":16},{"not_picked":["Blade Dance","Bane+1","Expertise"],"picked":"SKIP","floor":18},{"not_picked":["Masterful Stab+1","All Out Attack+1","Acrobatics"],"picked":"SKIP","floor":19}],"player_experience":592853,"relics_obtained":[{"floor":7,"key":"Incense Burner"},{"floor":9,"key":"Molten Egg 2"},{"floor":10,"key":"Odd Mushroom"}],"event_choices":[{"damage_healed":0,"gold_gain":0,"player_choice":"Lose Max HP","damage_taken":0,"relics_obtained":["Golden Idol"],"max_hp_gain":0,"max_hp_loss":5,"event_name":"Golden Idol","floor":2,"gold_loss":0},{"damage_healed":0,"gold_gain":0,"player_choice":"Fought Mushrooms","damage_taken":0,"max_hp_gain":0,"max_hp_loss":0,"event_name":"Mushrooms","floor":10,"gold_loss":0},{"damage_healed":0,"gold_gain":0,"player_choice":"Fled","damage_taken":0,"max_hp_gain":0,"max_hp_loss":0,"event_name":"Scrap Ooze","floor":13,"gold_loss":0},{"damage_healed":0,"gold_gain":55,"player_choice":"Gained Gold","damage_taken":0,"max_hp_gain":0,"max_hp_loss":0,"event_name":"Golden Wing","floor":14,"gold_loss":0}],"is_beta":false,"boss_relics":[{"not_picked":["Pandora\u0027s Box","Eternal Feather"],"picked":"Ring of the Serpent"}],"items_purged_floors":[3,12],"is_endless":false,"potions_floor_spawned":[1,5,7,19],"killed_by":"Centurion and Healer","ascension_level":10}