{"gold_per_floor":[117,130,205,205,256,256,282,298,298,298,332,332,345,360,360,431,431,445,445,457,18,35,68,68,94,94,110,110,126,140,140,140,217,217,232,232,232,246,43,43,70,80,80,80,100,100,100,100,100,100],"floor_reached":51,"playtime":3145,"items_purged":["Strike_B"],"score":1355,"play_id":"221bc873-9d54-4768-a246-d269d3b43d69","local_time":"20190808065741","is_ascension_mode":true,"campfire_choices":[{"data":"Zap","floor":6,"key":"SMITH"},{"data":"Chill","floor":10,"key":"SMITH"},{"data":"Go for the Eyes","floor":12,"key":"SMITH"},{"data":"White Noise","floor":15,"key":"SMITH"},{"floor":24,"key":"REST"},{"floor":28,"key":"REST"},{"data":"Consume","floor":32,"key":"SMITH"},{"data":"Loop","floor":40,"key":"SMITH"},{"floor":44,"key":"REST"},{"floor":46,"key":"REST"},{"floor":49,"key":"REST"}],"neow_cost":"NONE","seed_source_timestamp":92669603353256,"circlet_count":0,"master_deck":["AscendersBane","Strike_B","Defend_B","Defend_B","Defend_B","Defend_B","Zap+1","Dualcast","White Noise+1","Auto Shields","Streamline","Chill+1","Go for the Eyes+1","Ball Lightning","Cold Snap","Glacier","Doom and Gloom+1","Sunder","Force Field","Consume+1","Compile Driver","Parasite","Lockon+1","Darkness+1","Chill","Sweeping Beam+1","Echo Form","Leap+1","Sweeping Beam","Loop+1","Loop+1","Reinforced Body+1","Injury","Conserve Battery+1","Chill","Writhe","Echo Form+1","Undo"],"relics":["Cracked Core","NeowsBlessing","Happy Flower","Thread and Needle","Gremlin Horn","Emotion Chip","Cursed Key","OrangePellets","Dream Catcher","Anchor","StoneCalendar","Vajra","MutagenicStrength","Nuclear Battery","Ornamental Fan","Frozen Egg 2"],"potions_floor_usage":[11,18,29,33,41,50],"damage_taken":[{"damage":0,"enemies":"2 Louse","floor":1,"turns":1},{"damage":0,"enemies":"Jaw Worm","floor":2,"turns":1},{"damage":0,"enemies":"3 Sentries","floor":7,"turns":1},{"damage":0,"enemies":"Cultist","floor":8,"turns":3},{"damage":11,"enemies":"Lagavulin","floor":11,"turns":6},{"damage":1,"enemies":"Large Slime","floor":13,"turns":4},{"damage":0,"enemies":"Lots of Slimes","floor":14,"turns":4},{"damage":30,"enemies":"Slime Boss","floor":16,"turns":9},{"damage":2,"enemies":"2 Thieves","floor":18,"turns":4},{"damage":0,"enemies":"Chosen","floor":20,"turns":4},{"damage":20,"enemies":"Snake Plant","floor":22,"turns":4},{"damage":15,"enemies":"Gremlin Leader","floor":23,"turns":5},{"damage":9,"enemies":"Book of Stabbing","floor":25,"turns":8},{"damage":0,"enemies":"3 Cultists","floor":27,"turns":5},{"damage":10,"enemies":"Centurion and Healer","floor":29,"turns":5},{"damage":0,"enemies":"Sentry and Sphere","floor":30,"turns":6},{"damage":45,"enemies":"Champ","floor":33,"turns":10},{"damage":6,"enemies":"3 Darklings","floor":35,"turns":4},{"damage":0,"enemies":"Orb Walker","floor":38,"turns":4},{"damage":33,"enemies":"Nemesis","floor":41,"turns":5},{"damage":0,"enemies":"Spire Growth","floor":42,"turns":5},{"damage":24,"enemies":"3 Darklings","floor":45,"turns":6},{"damage":48,"enemies":"Donu and Deca","floor":50,"turns":12}],"seed_played":"6047492101939336044","potions_obtained":[{"floor":1,"key":"Poison Potion"},{"floor":13,"key":"Ancient Potion"},{"floor":16,"key":"FocusPotion"},{"floor":20,"key":"Explosive Potion"},{"floor":23,"key":"Strength Potion"},{"floor":27,"key":"Energy Potion"},{"floor":33,"key":"Weak Potion"},{"floor":35,"key":"Dexterity Potion"},{"floor":41,"key":"Ancient Potion"}],"is_trial":false,"path_per_floor":["M","M","?","?","T","R","E","M","T","R","E","R","M","M","R","B",null,"M","?","M","$","M","E","R","E","T","M","R","M","M","?","R","B",null,"M","?","?","M","$","R","E","M","T","R","M","R","?","?","R","B",null],"character_chosen":"DEFECT","items_purchased":["OrangePellets","Dream Catcher","Sunder","Loop","FocusPotion"],"campfire_rested":5,"item_purchase_floors":[21,21,21,39,39],"current_hp_per_floor":[64,64,53,58,58,58,58,58,58,58,47,47,46,46,46,16,61,59,59,59,59,39,24,46,37,37,37,59,49,49,49,49,4,58,52,52,52,52,52,52,19,19,19,41,17,39,54,54,76,28],"gold":100,"neow_bonus":"THREE_ENEMY_KILL","is_prod":false,"is_daily":false,"chose_seed":false,"campfire_upgraded":6,"win_rate":0,"timestamp":1565211461,"path_taken":["M","M","?","?","?","R","E","M","T","R","E","R","M","?","R","BOSS","M","?","?","?","M","E","R","E","T","M","R","M","M","?","R","BOSS","M","?","?","?","$","R","E","M","T","R","M","R","?","?","R","BOSS"],"build_version":"2019-07-17","purchased_purges":1,"victory":true,"max_hp_per_floor":[71,71,71,76,76,76,76,76,76,76,76,76,76,76,76,76,76,76,76,76,76,76,76,76,76,76,76,76,76,76,76,76,76,76,76,76,76,76,76,76,76,76,76,76,76,76,76,76,76,76],"card_choices":[{"not_picked":["Gash","Sweeping Beam"],"picked":"White Noise","floor":1},{"not_picked":["Stack","Force Field"],"picked":"Auto Shields","floor":2},{"not_picked":["Cold Snap","Leap"],"picked":"Streamline","floor":7},{"not_picked":["Biased Cognition","Barrage"],"picked":"Chill","floor":8},{"not_picked":["Consume","Streamline"],"picked":"Go for the Eyes","floor":11},{"not_picked":["Cold Snap","Compile Driver"],"picked":"Ball Lightning","floor":13},{"not_picked":["Conserve Battery","Force Field"],"picked":"Cold Snap","floor":14},{"not_picked":["Amplify","Machine Learning"],"picked":"Electrodynamics","floor":16},{"not_picked":["Beam Cell","Cold Snap"],"picked":"Glacier","floor":18},{"not_picked":["Leap+1","Turbo"],"picked":"Doom and Gloom+1","floor":20},{"not_picked":["Rip and Tear","Gash"],"picked":"Force Field","floor":22},{"not_picked":["Scrape+1","Buffer"],"picked":"Consume","floor":23},{"not_picked":["Scrape","Skim"],"picked":"Compile Driver","floor":24},{"not_picked":["Steam","Leap","Ball Lightning"],"picked":"SKIP","floor":25},{"not_picked":["Stack","Steam"],"picked":"Lockon+1","floor":27},{"not_picked":["Stack","Melter"],"picked":"Darkness+1","floor":28},{"not_picked":["Leap","Ball Lightning"],"picked":"Chill","floor":29},{"not_picked":["Steam","Redo+1"],"picked":"Sweeping Beam+1","floor":30},{"not_picked":["Hyperbeam","Amplify"],"picked":"Echo Form","floor":33},{"not_picked":["Barrage","Auto Shields+1"],"picked":"Leap+1","floor":35},{"not_picked":["Auto Shields","Darkness+1"],"picked":"Loop+1","floor":38},{"not_picked":["Sweeping Beam","Aggregate+1"],"picked":"Reinforced Body+1","floor":41},{"not_picked":["Turbo","Go for the Eyes+1","Ball Lightning"],"picked":"SKIP","floor":42},{"not_picked":["Steam+1","Thunder Strike"],"picked":"Conserve Battery+1","floor":45},{"not_picked":["Cold Snap","Leap"],"picked":"Chill","floor":46},{"not_picked":["Barrage+1","Ball Lightning+1"],"picked":"Undo","floor":49}],"player_experience":1170675,"relics_obtained":[{"floor":5,"key":"Happy Flower"},{"floor":7,"key":"Thread and Needle"},{"floor":9,"key":"Gremlin Horn"},{"floor":11,"key":"Emotion Chip"},{"floor":23,"key":"Anchor"},{"floor":25,"key":"StoneCalendar"},{"floor":26,"key":"Vajra"},{"floor":41,"key":"Ornamental Fan"},{"floor":43,"key":"Frozen Egg 2"}],"event_choices":[{"damage_healed":0,"gold_gain":75,"player_choice":"Gather Gold","damage_taken":11,"max_hp_gain":0,"max_hp_loss":0,"event_name":"World of Goop","floor":3,"gold_loss":0},{"damage_healed":0,"gold_gain":0,"player_choice":"Donut","damage_taken":0,"max_hp_gain":5,"max_hp_loss":0,"event_name":"Big Fish","floor":4,"gold_loss":0},{"cards_removed":["Strike_B"],"damage_healed":0,"gold_gain":0,"player_choice":"Purged","damage_taken":0,"max_hp_gain":0,"max_hp_loss":0,"event_name":"Purifier","floor":19,"gold_loss":0},{"damage_healed":0,"gold_gain":0,"player_choice":"Inject Mutagens","damage_taken":0,"relics_obtained":["MutagenicStrength"],"max_hp_gain":0,"max_hp_loss":0,"event_name":"Drug Dealer","floor":31,"gold_loss":0},{"cards_removed":["Electrodynamics"],"damage_healed":0,"gold_gain":0,"player_choice":"Removed Power","damage_taken":0,"max_hp_gain":0,"max_hp_loss":0,"event_name":"Falling","floor":36,"gold_loss":0},{"damage_healed":0,"gold_gain":0,"cards_transformed":["Strike_B"],"player_choice":"Transformed","damage_taken":0,"max_hp_gain":0,"max_hp_loss":0,"event_name":"Transmorgrifier","floor":37,"gold_loss":0,"cards_obtained":["Sweeping Beam"]},{"damage_healed":15,"gold_gain":0,"player_choice":"Writhe","damage_taken":0,"max_hp_gain":0,"max_hp_loss":0,"event_name":"Winding Halls","floor":47,"gold_loss":0,"cards_obtained":["Writhe"]},{"damage_healed":0,"gold_gain":0,"player_choice":"Copied","damage_taken":0,"max_hp_gain":0,"max_hp_loss":0,"event_name":"Duplicator","floor":48,"gold_loss":0,"cards_obtained":["Echo Form"]}],"is_beta":false,"boss_relics":[{"not_picked":["Ectoplasm","Busted Crown"],"picked":"Cursed Key"},{"not_picked":["Orrery","White Beast Statue"],"picked":"Nuclear Battery"}],"items_purged_floors":[39],"is_endless":false,"potions_floor_spawned":[1,13,16,20,23,27,33,35,41],"ascension_level":16}