{"gold_per_floor":[361,32,32,44,110,110,142,142,165,165,181,207,221,221,221,325,325,337,350,361,460,70,95,95,95,95,20,20,33,33,45,45,144,144,162,237,250,261,281,281,298,298,298,333,333,679,697,35,35,35],"floor_reached":50,"playtime":3379,"items_purged":["Writhe","Strike_R"],"score":694,"play_id":"eb2bff3d-a054-47d5-8ba6-4a6124359b0d","local_time":"20190516085439","is_ascension_mode":true,"campfire_choices":[{"data":"Bash","floor":6.0,"key":"SMITH"},{"data":"Intimidate","floor":8.0,"key":"SMITH"},{"data":"Clothesline","floor":10.0,"key":"SMITH"},{"data":"Spot Weakness","floor":15.0,"key":"SMITH"},{"data":"Limit Break","floor":24.0,"key":"SMITH"},{"data":"Seeing Red","floor":28.0,"key":"SMITH"},{"data":"Metallicize","floor":30.0,"key":"SMITH"},{"data":"Heavy Blade","floor":32.0,"key":"SMITH"},{"data":"Dark Embrace","floor":40.0,"key":"SMITH"},{"data":"Reaper","floor":42.0,"key":"SMITH"},{"data":"Offering","floor":45.0,"key":"SMITH"},{"floor":49,"key":"REST"}],"neow_cost":"TEN_PERCENT_HP_LOSS","seed_source_timestamp":0,"circlet_count":0,"master_deck":["Strike_R","Defend_R","Defend_R","Defend_R","Defend_R","Bash+1","Whirlwind","Reaper+1","Clothesline+1","Iron Wave","Intimidate+1","Flex","Spot Weakness+1","Impatience","Limit Break+1","Feed+1","Exhume+1","Flex+1","Headbutt","Shockwave","Metallicize+1","Seeing Red+1","Purity","Havoc","Inflame","Pommel Strike","Feed","Metallicize+1","Heavy Blade+1","Offering+1","Warcry+1","Dropkick","Dark Embrace+1","Dual Wield+1","Iron Wave+1","Flex+1","Armaments+1","Ghostly Armor","Heavy Blade+1"],"special_seed":0,"relics":["Black Blood","ClockworkSouvenir","Dead Branch","Boot","Happy Flower","Astrolabe","Vajra","Ancient Tea Set","Dream Catcher","Art of War","Old Coin","Magic Flower"],"potions_floor_usage":[50,50,50],"damage_taken":[{"damage":6.0,"enemies":"Cultist","floor":1.0,"turns":3.0},{"damage":5.0,"enemies":"2 Louse","floor":4.0,"turns":2.0},{"damage":27.0,"enemies":"Gremlin Nob","floor":7.0,"turns":5.0},{"damage":13.0,"enemies":"Small Slimes","floor":11.0,"turns":3.0},{"damage":8.0,"enemies":"Blue Slaver","floor":13.0,"turns":3.0},{"damage":56.0,"enemies":"The Guardian","floor":16.0,"turns":11.0},{"damage":12.0,"enemies":"Shell Parasite","floor":18.0,"turns":3.0},{"damage":7.0,"enemies":"Chosen","floor":19.0,"turns":3.0},{"damage":18.0,"enemies":"Snecko","floor":20.0,"turns":5.0},{"damage":29.0,"enemies":"Gremlin Leader","floor":23.0,"turns":5.0},{"damage":3.0,"enemies":"Cultist and Chosen","floor":29.0,"turns":4.0},{"damage":1.0,"enemies":"Centurion and Healer","floor":31.0,"turns":2.0},{"damage":12.0,"enemies":"Automaton","floor":33.0,"turns":5.0},{"damage":21.0,"enemies":"3 Shapes","floor":35.0,"turns":4.0},{"damage":47.0,"enemies":"3 Darklings","floor":37.0,"turns":6.0},{"damage":28.0,"enemies":"Spire Growth","floor":38.0,"turns":6.0},{"damage":21.0,"enemies":"Transient","floor":39.0,"turns":4.0},{"damage":29.0,"enemies":"3 Darklings","floor":41.0,"turns":4.0},{"damage":31.0,"enemies":"Giant Head","floor":44.0,"turns":6.0},{"damage":33.0,"enemies":"2 Orb Walkers","floor":46.0,"turns":4.0},{"damage":41,"enemies":"Jaw Worm Horde","floor":47,"turns":5},{"damage":37,"enemies":"Donu and Deca","floor":50,"turns":2}],"seed_played":"4126295889236270585","potions_obtained":[{"floor":1.0,"key":"BloodPotion"},{"floor":13.0,"key":"BloodPotion"},{"floor":19.0,"key":"Energy Potion"},{"floor":23.0,"key":"PowerPotion"},{"floor":31.0,"key":"BloodPotion"},{"floor":33.0,"key":"Weak Potion"},{"floor":39.0,"key":"Weak Potion"},{"floor":41.0,"key":"SteroidPotion"},{"floor":46.0,"key":"LiquidBronze"}],"is_trial":false,"path_per_floor":["M","$","?","M","?","R","E","R","T","R","M","T","M","?","R","B",null,"M","M","M","?","$","E","R","?","T","$","R","M","R","M","R","B",null,"M","?","M","M","M","R","M","R","T","E","R","?","M","$","R","B"],"character_chosen":"IRONCLAD","items_purchased":["ClockworkSouvenir","Reaper","Clothesline","Seeing Red","Purity","Havoc","Inflame","Ancient Potion","Pommel Strike","Magic Flower","Ghostly Armor","Swift Potion","SkillPotion","EssenceOfSteel"],"campfire_rested":1,"item_purchase_floors":[2,2,2,22,22,22,22,22,22,48,48,48,48,48],"current_hp_per_floor":[72,72,72,72,72,72,51,51,51,51,60,60,66,66,66,41,64,58,57,63,63,63,72,72,72,72,72,72,75,75,75,75,69,74,70,63,51,36,45,45,82,82,82,61,61,42,11,11,36,0],"gold":35,"neow_bonus":"TWO_FIFTY_GOLD","is_prod":false,"is_daily":false,"chose_seed":false,"campfire_upgraded":11,"win_rate":0,"timestamp":1557960879,"path_taken":["M","?","?","M","?","R","E","R","T","R","M","?","M","?","R","BOSS","M","M","M","?","$","E","R","?","T","$","R","M","R","M","R","BOSS","M","?","M","M","M","R","?","R","T","E","R","?","M","$","R","BOSS"],"build_version":"2019-01-23","purchased_purges":2,"victory":false,"max_hp_per_floor":[72,72,72,72,72,72,72,72,72,72,72,72,72,72,72,72,72,72,72,72,72,72,72,72,72,72,72,72,75,75,75,75,75,75,75,75,79,82,82,82,82,82,82,82,82,86,86,86,86,86],"card_choices":[{"not_picked":["Pummel","Rupture"],"picked":"Whirlwind","floor":1.0},{"not_picked":["Twin Strike","Clash"],"picked":"Iron Wave","floor":4.0},{"not_picked":["Body Slam","Searing Blow"],"picked":"Intimidate","floor":7.0},{"not_picked":["Havoc","Combust"],"picked":"Flex","floor":11.0},{"not_picked":["Battle Trance","Heavy Blade"],"picked":"Spot Weakness","floor":13.0},{"not_picked":["Juggernaut","Immolate"],"picked":"Limit Break","floor":16.0},{"not_picked":["Cleave","Thunderclap"],"picked":"Headbutt","floor":18.0},{"not_picked":["Flex","Headbutt"],"picked":"Shockwave","floor":19.0},{"not_picked":["True Grit","Flex"],"picked":"Metallicize","floor":20.0},{"not_picked":["Bloodletting","Spot Weakness+1"],"picked":"Feed","floor":23.0},{"not_picked":["Body Slam","Armaments"],"picked":"Metallicize+1","floor":29.0},{"not_picked":["Flex","Dropkick+1"],"picked":"Heavy Blade","floor":31.0},{"not_picked":["Double Tap","Barricade"],"picked":"Offering","floor":33.0},{"not_picked":["Pommel Strike+1","Twin Strike"],"picked":"Warcry+1","floor":35.0},{"not_picked":["Clash+1","Combust+1"],"picked":"Dropkick","floor":37.0},{"not_picked":["Clash+1","Iron Wave+1","Carnage+1"],"picked":"SKIP","floor":38.0},{"not_picked":["Headbutt","Infernal Blade"],"picked":"Dark Embrace","floor":39.0},{"not_picked":["Rupture","Rampage+1"],"picked":"Dual Wield+1","floor":41.0},{"not_picked":["Perfected Strike","Shockwave"],"picked":"Iron Wave+1","floor":44.0},{"not_picked":["Clothesline+1","Evolve"],"picked":"Flex+1","floor":46.0},{"not_picked":["Flex+1","Sever Soul+1"],"picked":"Armaments+1","floor":47},{"not_picked":["Body Slam","Inflame+1"],"picked":"Heavy Blade+1","floor":49}],"player_experience":619168,"relics_obtained":[{"floor":7.0,"key":"Dead Branch"},{"floor":9.0,"key":"Boot"},{"floor":12.0,"key":"Happy Flower"},{"floor":23.0,"key":"Vajra"},{"floor":26.0,"key":"Dream Catcher"},{"floor":44.0,"key":"Art of War"},{"floor":46.0,"key":"Old Coin"}],"event_choices":[{"damage_healed":0.0,"max_hp_gain":0.0,"max_hp_loss":0.0,"gold_gain":0.0,"event_name":"The Cleric","player_choice":"Leave","floor":3.0,"gold_loss":0.0,"damage_taken":0.0},{"damage_healed":0.0,"max_hp_gain":0.0,"max_hp_loss":0.0,"gold_gain":66.0,"event_name":"Golden Wing","player_choice":"Gained Gold","floor":5.0,"gold_loss":0.0,"damage_taken":0.0},{"damage_healed":0.0,"max_hp_gain":0.0,"max_hp_loss":0.0,"gold_gain":0.0,"event_name":"Match and Keep!","player_choice":"1 cards matched","floor":14.0,"gold_loss":0.0,"damage_taken":0.0,"cards_obtained":["Impatience"]},{"damage_healed":0.0,"max_hp_gain":0.0,"max_hp_loss":0.0,"gold_gain":99.0,"event_name":"Nest","player_choice":"Stole From Cult","floor":21.0,"gold_loss":0.0,"damage_taken":0.0},{"damage_healed":0.0,"max_hp_gain":0.0,"max_hp_loss":0.0,"gold_gain":0.0,"event_name":"The Mausoleum","player_choice":"Opened","floor":25.0,"gold_loss":0.0,"damage_taken":0.0,"relics_obtained":["Ancient Tea Set"],"cards_obtained":["Writhe"]},{"damage_healed":0.0,"max_hp_gain":0.0,"max_hp_loss":0.0,"gold_gain":75.0,"event_name":"FaceTrader","player_choice":"Touch","floor":36.0,"gold_loss":0.0,"damage_taken":7.0},{"damage_healed":0.0,"max_hp_gain":0.0,"max_hp_loss":0.0,"gold_gain":0.0,"event_name":"Mysterious Sphere","player_choice":"Fight","floor":46.0,"gold_loss":0.0,"damage_taken":0.0}],"is_beta":false,"boss_relics":[{"not_picked":["Ectoplasm","Fusion Hammer"],"picked":"Astrolabe"},{"not_picked":["Coffee Dripper","Calling Bell"],"picked":"Black Blood"}],"items_purged_floors":[27,48],"is_endless":false,"potions_floor_spawned":[1,13,19,23,31,33,39,41,46],"killed_by":"Donu and Deca","ascension_level":5}