{"gold_per_floor":[113,123,137,150,75,75,91,91,91,123,141,141,176,176,176,176],"floor_reached":16,"playtime":602,"items_purged":["Strike_G"],"score":179,"play_id":"063d1100-e50d-4cac-8a06-f2b9cf935a01","local_time":"20181208210838","is_ascension_mode":true,"campfire_choices":[{"floor":6,"key":"RECALL"},{"data":"Footwork","floor":8,"key":"SMITH"},{"floor":15,"key":"REST"}],"neow_cost":"NONE","seed_source_timestamp":417111113785310,"circlet_count":0,"master_deck":["AscendersBane","Defend_G","Defend_G","Defend_G","Defend_G","Defend_G","Strike_G","Strike_G","Strike_G","Survivor","Neutralize","Quick Slash","Footwork+1","Sucker Punch","Flying Knee","Dodge and Roll","Dodge and Roll"],"relics":["Ring of the Snake","Du-Vu Doll","Prayer Wheel"],"potions_floor_usage":[11,13,16],"damage_taken":[{"damage":0,"enemies":"2 Louse","floor":1,"turns":4},{"damage":2,"enemies":"Small Slimes","floor":2,"turns":3},{"damage":6,"enemies":"Jaw Worm","floor":3,"turns":5},{"damage":0,"enemies":"Exordium Wildlife","floor":4,"turns":6},{"damage":6,"enemies":"Blue Slaver","floor":7,"turns":4},{"damage":17,"enemies":"Gremlin Nob","floor":10,"turns":5},{"damage":0,"enemies":"3 Louse","floor":11,"turns":1},{"damage":25,"enemies":"Lagavulin","floor":13,"turns":11},{"damage":37,"enemies":"Slime Boss","floor":16,"turns":8}],"seed_played":"3846221489304289262","potions_obtained":[{"floor":2,"key":"GamblersBrew"},{"floor":3,"key":"Energy Potion"},{"floor":4,"key":"Explosive Potion"},{"floor":13,"key":"Swift Potion"}],"is_trial":false,"path_per_floor":["M","M","M","M","$","R","M","R","T","E","M","?","E","?","R","B"],"character_chosen":"THE_SILENT","items_purchased":[],"campfire_rested":1,"item_purchase_floors":[],"current_hp_per_floor":[70,68,62,62,62,62,56,56,56,39,39,32,7,7,30,0],"gold":176,"neow_bonus":"TEN_PERCENT_HP_BONUS","is_prod":false,"is_daily":false,"chose_seed":false,"campfire_upgraded":1,"win_rate":0,"timestamp":1544321318,"path_taken":["M","M","M","M","$","R","M","R","T","E","M","?","E","?","R","BOSS"],"build_version":"2018-12-06","purchased_purges":1,"victory":false,"max_hp_per_floor":[77,77,77,77,77,77,77,77,77,77,77,77,77,77,77,77],"card_choices":[{"not_picked":["Outmaneuver","Leg Sweep"],"picked":"Quick Slash","floor":1},{"not_picked":["Prepared","Masterful Stab"],"picked":"Footwork","floor":2},{"not_picked":["Prepared","Concentrate"],"picked":"Sucker Punch","floor":3},{"not_picked":["Distraction","Dagger Throw"],"picked":"Flying Knee","floor":4},{"not_picked":["PiercingWail","Dodge and Roll","Sucker Punch"],"picked":"SKIP","floor":7},{"not_picked":["Outmaneuver","Setup"],"picked":"Dodge and Roll","floor":10},{"not_picked":["Deadly Poison","Underhanded Strike","Masterful Stab"],"picked":"SKIP","floor":11},{"not_picked":["Bouncing Flask","Reflex"],"picked":"Dodge and Roll","floor":13}],"player_experience":840923,"relics_obtained":[{"floor":10,"key":"Du-Vu Doll"},{"floor":13,"key":"Prayer Wheel"}],"event_choices":[{"cards_removed":["Strike_G"],"damage_healed":0,"gold_gain":0,"player_choice":"Card Removal","damage_taken":7,"max_hp_gain":0,"max_hp_loss":0,"event_name":"Golden Wing","floor":12,"gold_loss":0},{"damage_healed":0,"gold_gain":0,"player_choice":"Ignored","damage_taken":0,"max_hp_gain":0,"max_hp_loss":0,"event_name":"Shining Light","floor":14,"gold_loss":0}],"is_beta":false,"boss_relics":[],"items_purged_floors":[5],"is_endless":false,"potions_floor_spawned":[2,3,4,13],"killed_by":"Slime Boss","ascension_level":12}