{"gold_per_floor":[109,34,47,47,63,63,88,40,40,40,50,79,92,92],"floor_reached":14,"playtime":737,"items_purged":["Strike_G"],"score":170,"play_id":"38665690-b572-41d9-b3df-89a8e6f8a703","local_time":"20181220025722","is_ascension_mode":true,"campfire_choices":[{"data":"Skewer","floor":6,"key":"SMITH"},{"floor":10,"key":"REST"}],"neow_cost":"NONE","seed_source_timestamp":545209048663171,"circlet_count":0,"master_deck":["AscendersBane","Defend_G","Defend_G","Defend_G","Defend_G","Defend_G","Strike_G","Strike_G","Strike_G","Strike_G","Survivor","Neutralize","Burst","Skewer+1","Decay","Dark Shackles","Calculated Gamble","Deflect","Deflect","Acrobatics","Doppelganger","Well Laid Plans","Underhanded Strike"],"relics":["Ring of the Snake","Prayer Wheel","Girya"],"potions_floor_usage":[7,11,11],"damage_taken":[{"damage":2,"enemies":"Cultist","floor":1,"turns":4},{"damage":3,"enemies":"2 Louse","floor":3,"turns":3},{"damage":1,"enemies":"Small Slimes","floor":5,"turns":4},{"damage":42,"enemies":"Gremlin Nob","floor":7,"turns":6},{"damage":9,"enemies":"Exordium Thugs","floor":11,"turns":7},{"damage":17,"enemies":"3 Sentries","floor":12,"turns":14},{"damage":0,"enemies":"Large Slime","floor":13,"turns":4},{"damage":14,"enemies":"Blue Slaver","floor":14,"turns":5}],"seed_played":"-245894440550507471","potions_obtained":[{"floor":3,"key":"Strength Potion"},{"floor":7,"key":"Explosive Potion"}],"is_trial":false,"path_per_floor":["M","$","M","?","M","R","E","$","T","R","M","E","M","M"],"character_chosen":"THE_SILENT","items_purchased":["Poison Potion"],"campfire_rested":1,"item_purchase_floors":[8],"current_hp_per_floor":[57,57,54,54,53,53,11,11,11,30,21,4,4,0],"gold":92,"neow_bonus":"ONE_RANDOM_RARE_CARD","is_prod":false,"is_daily":false,"chose_seed":false,"campfire_upgraded":1,"win_rate":0,"timestamp":1545292642,"path_taken":["M","?","M","?","M","R","E","$","T","R","M","E","?","?"],"build_version":"2018-12-13","purchased_purges":1,"victory":false,"max_hp_per_floor":[66,66,66,66,66,66,66,66,66,66,66,66,66,66],"card_choices":[{"not_picked":["Acrobatics","Quick Slash"],"picked":"Skewer","floor":1},{"not_picked":["Slice","Dagger Throw","Dash"],"picked":"SKIP","floor":3},{"not_picked":["Deadly Poison","Predator"],"picked":"Deflect","floor":5},{"not_picked":["Distraction","Dagger Spray"],"picked":"Deflect","floor":7},{"not_picked":["Prepared","Deflect"],"picked":"Acrobatics","floor":11},{"not_picked":["Backflip","Calculated Gamble"],"picked":"Doppelganger","floor":11},{"not_picked":["Noxious Fumes","Flying Knee"],"picked":"Well Laid Plans","floor":12},{"not_picked":["Blade Dance","Caltrops"],"picked":"Underhanded Strike","floor":13},{"not_picked":["Slice","PiercingWail","Dodge and Roll"],"picked":"SKIP","floor":13}],"player_experience":925435,"relics_obtained":[{"floor":7,"key":"Prayer Wheel"},{"floor":12,"key":"Girya"}],"event_choices":[{"damage_healed":0,"gold_gain":0,"player_choice":"3 cards matched","damage_taken":0,"max_hp_gain":0,"max_hp_loss":0,"event_name":"Match and Keep!","floor":4,"gold_loss":0,"cards_obtained":["Decay","Dark Shackles","Calculated Gamble"]},{"damage_healed":0,"gold_gain":0,"player_choice":"3 cards matched","damage_taken":0,"max_hp_gain":0,"max_hp_loss":0,"event_name":"Match and Keep!","floor":4,"gold_loss":0,"cards_obtained":["Decay","Dark Shackles","Calculated Gamble"]}],"is_beta":false,"boss_relics":[],"items_purged_floors":[2],"is_endless":false,"potions_floor_spawned":[3,7],"killed_by":"Blue Slaver","ascension_level":14}