{"gold_per_floor":[115,129,129,139,4,33,33,107,176,189,202,232,232,250,250,345,345,362,381,381],"floor_reached":20,"playtime":2437,"items_purged":[],"score":242,"play_id":"ac60ca81-c0b5-4e7c-9fdf-5956452a82a1","local_time":"20190520062535","is_ascension_mode":true,"campfire_choices":[{"floor":7,"key":"REST"},{"floor":13,"key":"REST"},{"floor":15,"key":"REST"}],"neow_cost":"NONE","seed_source_timestamp":64804832404362,"circlet_count":0,"master_deck":["Strike_B","Strike_B","Strike_B","Strike_B","Defend_B","Defend_B","Defend_B","Defend_B","Zap","Dualcast","Static Discharge","Coolheaded","Static Discharge","Seek","Self Repair","Stack","Rip and Tear","Storm","Loop","Buffer","Core Surge","Cold Snap+1","Sweeping Beam+1"],"relics":["Cracked Core","Juzu Bracelet","Mercury Hourglass","Cables","Strawberry","Inserter"],"potions_floor_usage":[4,6,19,19,20],"damage_taken":[{"damage":4,"enemies":"Jaw Worm","floor":1,"turns":4},{"damage":3,"enemies":"Cultist","floor":2,"turns":4},{"damage":1,"enemies":"2 Louse","floor":4,"turns":2},{"damage":39,"enemies":"Gremlin Nob","floor":6,"turns":4},{"damage":12,"enemies":"Gremlin Gang","floor":10,"turns":4},{"damage":6,"enemies":"Blue Slaver","floor":11,"turns":3},{"damage":34,"enemies":"Lagavulin","floor":12,"turns":4},{"damage":12,"enemies":"2 Fungi Beasts","floor":14,"turns":2},{"damage":46,"enemies":"The Guardian","floor":16,"turns":9},{"damage":32,"enemies":"Shell Parasite","floor":18,"turns":5},{"damage":22,"enemies":"Spheric Guardian","floor":19,"turns":4},{"damage":37,"enemies":"3 Cultists","floor":20,"turns":4}],"seed_played":"-5006157424635952449","potions_obtained":[{"floor":2,"key":"Explosive Potion"},{"floor":6,"key":"PowerPotion"},{"floor":10,"key":"FocusPotion"},{"floor":16,"key":"Poison Potion"}],"is_trial":false,"path_per_floor":["M","M","?","M","$","E","R","T","T","M","M","E","R","M","R","B",null,"M","M","M"],"character_chosen":"DEFECT","items_purchased":["Self Repair","Stack","Strength Potion"],"campfire_rested":3,"item_purchase_floors":[5,5,5],"current_hp_per_floor":[64,61,61,60,60,28,50,50,50,45,46,26,50,45,69,30,69,44,29,0],"gold":381,"neow_bonus":"THREE_CARDS","is_prod":false,"is_daily":false,"chose_seed":false,"campfire_upgraded":0,"win_rate":0,"timestamp":1558297535,"path_taken":["M","M","?","M","?","E","R","?","T","M","M","E","R","M","R","BOSS","M","M","M"],"build_version":"2019-01-23","purchased_purges":0,"victory":false,"max_hp_per_floor":[75,75,75,75,75,75,75,75,75,75,75,82,82,82,82,82,82,82,82,82],"card_choices":[{"not_picked":["Recycle","Hologram"],"picked":"Static Discharge","floor":0},{"not_picked":["Go for the Eyes","Streamline"],"picked":"Coolheaded","floor":1},{"not_picked":["Go for the Eyes","Gash"],"picked":"Static Discharge","floor":2},{"not_picked":["Sweeping Beam","Coolheaded"],"picked":"Seek","floor":4},{"not_picked":["Stack","Consume"],"picked":"Rip and Tear","floor":6},{"not_picked":["Steam","Barrage"],"picked":"Storm","floor":10},{"not_picked":["Tempest","Streamline"],"picked":"Loop","floor":11},{"not_picked":["Cold Snap","Heatsinks"],"picked":"Buffer","floor":12},{"not_picked":["Steam","Streamline","Scrape"],"picked":"SKIP","floor":14},{"not_picked":["Seek","Fission"],"picked":"Core Surge","floor":16},{"not_picked":["Force Field+1","Capacitor"],"picked":"Cold Snap+1","floor":18},{"not_picked":["Rip and Tear","Hologram"],"picked":"Sweeping Beam+1","floor":19}],"player_experience":679141,"relics_obtained":[{"floor":6,"key":"Juzu Bracelet"},{"floor":8,"key":"Mercury Hourglass"},{"floor":9,"key":"Cables"},{"floor":12,"key":"Strawberry"}],"event_choices":[{"damage_healed":0,"gold_gain":0,"player_choice":"Bought 0 Potions","damage_taken":0,"max_hp_gain":0,"max_hp_loss":0,"event_name":"The Woman in Blue","floor":3,"gold_loss":0}],"is_beta":false,"boss_relics":[{"not_picked":["Velvet Choker","Busted Crown"],"picked":"Inserter"}],"items_purged_floors":[],"is_endless":false,"potions_floor_spawned":[2,6,10,16,18],"killed_by":"3 Cultists","ascension_level":6}