{"gold_per_floor":[117,217,104,121,133,133,167,167,214,214,242,46,62,80,80,184,184,204,219,119,119,44,44,44,78,101,101,116,116,56,84,84,84],"floor_reached":33,"playtime":1385,"items_purged":["Strike_G","Strike_G"],"score":411,"play_id":"23e750fc-2bf0-4220-bbbf-a0b71c59cf3b","local_time":"20190822173955","daily_mods":["Heirloom"],"is_ascension_mode":true,"campfire_choices":[{"data":"Noxious Fumes","floor":6.0,"key":"SMITH"},{"data":"Deadly Poison","floor":8.0,"key":"SMITH"},{"data":"Neutralize","floor":10.0,"key":"SMITH"},{"data":"Night Terror","floor":15.0,"key":"SMITH"},{"data":"Bullet Time","floor":23,"key":"SMITH"},{"floor":27,"key":"REST"},{"data":"Dodge and Roll","floor":29,"key":"SMITH"},{"floor":32,"key":"REST"}],"neow_cost":"","seed_source_timestamp":181524824668700,"circlet_count":0,"master_deck":["Strike_G","Defend_G","Defend_G","Defend_G","Defend_G","Defend_G","Survivor","Neutralize+1","Noxious Fumes+1","Deadly Poison+1","Dodge and Roll+1","Night Terror+1","Blur","Bullet Time+1","PiercingWail"],"special_seed":0,"relics":["Ring of the Snake","Unceasing Top","Potion Belt","Vajra","Boot","TwistedFunnel","Philosopher\u0027s Stone","Strawberry","Bag of Preparation","Juzu Bracelet"],"potions_floor_usage":[19,31,33],"damage_taken":[{"damage":3.0,"enemies":"Small Slimes","floor":1.0,"turns":4.0},{"damage":1.0,"enemies":"Cultist","floor":4.0,"turns":4.0},{"damage":0.0,"enemies":"2 Louse","floor":5.0,"turns":3.0},{"damage":16.0,"enemies":"Lagavulin","floor":7.0,"turns":8.0},{"damage":14.0,"enemies":"3 Sentries","floor":11.0,"turns":7.0},{"damage":0.0,"enemies":"Large Slime","floor":13.0,"turns":5.0},{"damage":0.0,"enemies":"2 Fungi Beasts","floor":14.0,"turns":3.0},{"damage":4.0,"enemies":"The Guardian","floor":16.0,"turns":9.0},{"damage":5.0,"enemies":"Chosen","floor":18.0,"turns":5.0},{"damage":15,"enemies":"Spheric Guardian","floor":19,"turns":4},{"damage":27,"enemies":"Gremlin Leader","floor":25,"turns":6},{"damage":17,"enemies":"Cultist and Chosen","floor":28,"turns":7},{"damage":43,"enemies":"Slavers","floor":31,"turns":9},{"damage":32,"enemies":"Collector","floor":33,"turns":5}],"seed_played":"-2382870625974690413","potions_obtained":[{"floor":4.0,"key":"EssenceOfSteel"},{"floor":5.0,"key":"SkillPotion"},{"floor":14.0,"key":"FairyPotion"},{"floor":28,"key":"SpeedPotion"},{"floor":31,"key":"Weak Potion"}],"is_trial":true,"path_per_floor":["M","?","$","M","M","R","E","R","T","R","E","$","M","M","R","B",null,"M","M","$","$","?","R","?","E","T","R","M","R","?","E","R","B"],"character_chosen":"THE_SILENT","items_purchased":["Noxious Fumes","TwistedFunnel"],"campfire_rested":2,"item_purchase_floors":[3,12],"current_hp_per_floor":[67,67,67,66,66,66,50,50,50,50,36,36,36,36,36,32,70,65,50,50,50,50,50,50,30,30,53,36,36,36,1,24,0],"gold":84,"neow_bonus":"","is_prod":false,"is_daily":false,"chose_seed":false,"campfire_upgraded":6,"win_rate":0,"timestamp":1566488395,"path_taken":["M","?","$","M","?","R","E","R","T","R","E","$","M","M","R","BOSS","M","M","?","$","?","R","?","E","T","R","M","R","?","E","R","BOSS"],"build_version":"2019-07-17","purchased_purges":2,"victory":false,"max_hp_per_floor":[70,70,70,70,70,70,70,70,70,70,70,70,70,70,70,70,70,70,70,70,70,70,70,70,77,77,77,77,77,77,77,77,77],"card_choices":[{"not_picked":["Bane","All Out Attack","Dagger Throw"],"picked":"SKIP","floor":1.0},{"not_picked":["Predator","Skewer","Dagger Throw"],"picked":"SKIP","floor":4.0},{"not_picked":["Acrobatics","Dagger Throw"],"picked":"Deadly Poison","floor":5.0},{"not_picked":["Acrobatics","Distraction","Dagger Throw"],"picked":"SKIP","floor":7.0},{"not_picked":["Reflex","Dagger Throw"],"picked":"Dodge and Roll","floor":11.0},{"not_picked":["Escape Plan","Bane"],"picked":"Night Terror","floor":13.0},{"not_picked":["Dagger Throw","Underhanded Strike"],"picked":"Blur","floor":14.0},{"not_picked":["Doppelganger","Malaise"],"picked":"Bullet Time","floor":16.0},{"not_picked":["Backstab","Reflex","Quick Slash"],"picked":"SKIP","floor":18.0},{"not_picked":["Cloak And Dagger","Slice","Tactician"],"picked":"SKIP","floor":19},{"not_picked":["Prepared","Outmaneuver"],"picked":"PiercingWail","floor":25},{"not_picked":["Prepared","Finisher+1","Blade Dance"],"picked":"SKIP","floor":28},{"not_picked":["Terror+1","Caltrops","Dodge and Roll"],"picked":"SKIP","floor":31}],"player_experience":127482,"relics_obtained":[{"floor":7.0,"key":"Potion Belt"},{"floor":9.0,"key":"Vajra"},{"floor":11.0,"key":"Boot"},{"floor":25,"key":"Strawberry"},{"floor":26,"key":"Bag of Preparation"},{"floor":31,"key":"Juzu Bracelet"}],"event_choices":[{"damage_healed":0.0,"max_hp_gain":0.0,"max_hp_loss":0.0,"gold_gain":100.0,"event_name":"Golden Shrine","player_choice":"Pray","floor":2.0,"gold_loss":0.0,"damage_taken":0.0},{"cards_removed":["Strike_G"],"damage_healed":0,"gold_gain":0,"player_choice":"Gave Gold","damage_taken":0,"max_hp_gain":0,"max_hp_loss":0,"event_name":"Beggar","floor":22,"gold_loss":75},{"damage_healed":0,"gold_gain":0,"player_choice":"Ignored","damage_taken":0,"max_hp_gain":0,"max_hp_loss":0,"event_name":"Cursed Tome","floor":24,"gold_loss":0},{"cards_removed":["Strike_G"],"damage_healed":0,"gold_gain":0,"player_choice":"Single Remove","damage_taken":0,"max_hp_gain":0,"max_hp_loss":0,"event_name":"Designer","floor":30,"gold_loss":60}],"is_beta":false,"boss_relics":[{"not_picked":["Cursed Key","White Beast Statue"],"picked":"Philosopher\u0027s Stone"}],"items_purged_floors":[3,20],"is_endless":true,"potions_floor_spawned":[4,5,14,28,31],"killed_by":"Collector","ascension_level":1}