{"gold_per_floor":[110,120,138,138,154,181,181,10,10,40,40,57,57,74,74,179,179,165,65,65,80,99,99,99],"floor_reached":24,"playtime":1088,"items_purged":["Strike_B","Strike_B"],"score":317,"play_id":"7a682e16-bc26-49b6-a17b-55d284bf22ef","local_time":"20181205012553","is_ascension_mode":true,"campfire_choices":[{"data":"Compile Driver","floor":7,"key":"SMITH"},{"data":"Zap","floor":11,"key":"SMITH"},{"floor":13,"key":"REST"},{"floor":15,"key":"REST"},{"data":"Fission","floor":23,"key":"SMITH"}],"neow_cost":"NONE","seed_source_timestamp":86456287096593,"circlet_count":0,"master_deck":["AscendersBane","Strike_B","Defend_B","Defend_B","Defend_B","Defend_B","Zap+1","Dualcast","Beam Cell","Hologram","Chaos+1","Go for the Eyes","Compile Driver+1","Scrape","Gash","Chill","Core Surge","Fission+1"],"relics":["FrozenCore","Dead Branch","FossilizedHelix"],"potions_floor_usage":[6,22,22],"damage_taken":[{"damage":3,"enemies":"Small Slimes","floor":1,"turns":3},{"damage":0,"enemies":"Cultist","floor":2,"turns":3},{"damage":6,"enemies":"Jaw Worm","floor":3,"turns":3},{"damage":2,"enemies":"Exordium Wildlife","floor":5,"turns":6},{"damage":37,"enemies":"Gremlin Nob","floor":6,"turns":4},{"damage":17,"enemies":"Lots of Slimes","floor":12,"turns":3},{"damage":0,"enemies":"Blue Slaver","floor":14,"turns":2},{"damage":20,"enemies":"Slime Boss","floor":16,"turns":10},{"damage":13,"enemies":"2 Thieves","floor":18,"turns":4},{"damage":0,"enemies":"3 Byrds","floor":21,"turns":5},{"damage":9,"enemies":"Snake Plant","floor":22,"turns":4},{"damage":41,"enemies":"Slavers","floor":24,"turns":4}],"seed_played":"-8612914313300408012","potions_obtained":[{"floor":2,"key":"Poison Potion"},{"floor":14,"key":"Weak Potion"},{"floor":16,"key":"Weak Potion"},{"floor":18,"key":"GamblersBrew"}],"is_trial":false,"path_per_floor":["M","M","M","?","M","E","R","$","T","?","R","M","R","M","R","B",null,"M","$","?","M","M","R","E"],"character_chosen":"DEFECT","items_purchased":["Scrape","Gash"],"campfire_rested":2,"item_purchase_floors":[8,8],"current_hp_per_floor":[65,65,59,59,57,20,20,20,20,20,20,3,25,25,47,27,63,50,50,50,50,41,41,0],"gold":99,"neow_bonus":"REMOVE_CARD","is_prod":false,"is_daily":false,"chose_seed":false,"campfire_upgraded":3,"win_rate":0,"timestamp":1543991153,"path_taken":["M","M","M","?","M","E","R","?","T","?","R","?","R","M","R","BOSS","M","?","?","M","M","R","E"],"build_version":"2018-11-15","purchased_purges":2,"victory":false,"max_hp_per_floor":[75,75,75,75,75,75,75,75,75,75,75,75,75,75,75,75,75,75,75,75,75,75,75,75],"card_choices":[{"not_picked":["Storm","Conserve Battery"],"picked":"Beam Cell","floor":1},{"not_picked":["Beam Cell","Recycle"],"picked":"Hologram","floor":2},{"not_picked":["Steam","Hello World"],"picked":"Chaos","floor":3},{"not_picked":["Turbo","Hyperbeam"],"picked":"Go for the Eyes","floor":5},{"not_picked":["Redo","Barrage"],"picked":"Compile Driver","floor":6},{"not_picked":["Hologram","Streamline"],"picked":"Chill","floor":12},{"not_picked":["Rebound","Conserve Battery"],"picked":"Core Surge","floor":14},{"not_picked":["Buffer","Rainbow"],"picked":"Fission","floor":16},{"not_picked":["Doom and Gloom","Streamline","Undo"],"picked":"SKIP","floor":18},{"not_picked":["Rebound","Beam Cell","Force Field"],"picked":"SKIP","floor":21},{"not_picked":["Stack","Steam+1","Buffer"],"picked":"SKIP","floor":22}],"player_experience":807067,"relics_obtained":[{"floor":6,"key":"Dead Branch"},{"floor":9,"key":"FossilizedHelix"}],"event_choices":[{"damage_healed":0,"gold_gain":0,"player_choice":"Forge","damage_taken":0,"max_hp_gain":0,"max_hp_loss":0,"event_name":"Accursed Blacksmith","floor":4,"gold_loss":0,"cards_upgraded":["Chaos"]},{"damage_healed":0,"gold_gain":30,"player_choice":"Searched \u00272\u0027 times","damage_taken":0,"max_hp_gain":0,"max_hp_loss":0,"event_name":"Dead Adventurer","floor":10,"gold_loss":0},{"damage_healed":0,"gold_gain":0,"player_choice":"Ignored","damage_taken":0,"max_hp_gain":0,"max_hp_loss":0,"event_name":"Vampires","floor":20,"gold_loss":0}],"is_beta":false,"boss_relics":[{"not_picked":["Calling Bell","Eternal Feather"],"picked":"FrozenCore"}],"items_purged_floors":[8,19],"is_endless":false,"potions_floor_spawned":[2,14,16,18],"killed_by":"Slavers","ascension_level":12}