{"gold_per_floor":[126,138,120,149,179,191,237,267,279,291,330,352,384,12,12,83,83,40,40,40,59,59,59],"floor_reached":23,"playtime":2570,"items_purged":[],"score":502,"play_id":"120396ad-5126-4bce-a092-fc7927136068","local_time":"20190505065900","is_ascension_mode":true,"campfire_choices":[{"data":"Neutralize","floor":6.0,"key":"SMITH"},{"data":"Skewer","floor":10.0,"key":"SMITH"},{"floor":15,"key":"REST"}],"neow_cost":"NONE","seed_source_timestamp":936358772957700,"circlet_count":0,"master_deck":["AscendersBane","Defend_G","Defend_G","Defend_G","Defend_G","Defend_G","Strike_G","Strike_G","Strike_G","Strike_G","Strike_G","Survivor","Neutralize+1","Dagger Throw","Endless Agony","Dash","Skewer+1","Footwork","Dodge and Roll","Infinite Blades","Heel Hook","Wraith Form v2","Cloak And Dagger","Quick Slash+1"],"special_seed":0,"relics":["Ring of the Snake","MawBank","Boot","Shuriken","Bird Faced Urn","ClockworkSouvenir","Omamori","Philosopher\u0027s Stone","Ginger","Mummified Hand"],"potions_floor_usage":[16,21],"damage_taken":[{"damage":1.0,"enemies":"Cultist","floor":1.0,"turns":5.0},{"damage":1.0,"enemies":"2 Louse","floor":4.0,"turns":2.0},{"damage":0.0,"enemies":"Jaw Worm","floor":5.0,"turns":7.0},{"damage":25.0,"enemies":"Lagavulin","floor":7.0,"turns":8.0},{"damage":0.0,"enemies":"3 Louse","floor":8.0,"turns":3.0},{"damage":13.0,"enemies":"3 Sentries","floor":11.0,"turns":8.0},{"damage":0.0,"enemies":"Looter","floor":12.0,"turns":1.0},{"damage":2,"enemies":"Exordium Thugs","floor":13,"turns":5},{"damage":0,"enemies":"Slime Boss","floor":16,"turns":7},{"damage":18,"enemies":"2 Thieves","floor":18,"turns":5},{"damage":40,"enemies":"3 Byrds","floor":21,"turns":8},{"damage":35,"enemies":"Book of Stabbing","floor":23,"turns":4}],"seed_played":"-6731671974862026177","potions_obtained":[{"floor":3.0,"key":"SkillPotion"},{"floor":3.0,"key":"Swift Potion"},{"floor":7.0,"key":"EssenceOfSteel"},{"floor":11.0,"key":"Fire Potion"},{"floor":13,"key":"Strength Potion"}],"is_trial":false,"path_per_floor":["M","?","?","M","M","R","E","M","T","R","E","M","M","$","R","B",null,"M","?","?","M","?","E"],"character_chosen":"THE_SILENT","items_purchased":["ClockworkSouvenir","Omamori"],"campfire_rested":1,"item_purchase_floors":[14,14],"current_hp_per_floor":[58,58,58,57,57,57,32,32,32,32,19,19,19,19,38,40,60,46,59,59,25,25,0],"gold":59,"neow_bonus":"RANDOM_COMMON_RELIC","is_prod":false,"is_daily":false,"chose_seed":false,"campfire_upgraded":2,"win_rate":0,"timestamp":1557053940,"path_taken":["M","?","?","M","M","R","E","?","T","R","E","M","M","?","R","BOSS","M","?","?","M","?","E"],"build_version":"2019-01-23","purchased_purges":0,"victory":false,"max_hp_per_floor":[66,66,66,66,66,66,66,66,66,66,66,66,66,66,66,66,66,66,66,66,66,66,66],"card_choices":[{"not_picked":["Prepared","Deadly Poison"],"picked":"Dagger Throw","floor":1.0},{"not_picked":["Tactician","Eviscerate"],"picked":"Endless Agony","floor":4.0},{"not_picked":["Endless Agony","Backflip"],"picked":"Dash","floor":5.0},{"not_picked":["Leg Sweep","Underhanded Strike"],"picked":"Skewer","floor":7.0},{"not_picked":["Tactician","Well Laid Plans"],"picked":"Footwork","floor":8.0},{"not_picked":["Eviscerate","Deadly Poison"],"picked":"Dodge and Roll","floor":11.0},{"not_picked":["Poisoned Stab","Dagger Throw"],"picked":"Infinite Blades","floor":12.0},{"not_picked":["Sucker Punch","Infinite Blades"],"picked":"Heel Hook","floor":13},{"not_picked":["Envenom","Unload"],"picked":"Wraith Form v2","floor":16},{"not_picked":["Backflip","Footwork"],"picked":"Cloak And Dagger","floor":18},{"not_picked":["Predator","Acrobatics"],"picked":"Quick Slash+1","floor":21}],"player_experience":1426500,"relics_obtained":[{"floor":7.0,"key":"Boot"},{"floor":9.0,"key":"Shuriken"},{"floor":11.0,"key":"Bird Faced Urn"}],"event_choices":[{"damage_healed":0.0,"max_hp_gain":0.0,"max_hp_loss":0.0,"gold_gain":0.0,"event_name":"Shining Light","player_choice":"Ignored","floor":2.0,"gold_loss":0.0,"damage_taken":0.0},{"damage_healed":0.0,"max_hp_gain":0.0,"max_hp_loss":0.0,"gold_gain":0.0,"event_name":"The Woman in Blue","player_choice":"Bought 2 Potions","floor":3.0,"gold_loss":0.0,"damage_taken":0.0},{"damage_healed":13,"gold_gain":0,"player_choice":"Heal","damage_taken":0,"max_hp_gain":0,"max_hp_loss":0,"event_name":"The Library","floor":19,"gold_loss":0},{"damage_healed":0,"gold_gain":0,"player_choice":"Opened","damage_taken":0,"relics_obtained":["Ginger"],"max_hp_gain":0,"max_hp_loss":0,"event_name":"The Mausoleum","floor":20,"gold_loss":0,"cards_obtained":["Writhe"]},{"damage_healed":0,"gold_gain":0,"player_choice":"Stole Relic","damage_taken":0,"relics_obtained":["Mummified Hand"],"max_hp_gain":0,"max_hp_loss":0,"event_name":"Addict","floor":22,"gold_loss":0,"cards_obtained":["Shame"]}],"is_beta":false,"boss_relics":[{"not_picked":["Sozu","Coffee Dripper"],"picked":"Philosopher\u0027s Stone"}],"items_purged_floors":[],"is_endless":false,"potions_floor_spawned":[7,11,13],"killed_by":"Book of Stabbing","ascension_level":20}