{"gold_per_floor":[112,112,112,127,50,78,89,106,133,145,145,162,178,212,212,312,312,322,333,432,449,449,461,461,461,543,268,288,288,155,172,172,267,267,281,281,298,227,227,227,227,144,144,144,162,178,189,0,0,0],"floor_reached":51,"playtime":6528,"items_purged":[],"score":636,"play_id":"2d77efa3-915f-42ac-96ac-97f984d6e203","local_time":"20190911212600","is_ascension_mode":false,"campfire_choices":[{"floor":11,"key":"REST"},{"data":"Hello World","floor":15,"key":"SMITH"},{"floor":25,"key":"REST"},{"data":"Defragment","floor":29,"key":"SMITH"},{"data":"Storm","floor":32,"key":"SMITH"},{"data":"Electrodynamics","floor":40,"key":"SMITH"},{"data":"Heatsinks","floor":44,"key":"SMITH"},{"floor":49,"key":"REST"}],"neow_cost":"NONE","seed_source_timestamp":108343944444185,"circlet_count":0,"master_deck":["Strike_B+1","Strike_B+1","Strike_B+1","Defend_B+1","Defend_B+1","Defend_B+1","Defend_B+1","Zap","Dualcast","Heatsinks+1","Ball Lightning+1","Hello World+1","Echo Form","Conserve Battery","Reinforced Body","Steam Power","Self Repair","Auto Shields","Electrodynamics+1","Reprogram","Hologram+1","Turbo","Storm+1","Defragment+1","Hello World","Steam","Ball Lightning+1","Undo","Reboot","White Noise+1","Turbo+1","Self Repair","Sadistic Nature","Storm+1","Heatsinks","Heatsinks+1","Ball Lightning","Turbo+1"],"relics":["Cracked Core","Ancient Tea Set","Bronze Scales","Juzu Bracelet","Eternal Feather","Shuriken","Runic Capacitor","White Beast Statue","Whetstone","Red Mask"],"potions_floor_usage":[14,14,21,33,50,50],"damage_taken":[{"damage":1,"enemies":"Cultist","floor":1,"turns":3},{"damage":0,"enemies":"2 Louse","floor":4,"turns":3},{"damage":15,"enemies":"Gremlin Nob","floor":6,"turns":4},{"damage":7,"enemies":"Small Slimes","floor":7,"turns":2},{"damage":9,"enemies":"Blue Slaver","floor":8,"turns":4},{"damage":4,"enemies":"3 Louse","floor":10,"turns":3},{"damage":6,"enemies":"Looter","floor":12,"turns":3},{"damage":15,"enemies":"Exordium Thugs","floor":13,"turns":4},{"damage":21,"enemies":"Lagavulin","floor":14,"turns":5},{"damage":18,"enemies":"Hexaghost","floor":16,"turns":10},{"damage":19,"enemies":"Shell Parasite","floor":18,"turns":6},{"damage":21,"enemies":"3 Byrds","floor":19,"turns":3},{"damage":11,"enemies":"Shelled Parasite and Fungi","floor":21,"turns":6},{"damage":7,"enemies":"Centurion and Healer","floor":23,"turns":9},{"damage":8,"enemies":"Snecko","floor":28,"turns":3},{"damage":24,"enemies":"Shelled Parasite and Fungi","floor":31,"turns":5},{"damage":47,"enemies":"Champ","floor":33,"turns":9},{"damage":13,"enemies":"3 Darklings","floor":35,"turns":3},{"damage":20,"enemies":"3 Shapes","floor":37,"turns":4},{"damage":24,"enemies":"Sphere and 2 Shapes","floor":45,"turns":3},{"damage":1,"enemies":"Maw","floor":46,"turns":5},{"damage":16,"enemies":"Jaw Worm Horde","floor":47,"turns":2},{"damage":33,"enemies":"Donu and Deca","floor":50,"turns":4}],"seed_played":"3425370496133082945","potions_obtained":[{"floor":4,"key":"Regen Potion"},{"floor":7,"key":"Strength Potion"},{"floor":12,"key":"Strength Potion"},{"floor":14,"key":"SkillPotion"},{"floor":18,"key":"SneckoOil"},{"floor":33,"key":"FearPotion"},{"floor":35,"key":"FocusPotion"},{"floor":37,"key":"SteroidPotion"},{"floor":47,"key":"Fruit Juice"}],"is_trial":false,"path_per_floor":["M","?","?","M","$","E","M","M","T","M","R","M","M","E","R","B",null,"M","M","?","M","?","M","?","R","T","$","M","R","$","M","R","B",null,"M","?","M","$","?","R","?","$","T","R","M","M","M","?","R","B",null],"character_chosen":"DEFECT","items_purchased":["Hello World","Defragment","Runic Capacitor","Hello World","Steam","Ball Lightning","Self Repair","Heatsinks","Energy Potion"],"campfire_rested":3,"item_purchase_floors":[5,27,27,30,30,30,38,42,42],"current_hp_per_floor":[74,74,74,74,74,59,52,43,43,39,61,55,47,42,42,31,75,56,35,35,31,31,31,31,65,65,65,57,69,69,52,67,27,75,69,69,56,56,56,71,71,71,71,71,47,53,37,37,71,50],"gold":0,"neow_bonus":"TRANSFORM_CARD","is_prod":false,"is_daily":false,"chose_seed":false,"campfire_upgraded":5,"win_rate":0,"timestamp":1568247960,"path_taken":["M","?","?","M","$","E","M","M","T","M","R","?","M","E","R","BOSS","M","M","?","M","?","M","?","R","T","?","M","R","$","M","R","BOSS","M","?","M","$","?","R","?","?","T","R","M","M","M","?","R","BOSS"],"build_version":"2019-07-17","purchased_purges":0,"victory":true,"max_hp_per_floor":[75,75,75,75,75,75,75,75,75,75,75,75,75,75,75,75,75,75,75,75,75,75,75,75,75,75,75,75,75,75,75,75,75,75,75,71,71,71,71,71,71,71,71,71,71,71,71,71,71,76],"card_choices":[{"not_picked":["Rebound","Aggregate"],"picked":"Ball Lightning","floor":1},{"not_picked":["Beam Cell","Blizzard","Sweeping Beam"],"picked":"SKIP","floor":4},{"not_picked":["Redo","Barrage"],"picked":"Echo Form","floor":6},{"not_picked":["Barrage","Go for the Eyes"],"picked":"Conserve Battery","floor":7},{"not_picked":["Consume","Redo"],"picked":"Reinforced Body","floor":8},{"not_picked":["Steam","Ball Lightning"],"picked":"Steam Power","floor":10},{"not_picked":["Recycle","Streamline"],"picked":"Self Repair","floor":12},{"not_picked":["Double Energy","Cold Snap","Barrage"],"picked":"SKIP","floor":13},{"not_picked":["Skim","Genetic Algorithm"],"picked":"Auto Shields","floor":14},{"not_picked":["Core Surge","Multi-Cast"],"picked":"Electrodynamics","floor":16},{"not_picked":["Skim","Fusion+1"],"picked":"Reprogram","floor":18},{"not_picked":["Go for the Eyes","Rebound+1"],"picked":"Hologram+1","floor":19},{"not_picked":["Chaos+1","Beam Cell"],"picked":"Turbo","floor":21},{"not_picked":["Rebound","Barrage","Coolheaded"],"picked":"SKIP","floor":23},{"not_picked":["Blizzard","Go for the Eyes","Streamline+1"],"picked":"SKIP","floor":28},{"not_picked":["Blizzard","Go for the Eyes","Streamline+1"],"picked":"SKIP","floor":28},{"not_picked":["Compile Driver+1","Steam"],"picked":"Undo","floor":31},{"not_picked":["Core Surge","All For One"],"picked":"Reboot","floor":33},{"not_picked":["Storm","Steam"],"picked":"White Noise+1","floor":35},{"not_picked":["Gash","Steam+1"],"picked":"Turbo+1","floor":37},{"not_picked":["Impatience","Transmutation"],"picked":"Sadistic Nature","floor":39},{"not_picked":["Steam","Redo"],"picked":"Heatsinks+1","floor":45},{"not_picked":["Stack+1","Barrage"],"picked":"Ball Lightning","floor":46},{"not_picked":["Beam Cell","Streamline"],"picked":"Turbo+1","floor":47}],"player_experience":161288,"relics_obtained":[{"floor":6,"key":"Ancient Tea Set"},{"floor":9,"key":"Bronze Scales"},{"floor":14,"key":"Juzu Bracelet"},{"floor":26,"key":"Shuriken"},{"floor":43,"key":"Whetstone"}],"event_choices":[{"damage_healed":0,"gold_gain":0,"player_choice":"Leave","damage_taken":0,"max_hp_gain":0,"max_hp_loss":0,"event_name":"The Cleric","floor":2,"gold_loss":0},{"damage_healed":0,"gold_gain":0,"player_choice":"Ignored","damage_taken":0,"max_hp_gain":0,"max_hp_loss":0,"event_name":"WeMeetAgain","floor":3,"gold_loss":0},{"damage_healed":0,"gold_gain":99,"player_choice":"Stole From Cult","damage_taken":0,"max_hp_gain":0,"max_hp_loss":0,"event_name":"Nest","floor":20,"gold_loss":0},{"damage_healed":0,"gold_gain":0,"player_choice":"Read","damage_taken":0,"max_hp_gain":0,"max_hp_loss":0,"event_name":"The Library","floor":22,"gold_loss":0,"cards_obtained":["Storm"]},{"damage_healed":0,"gold_gain":0,"player_choice":"Simplicity","damage_taken":0,"max_hp_gain":0,"max_hp_loss":0,"event_name":"Back to Basics","floor":24,"gold_loss":0,"cards_upgraded":["Strike_B","Strike_B","Strike_B","Defend_B","Defend_B","Defend_B","Defend_B"]},{"damage_healed":0,"gold_gain":0,"player_choice":"Max HP","damage_taken":0,"max_hp_gain":0,"max_hp_loss":4,"event_name":"Winding Halls","floor":36,"gold_loss":0},{"damage_healed":0,"gold_gain":0,"player_choice":"Memory 1","damage_taken":0,"max_hp_gain":0,"max_hp_loss":0,"event_name":"SensoryStone","floor":39,"gold_loss":0},{"damage_healed":0,"gold_gain":0,"player_choice":"Copied","damage_taken":0,"max_hp_gain":0,"max_hp_loss":0,"event_name":"Duplicator","floor":41,"gold_loss":0,"cards_obtained":["Storm"]},{"damage_healed":0,"gold_gain":0,"player_choice":"Paid","damage_taken":0,"relics_obtained":["Red Mask"],"max_hp_gain":0,"max_hp_loss":0,"event_name":"Tomb of Lord Red Mask","floor":48,"gold_loss":189}],"is_beta":false,"boss_relics":[{"not_picked":["Philosopher\u0027s Stone","Snecko Eye"],"picked":"Eternal Feather"},{"not_picked":["Runic Dome","Velvet Choker"],"picked":"White Beast Statue"}],"items_purged_floors":[],"is_endless":false,"potions_floor_spawned":[4,7,12,13,14,18,33,35,37,45,46,47],"ascension_level":0}