{"gold_per_floor":[118,118,137,137,156,156,226,226,226,261,226,264,264,283,283,414,414,430,446,47,77,92,92,125,125,151,151,166,166,189,209,209,339,339,360,378,711,724,739,739,7,24,24,0,20,32,32,32,32,32],"floor_reached":51,"playtime":3036,"items_purged":["Strike_B"],"score":991,"play_id":"c24cb4f4-3a80-4622-9e82-7f6eb8a11059","local_time":"20190602222627","is_ascension_mode":true,"campfire_choices":[{"data":"Capacitor","floor":6.0,"key":"SMITH"},{"data":"Streamline","floor":8.0,"key":"SMITH"},{"floor":15.0,"key":"REST"},{"floor":23.0,"key":"REST"},{"floor":25.0,"key":"REST"},{"floor":29.0,"key":"REST"},{"floor":32,"key":"REST"},{"floor":40,"key":"REST"},{"floor":49,"key":"REST"}],"neow_cost":"NONE","seed_source_timestamp":0,"circlet_count":0,"master_deck":["Strike_B","Strike_B","Strike_B","Defend_B","Defend_B","Defend_B","Defend_B","Zap","Dualcast","Capacitor+1","Melter","Streamline+1","Reinforced Body","Sunder","White Noise","Self Repair","Core Surge","Defragment","Capacitor+1","Coolheaded","Hologram+1","BootSequence","Static Discharge","FTL","Redo","Blizzard","Cold Snap+1","Force Field","Recycle","Darkness+1","Cold Snap","Compile Driver","Ball Lightning","Go for the Eyes","Rainbow","Turbo+1","Cold Snap","Sweeping Beam","Coolheaded+1","Redo+1","Self Repair+1","Reprogram","Hologram","Undo","Hologram","All For One","Gash+1","Recycle+1"],"special_seed":0,"relics":["FrozenCore","NeowsBlessing","Singing Bowl","Pantograph","DataDisk","Prayer Wheel","Orichalcum","Tiny Chest","Ornamental Fan","Bag of Preparation","Sozu","Frozen Egg 2","Letter Opener","Centennial Puzzle","Darkstone Periapt"],"potions_floor_usage":[31,33,38],"damage_taken":[{"damage":0.0,"enemies":"Small Slimes","floor":1.0,"turns":1.0},{"damage":0.0,"enemies":"Jaw Worm","floor":3.0,"turns":1.0},{"damage":0.0,"enemies":"Cultist","floor":5.0,"turns":1.0},{"damage":25.0,"enemies":"3 Sentries","floor":10.0,"turns":7.0},{"damage":37.0,"enemies":"Lagavulin","floor":12.0,"turns":6.0},{"damage":12.0,"enemies":"Gremlin Gang","floor":14.0,"turns":4.0},{"damage":19.0,"enemies":"The Guardian","floor":16.0,"turns":10.0},{"damage":19.0,"enemies":"Chosen","floor":18.0,"turns":7.0},{"damage":14.0,"enemies":"3 Byrds","floor":19.0,"turns":9.0},{"damage":12.0,"enemies":"Sentry and Sphere","floor":22.0,"turns":6.0},{"damage":50.0,"enemies":"Gremlin Leader","floor":24.0,"turns":11.0},{"damage":16.0,"enemies":"Snake Plant","floor":28.0,"turns":4.0},{"damage":47,"enemies":"3 Cultists","floor":30,"turns":9},{"damage":3,"enemies":"Shelled Parasite and Fungi","floor":31,"turns":9},{"damage":56,"enemies":"Automaton","floor":33,"turns":13},{"damage":16,"enemies":"3 Shapes","floor":35,"turns":5},{"damage":16,"enemies":"3 Darklings","floor":36,"turns":9},{"damage":29,"enemies":"Spire Growth","floor":38,"turns":6},{"damage":1,"enemies":"4 Shapes","floor":39,"turns":9},{"damage":12,"enemies":"Maw","floor":42,"turns":9},{"damage":23,"enemies":"Jaw Worm Horde","floor":45,"turns":6},{"damage":0,"enemies":"Sphere and 2 Shapes","floor":46,"turns":3},{"damage":78,"enemies":"Awakened One","floor":50,"turns":17}],"seed_played":"8092974685837821487","potions_obtained":[{"floor":1.0,"key":"SteroidPotion"},{"floor":5.0,"key":"EssenceOfSteel"},{"floor":12.0,"key":"EssenceOfSteel"},{"floor":14.0,"key":"Swift Potion"},{"floor":22.0,"key":"FairyPotion"},{"floor":30,"key":"Block Potion"},{"floor":31,"key":"Explosive Potion"},{"floor":33,"key":"FearPotion"}],"is_trial":false,"path_per_floor":["M","?","M","?","M","R","?","R","T","E","?","E","?","M","R","B",null,"M","M","$","?","M","R","E","R","T","?","M","R","M","M","R","B",null,"M","M","?","M","M","R","$","M","T","$","M","M","T","$","R","B",null],"character_chosen":"DEFECT","items_purchased":["BootSequence","Static Discharge","Orichalcum","FTL","Redo","Frozen Egg 2","Letter Opener","Self Repair+1","Reprogram","Hologram"],"campfire_rested":7,"item_purchase_floors":[20,20,20,20,20,41,41,41,41,44],"current_hp_per_floor":[68,68,68,61,61,61,61,61,61,36,54,17,17,5,27,40,66,54,47,47,47,35,57,14,36,36,36,27,49,9,13,35,4,57,50,34,34,14,22,46,46,51,51,51,37,37,37,37,61,22],"gold":32,"neow_bonus":"THREE_ENEMY_KILL","is_prod":false,"is_daily":false,"chose_seed":false,"campfire_upgraded":2,"win_rate":0,"timestamp":1559478387,"path_taken":["M","?","M","?","M","R","?","R","T","E","?","E","?","M","R","BOSS","M","M","$","?","M","R","E","R","T","?","M","R","M","?","R","BOSS","M","?","?","M","M","R","$","M","T","?","M","?","?","$","R","BOSS"],"build_version":"2019-01-23","purchased_purges":1,"victory":true,"max_hp_per_floor":[75,75,75,75,75,75,75,75,75,75,75,75,75,75,75,75,75,75,75,75,75,75,75,75,75,75,75,75,75,75,75,75,75,75,77,77,77,79,81,81,81,81,81,81,83,83,83,83,83,83],"card_choices":[{"not_picked":["Stack","Go for the Eyes"],"picked":"Capacitor","floor":1.0},{"not_picked":["Redo","Stack"],"picked":"Melter","floor":3.0},{"not_picked":["Turbo","Rebound"],"picked":"Streamline","floor":5.0},{"not_picked":["Force Field","Sweeping Beam"],"picked":"Reinforced Body","floor":10.0},{"not_picked":["Turbo","Go for the Eyes"],"picked":"Sunder","floor":12.0},{"not_picked":["Rebound","Beam Cell"],"picked":"White Noise","floor":14.0},{"not_picked":["Redo","Beam Cell"],"picked":"Self Repair","floor":14.0},{"not_picked":["Multi-Cast","Hyperbeam"],"picked":"Core Surge","floor":16.0},{"not_picked":["Rip and Tear","Hello World+1"],"picked":"Defragment","floor":18.0},{"not_picked":["Compile Driver+1","Reinforced Body+1"],"picked":"Capacitor+1","floor":18.0},{"not_picked":["Steam","Scrape+1"],"picked":"Coolheaded","floor":19.0},{"not_picked":["Barrage","Steam Power"],"picked":"Hologram+1","floor":19.0},{"not_picked":["Reinforced Body+1","Self Repair"],"picked":"Blizzard","floor":22.0},{"not_picked":["Auto Shields+1","Compile Driver"],"picked":"Cold Snap+1","floor":22.0},{"not_picked":["Barrage","Defragment"],"picked":"Force Field","floor":24.0},{"not_picked":["Rebound","Reinforced Body+1"],"picked":"Recycle","floor":28.0},{"not_picked":["Compile Driver+1","Gash+1"],"picked":"Darkness+1","floor":28.0},{"not_picked":["Steam","Lockon"],"picked":"Cold Snap","floor":30},{"not_picked":["Steam+1","Multi-Cast"],"picked":"Compile Driver","floor":30},{"not_picked":["Reprogram+1","Heatsinks+1"],"picked":"Ball Lightning","floor":31},{"not_picked":["Leap","Reinforced Body"],"picked":"Go for the Eyes","floor":31},{"not_picked":["Echo Form","Machine Learning"],"picked":"Rainbow","floor":33},{"not_picked":["Beam Cell","Steam","Reinforced Body"],"picked":"Singing Bowl","floor":35},{"not_picked":["Redo","Rebound+1"],"picked":"Turbo+1","floor":35},{"not_picked":["Hello World","Recycle+1"],"picked":"Cold Snap","floor":36},{"not_picked":["Beam Cell+1","Go for the Eyes+1"],"picked":"Sweeping Beam","floor":36},{"not_picked":["Auto Shields","Barrage+1"],"picked":"Coolheaded+1","floor":38},{"not_picked":["Streamline+1","Reinforced Body","Auto Shields+1"],"picked":"Singing Bowl","floor":38},{"not_picked":["Echo Form","Loop"],"picked":"Redo+1","floor":39},{"not_picked":["Sweeping Beam+1","Beam Cell+1","Barrage"],"picked":"Singing Bowl","floor":39},{"not_picked":["Gash","Genetic Algorithm+1"],"picked":"Hologram","floor":42},{"not_picked":["Darkness+1","Hologram+1"],"picked":"Undo","floor":42},{"not_picked":["Steam","Reprogram+1"],"picked":"All For One","floor":45},{"not_picked":["Barrage+1","Sweeping Beam","Static Discharge+1"],"picked":"Singing Bowl","floor":45},{"not_picked":["FTL+1","Force Field"],"picked":"Gash+1","floor":46},{"not_picked":["Recycle+1","Compile Driver","Streamline+1"],"picked":"SKIP","floor":46},{"not_picked":["Compile Driver","Streamline+1"],"picked":"Recycle+1","floor":46}],"player_experience":787190,"relics_obtained":[{"floor":9.0,"key":"Pantograph"},{"floor":10.0,"key":"DataDisk"},{"floor":12.0,"key":"Prayer Wheel"},{"floor":24.0,"key":"Ornamental Fan"},{"floor":26.0,"key":"Bag of Preparation"},{"floor":43,"key":"Centennial Puzzle"},{"floor":47,"key":"Darkstone Periapt"}],"event_choices":[{"damage_healed":0.0,"max_hp_gain":0.0,"max_hp_loss":0.0,"gold_gain":0.0,"event_name":"Golden Idol","player_choice":"Take Wound","floor":2.0,"gold_loss":0.0,"damage_taken":0.0,"relics_obtained":["Golden Idol"],"cards_obtained":["Injury"]},{"damage_healed":0.0,"max_hp_gain":0.0,"max_hp_loss":0.0,"gold_gain":0.0,"event_name":"Scrap Ooze","player_choice":"Success","floor":4.0,"gold_loss":0.0,"damage_taken":7.0,"relics_obtained":["Singing Bowl"]},{"damage_healed":0.0,"max_hp_gain":0.0,"max_hp_loss":0.0,"gold_gain":70.0,"event_name":"Golden Wing","player_choice":"Gained Gold","floor":7.0,"gold_loss":0.0,"damage_taken":0.0},{"damage_healed":18.0,"max_hp_gain":0.0,"max_hp_loss":0.0,"gold_gain":0.0,"event_name":"The Cleric","player_choice":"Healed","floor":11.0,"gold_loss":35.0,"damage_taken":0.0},{"cards_removed":["Injury"],"damage_healed":0.0,"max_hp_gain":0.0,"max_hp_loss":0.0,"gold_gain":0.0,"event_name":"Living Wall","player_choice":"Forget","floor":13.0,"gold_loss":0.0,"damage_taken":0.0},{"damage_healed":0.0,"max_hp_gain":0.0,"max_hp_loss":0.0,"gold_gain":0.0,"event_name":"The Mausoleum","player_choice":"Opened","floor":21.0,"gold_loss":0.0,"damage_taken":0.0,"relics_obtained":["Tiny Chest"],"cards_obtained":["Writhe"]},{"cards_removed":["Writhe"],"damage_healed":0.0,"max_hp_gain":0.0,"max_hp_loss":0.0,"gold_gain":0.0,"event_name":"Fountain of Cleansing","player_choice":"Removed Curses","floor":27.0,"gold_loss":0.0,"damage_taken":0.0},{"damage_healed":0,"gold_gain":333,"player_choice":"Gave Idol","damage_taken":0,"max_hp_gain":0,"max_hp_loss":0,"event_name":"The Moai Head","floor":37,"relics_lost":["Golden Idol"],"gold_loss":0}],"is_beta":false,"boss_relics":[{"not_picked":["Astrolabe","Lizard Tail"],"picked":"FrozenCore"},{"not_picked":["Busted Crown","Black Star"],"picked":"Sozu"}],"items_purged_floors":[41],"is_endless":false,"potions_floor_spawned":[1,5,12,14,22,30,31,33,35,39,45,46],"ascension_level":8}