{"gold_per_floor":[111,111,111,41,41,41,67,85,108,122,122,138,138],"floor_reached":13,"playtime":840,"items_purged":[],"score":91,"play_id":"3665b492-5ec2-41c5-8308-aa12c5e1e234","local_time":"20190913012403","is_ascension_mode":true,"campfire_choices":[{"data":"White Noise","floor":6,"key":"SMITH"},{"floor":11,"key":"REST"}],"neow_cost":"TEN_PERCENT_HP_LOSS","seed_source_timestamp":0,"circlet_count":0,"master_deck":["Strike_B","Strike_B","Strike_B","Strike_B","Defend_B","Defend_B","Defend_B","Defend_B","Zap","Dualcast","Amplify","Reprogram","White Noise+1","Force Field","Defragment","Stack","Auto Shields"],"special_seed":0,"relics":["Cracked Core","Molten Egg 2","Matryoshka","Anchor","Bronze Scales"],"potions_floor_usage":[10],"damage_taken":[{"damage":1.0,"enemies":"Cultist","floor":1.0,"turns":4.0},{"damage":55,"enemies":"3 Sentries","floor":7,"turns":9},{"damage":7,"enemies":"2 Louse","floor":8,"turns":3},{"damage":1,"enemies":"Jaw Worm","floor":10,"turns":4},{"damage":5,"enemies":"Red Slaver","floor":12,"turns":5},{"damage":61,"enemies":"Gremlin Nob","floor":13,"turns":5}],"seed_played":"5387361524408319465","potions_obtained":[{"floor":5,"key":"Ancient Potion"},{"floor":5,"key":"Poison Potion"},{"floor":5,"key":"FairyPotion"},{"floor":7,"key":"Dexterity Potion"},{"floor":12,"key":"AttackPotion"}],"is_trial":false,"path_per_floor":["M","?","?","$","?","R","E","M","T","M","R","M","E"],"character_chosen":"DEFECT","items_purchased":["White Noise"],"campfire_rested":1,"item_purchase_floors":[4],"current_hp_per_floor":[67,72,65,65,65,65,10,3,3,2,23,18,0],"gold":138,"neow_bonus":"THREE_RARE_CARDS","is_prod":false,"is_daily":false,"chose_seed":false,"campfire_upgraded":1,"win_rate":0,"timestamp":1568348643,"path_taken":["M","?","?","$","?","R","E","M","T","?","R","M","E"],"build_version":"2019-07-17","purchased_purges":0,"victory":false,"max_hp_per_floor":[68,73,73,73,73,73,73,73,73,73,73,73,73],"card_choices":[{"not_picked":["All For One","Thunder Strike"],"picked":"Amplify","floor":0.0},{"not_picked":["Hologram","Gash"],"picked":"Reprogram","floor":1.0},{"not_picked":["Cold Snap+1","Barrage+1"],"picked":"Force Field","floor":7},{"not_picked":["Gash+1","Genetic Algorithm"],"picked":"Defragment","floor":8},{"not_picked":["Rebound+1","Turbo"],"picked":"Stack","floor":10},{"not_picked":["Reprogram","Chaos"],"picked":"Auto Shields","floor":12}],"player_experience":187566,"relics_obtained":[{"floor":7,"key":"Matryoshka"},{"floor":9,"key":"Anchor"},{"floor":9,"key":"Bronze Scales"}],"event_choices":[{"damage_healed":0.0,"max_hp_gain":5.0,"max_hp_loss":0.0,"gold_gain":0.0,"event_name":"Big Fish","player_choice":"Donut","floor":2.0,"gold_loss":0.0,"damage_taken":0.0},{"damage_healed":0.0,"max_hp_gain":0.0,"max_hp_loss":0.0,"gold_gain":0.0,"event_name":"Scrap Ooze","player_choice":"Success","floor":3.0,"gold_loss":0.0,"damage_taken":7.0,"relics_obtained":["Molten Egg 2"]},{"damage_healed":0,"gold_gain":0,"player_choice":"Got Potions","damage_taken":0,"max_hp_gain":0,"max_hp_loss":0,"event_name":"Lab","floor":5,"gold_loss":0}],"is_beta":false,"boss_relics":[],"items_purged_floors":[],"is_endless":false,"potions_floor_spawned":[7,12],"killed_by":"Gremlin Nob","ascension_level":2}