{"gold_per_floor":[110,110,125,141,161,161,195,213,513,513,513],"floor_reached":11,"playtime":689,"items_purged":[],"score":131,"play_id":"a4a5542d-a5b5-416a-b385-90e436cd07af","local_time":"20181224000826","is_ascension_mode":true,"campfire_choices":[{"data":"Storm of Steel","floor":6,"key":"SMITH"}],"neow_cost":"TEN_PERCENT_HP_LOSS","seed_source_timestamp":254918237920688,"circlet_count":0,"master_deck":["AscendersBane","Defend_G","Defend_G","Defend_G","Defend_G","Defend_G","Strike_G","Strike_G","Strike_G","Survivor","Neutralize","Endless Agony","Storm of Steel+1","Backflip","Dodge and Roll","Acrobatics","Outmaneuver","Expertise"],"relics":["Ring of the Snake","FaceOfCleric","Bag of Marbles","Old Coin"],"potions_floor_usage":[7],"damage_taken":[{"damage":4,"enemies":"2 Louse","floor":1,"turns":3},{"damage":0,"enemies":"Cultist","floor":3,"turns":4},{"damage":2,"enemies":"Jaw Worm","floor":4,"turns":5},{"damage":15,"enemies":"Large Slime","floor":5,"turns":9},{"damage":4,"enemies":"3 Sentries","floor":7,"turns":7},{"damage":9,"enemies":"2 Fungi Beasts","floor":8,"turns":2},{"damage":35,"enemies":"Lagavulin","floor":11,"turns":8}],"seed_played":"3831550302942526996","potions_obtained":[{"floor":3,"key":"Weak Potion"},{"floor":4,"key":"Dexterity Potion"},{"floor":8,"key":"Explosive Potion"}],"is_trial":false,"path_per_floor":["M","?","M","M","M","R","E","M","T","?","E"],"character_chosen":"THE_SILENT","items_purchased":[],"campfire_rested":0,"item_purchase_floors":[],"current_hp_per_floor":[55,55,56,55,41,41,38,30,30,30,0],"gold":513,"neow_bonus":"TRANSFORM_TWO_CARDS","is_prod":false,"is_daily":false,"chose_seed":false,"campfire_upgraded":1,"win_rate":0,"timestamp":1545628106,"path_taken":["M","?","M","M","M","R","E","?","T","?","E"],"build_version":"2018-12-20","purchased_purges":0,"victory":false,"max_hp_per_floor":[60,60,61,62,63,63,64,65,65,65,65],"card_choices":[{"not_picked":["Slice","Setup"],"picked":"Backflip","floor":1},{"not_picked":["Cloak And Dagger","Prepared"],"picked":"Dodge and Roll","floor":3},{"not_picked":["Flechettes","Footwork"],"picked":"Acrobatics","floor":4},{"not_picked":["Cloak And Dagger","Eviscerate","Deflect"],"picked":"SKIP","floor":5},{"not_picked":["Sucker Punch","Riddle With Holes"],"picked":"Outmaneuver","floor":7},{"not_picked":["Skewer","Outmaneuver"],"picked":"Expertise","floor":8}],"player_experience":959865,"relics_obtained":[{"floor":7,"key":"Bag of Marbles"},{"floor":9,"key":"Old Coin"}],"event_choices":[{"damage_healed":0,"gold_gain":0,"player_choice":"Trade","damage_taken":0,"relics_obtained":["FaceOfCleric"],"max_hp_gain":0,"max_hp_loss":0,"event_name":"FaceTrader","floor":2,"gold_loss":0},{"damage_healed":0,"gold_gain":0,"player_choice":"Fled","damage_taken":0,"max_hp_gain":0,"max_hp_loss":0,"event_name":"Scrap Ooze","floor":10,"gold_loss":0}],"is_beta":false,"boss_relics":[],"items_purged_floors":[],"is_endless":false,"potions_floor_spawned":[3,4,8],"killed_by":"Lagavulin","ascension_level":15}