{"gold_per_floor":[119,119,4,4,24,51,51,70,96,96,46,46,60,78,78,173,173,189,208,16,36,55,80,80,95,120,132,132,57,57,77,77,77],"floor_reached":33,"playtime":1334,"items_purged":[],"score":323,"play_id":"e7cc7620-4532-41df-92b9-706490993646","local_time":"20190426195755","is_ascension_mode":true,"campfire_choices":[{"data":"Wild Strike","floor":7,"key":"SMITH"},{"data":"Cleave","floor":10,"key":"SMITH"},{"data":"Shockwave","floor":12,"key":"SMITH"},{"data":"Inflame","floor":15,"key":"SMITH"},{"floor":24,"key":"REST"},{"floor":28,"key":"REST"},{"floor":32,"key":"REST"}],"neow_cost":"NONE","seed_source_timestamp":83740418368979,"circlet_count":0,"master_deck":["Strike_R","Strike_R","Defend_R","Defend_R","Defend_R","Defend_R","Bash","Battle Trance","Power Through","Heavy Blade","Wild Strike+1","Shockwave+1","Cleave+1","Metallicize","Inflame+1","Brutality","Havoc","Headbutt","Uppercut","Rupture","Body Slam","Entrench","Wild Strike+1","Seeing Red","Pummel","Feel No Pain","Power Through","Shrug It Off+1","Rupture+1","Dropkick","True Grit+1","Body Slam+1"],"relics":["Burning Blood","Bronze Scales","Happy Flower","Bag of Preparation","Orrery","Boot","Vajra","Enchiridion"],"potions_floor_usage":[21,23,23,33],"damage_taken":[{"damage":6,"enemies":"Cultist","floor":1,"turns":3},{"damage":2,"enemies":"2 Louse","floor":5,"turns":3},{"damage":10,"enemies":"Gremlin Nob","floor":6,"turns":3},{"damage":0,"enemies":"Jaw Worm","floor":8,"turns":3},{"damage":3,"enemies":"3 Louse","floor":13,"turns":2},{"damage":1,"enemies":"2 Fungi Beasts","floor":14,"turns":3},{"damage":21,"enemies":"The Guardian","floor":16,"turns":8},{"damage":20,"enemies":"Shell Parasite","floor":18,"turns":5},{"damage":17,"enemies":"Spheric Guardian","floor":19,"turns":5},{"damage":18,"enemies":"Chosen and Byrds","floor":21,"turns":4},{"damage":21,"enemies":"Snake Plant","floor":22,"turns":4},{"damage":25,"enemies":"Slavers","floor":23,"turns":4},{"damage":21,"enemies":"Snecko","floor":25,"turns":5},{"damage":12,"enemies":"Sentry and Sphere","floor":27,"turns":5},{"damage":7,"enemies":"3 Cultists","floor":31,"turns":4},{"damage":78,"enemies":"Collector","floor":33,"turns":8}],"seed_played":"-1184786466262677749","potions_obtained":[{"floor":1,"key":"LiquidBronze"},{"floor":4,"key":"SmokeBomb"},{"floor":4,"key":"FairyPotion"},{"floor":8,"key":"FearPotion"},{"floor":16,"key":"Regen Potion"},{"floor":21,"key":"Explosive Potion"},{"floor":22,"key":"Fire Potion"},{"floor":25,"key":"Block Potion"}],"is_trial":false,"path_per_floor":["M","?","$","?","M","E","R","M","T","R","?","R","M","M","R","B",null,"M","M","$","M","M","E","R","M","T","M","R","?","?","M","R","B"],"character_chosen":"IRONCLAD","items_purchased":["Power Through","Heavy Blade","Seeing Red","Pummel","Feel No Pain"],"campfire_rested":3,"item_purchase_floors":[3,3,20,20,20],"current_hp_per_floor":[80,73,73,73,77,73,73,79,79,79,79,79,80,80,80,65,80,66,55,55,55,40,21,45,30,30,24,48,48,32,31,55,0],"gold":77,"neow_bonus":"RANDOM_COMMON_RELIC","is_prod":false,"is_daily":false,"chose_seed":false,"campfire_upgraded":4,"win_rate":0,"timestamp":1556272675,"path_taken":["M","?","$","?","?","E","R","M","T","R","?","R","M","M","R","BOSS","M","M","$","M","M","E","R","M","T","M","R","?","?","M","R","BOSS"],"build_version":"2019-01-23","purchased_purges":0,"victory":false,"max_hp_per_floor":[80,80,80,80,80,80,80,80,80,80,80,80,80,80,80,80,80,80,80,80,80,80,80,80,80,80,80,80,80,80,80,80,80],"card_choices":[{"not_picked":["Thunderclap","Combust"],"picked":"Battle Trance","floor":1},{"not_picked":["Hemokinesis","Perfected Strike"],"picked":"Wild Strike","floor":5},{"not_picked":["Ghostly Armor","True Grit"],"picked":"Shockwave","floor":6},{"not_picked":["Dropkick","Clothesline"],"picked":"Cleave","floor":8},{"not_picked":["Fire Breathing","Wild Strike"],"picked":"Metallicize","floor":13},{"not_picked":["Intimidate","Disarm"],"picked":"Inflame","floor":14},{"not_picked":["Bludgeon","Fiend Fire"],"picked":"Brutality","floor":16},{"not_picked":["Headbutt","Blood for Blood"],"picked":"Havoc","floor":17},{"not_picked":["Armaments","Hemokinesis"],"picked":"Headbutt","floor":17},{"not_picked":["Twin Strike","Perfected Strike"],"picked":"Uppercut","floor":17},{"not_picked":["Sword Boomerang","Seeing Red"],"picked":"Rupture","floor":17},{"not_picked":["Perfected Strike","Combust"],"picked":"Body Slam","floor":17},{"not_picked":["Heavy Blade","Havoc"],"picked":"Entrench","floor":18},{"not_picked":["Twin Strike","Rupture"],"picked":"Wild Strike+1","floor":19},{"not_picked":["Burning Pact","Seeing Red"],"picked":"Power Through","floor":21},{"not_picked":["Rage","Dropkick"],"picked":"Shrug It Off+1","floor":22},{"not_picked":["Evolve","Dark Embrace"],"picked":"Rupture+1","floor":23},{"not_picked":["Anger","Warcry"],"picked":"Dropkick","floor":25},{"not_picked":["Pommel Strike","Thunderclap+1"],"picked":"True Grit+1","floor":27},{"not_picked":["Blood for Blood","Demon Form"],"picked":"Body Slam+1","floor":31}],"player_experience":492791,"relics_obtained":[{"floor":6,"key":"Happy Flower"},{"floor":9,"key":"Bag of Preparation"},{"floor":23,"key":"Boot"},{"floor":26,"key":"Vajra"},{"floor":30,"key":"Enchiridion"}],"event_choices":[{"cards_removed":["Strike_R"],"damage_healed":0,"gold_gain":0,"player_choice":"Card Removal","damage_taken":7,"max_hp_gain":0,"max_hp_loss":0,"event_name":"Golden Wing","floor":2,"gold_loss":0},{"damage_healed":0,"gold_gain":0,"player_choice":"Got Potions","damage_taken":0,"max_hp_gain":0,"max_hp_loss":0,"event_name":"Lab","floor":4,"gold_loss":0},{"cards_removed":["Strike_R"],"damage_healed":0,"gold_gain":0,"player_choice":"Card Removal","damage_taken":0,"max_hp_gain":0,"max_hp_loss":0,"event_name":"The Cleric","floor":11,"gold_loss":50},{"cards_removed":["Strike_R"],"damage_healed":0,"gold_gain":0,"player_choice":"Gave Gold","damage_taken":0,"max_hp_gain":0,"max_hp_loss":0,"event_name":"Beggar","floor":29,"gold_loss":75},{"damage_healed":0,"gold_gain":0,"player_choice":"Obtained Book","damage_taken":16,"max_hp_gain":0,"max_hp_loss":0,"event_name":"Cursed Tome","floor":30,"gold_loss":0}],"is_beta":false,"boss_relics":[{"not_picked":["Runic Cube","Busted Crown"],"picked":"Orrery"}],"items_purged_floors":[],"is_endless":false,"potions_floor_spawned":[1,5,8,16,21,22,25],"killed_by":"Collector","ascension_level":4}