{"gold_per_floor":[119,119,137,157,168,168,202,202,202,221,235,235,250,275,275,380,380,400,419,8,19,19],"floor_reached":22,"playtime":1570,"items_purged":[],"score":230,"play_id":"6c578d5a-1e7c-4eec-b0f5-4dedd4314069","local_time":"20190422055619","is_ascension_mode":true,"campfire_choices":[{"floor":6,"key":"REST"},{"floor":8,"key":"REST"},{"data":"Footwork","floor":12,"key":"SMITH"},{"floor":15,"key":"REST"}],"neow_cost":"NONE","seed_source_timestamp":51669457549716,"circlet_count":0,"master_deck":["Defend_G","Defend_G","Defend_G","Defend_G","Defend_G","Strike_G","Strike_G","Strike_G","Strike_G","Strike_G","Survivor","Neutralize","Burst","Backflip","Acrobatics","Dagger Throw","A Thousand Cuts","Flying Knee+1","Caltrops","Footwork+1","Bouncing Flask","Underhanded Strike+1","Bullet Time","Decay","Parasite","Doubt","Deflect+1","Dodge and Roll+1","Night Terror+1","Dodge and Roll+1"],"relics":["Ring of the Snake","Molten Egg 2","Ninja Scroll","Blood Vial","Calling Bell","Pen Nib","Toxic Egg 2","Girya","Bottled Lightning"],"potions_floor_usage":[2,5,10,13,16,16,16,18,18],"damage_taken":[{"damage":5,"enemies":"2 Louse","floor":1,"turns":3},{"damage":0,"enemies":"Cultist","floor":3,"turns":5},{"damage":11,"enemies":"Small Slimes","floor":4,"turns":5},{"damage":25,"enemies":"Exordium Thugs","floor":5,"turns":8},{"damage":32,"enemies":"3 Sentries","floor":7,"turns":10},{"damage":2,"enemies":"Lots of Slimes","floor":10,"turns":2},{"damage":0,"enemies":"3 Louse","floor":11,"turns":3},{"damage":9,"enemies":"Gremlin Gang","floor":13,"turns":3},{"damage":13,"enemies":"Lagavulin","floor":14,"turns":6},{"damage":24,"enemies":"The Guardian","floor":16,"turns":12},{"damage":29,"enemies":"Shell Parasite","floor":18,"turns":7},{"damage":24,"enemies":"3 Byrds","floor":19,"turns":6},{"damage":16,"enemies":"Snake Plant","floor":21,"turns":4},{"damage":12,"enemies":"Centurion and Healer","floor":22,"turns":9}],"seed_played":"2188423942679525750","potions_obtained":[{"floor":2,"key":"GhostInAJar"},{"floor":2,"key":"Fruit Juice"},{"floor":2,"key":"Poison Potion"},{"floor":4,"key":"Poison Potion"},{"floor":7,"key":"LiquidBronze"},{"floor":14,"key":"EntropicBrew"},{"floor":16,"key":"Strength Potion"},{"floor":21,"key":"LiquidBronze"}],"is_trial":false,"path_per_floor":["M","?","M","M","M","R","E","R","T","M","M","R","M","E","R","B",null,"M","M","$","M","M"],"character_chosen":"THE_SILENT","items_purchased":["Bottled Lightning","Night Terror+1"],"campfire_rested":3,"item_purchase_floors":[20,20],"current_hp_per_floor":[65,70,70,59,34,56,24,46,46,44,44,44,35,22,44,37,75,46,24,24,10,0],"gold":19,"neow_bonus":"ONE_RANDOM_RARE_CARD","is_prod":false,"is_daily":false,"chose_seed":false,"campfire_upgraded":1,"win_rate":0,"timestamp":1555876579,"path_taken":["M","?","M","M","M","R","E","R","T","M","M","R","M","E","R","BOSS","M","?","$","M","M"],"build_version":"2019-01-23","purchased_purges":0,"victory":false,"max_hp_per_floor":[70,75,75,75,75,75,75,75,75,75,75,75,75,75,75,75,75,75,75,75,75,75],"card_choices":[{"not_picked":["Outmaneuver","Quick Slash"],"picked":"Backflip","floor":1},{"not_picked":["Sucker Punch","Slice"],"picked":"Acrobatics","floor":3},{"not_picked":["Underhanded Strike","Endless Agony"],"picked":"Dagger Throw","floor":4},{"not_picked":["Sucker Punch","Slice"],"picked":"A Thousand Cuts","floor":5},{"not_picked":["Bane","Masterful Stab"],"picked":"Flying Knee","floor":7},{"not_picked":["Quick Slash+1","All Out Attack+1"],"picked":"Caltrops","floor":10},{"not_picked":["Caltrops","Outmaneuver"],"picked":"Footwork","floor":11},{"not_picked":["Bane+1","Escape Plan"],"picked":"Bouncing Flask","floor":13},{"not_picked":["Slice+1","Dagger Throw+1"],"picked":"Underhanded Strike+1","floor":14},{"not_picked":["Grand Finale+1","Burst"],"picked":"Bullet Time","floor":16},{"not_picked":["Reflex+1","Outmaneuver+1"],"picked":"Deflect+1","floor":18},{"not_picked":["Dagger Throw+1","Calculated Gamble+1"],"picked":"Dodge and Roll+1","floor":19},{"not_picked":["Leg Sweep+1","Flying Knee+1"],"picked":"Dodge and Roll+1","floor":21}],"player_experience":429236,"relics_obtained":[{"floor":7,"key":"Molten Egg 2"},{"floor":9,"key":"Ninja Scroll"},{"floor":14,"key":"Blood Vial"},{"floor":17,"key":"Pen Nib"},{"floor":17,"key":"Toxic Egg 2"},{"floor":17,"key":"Girya"}],"event_choices":[{"damage_healed":0,"gold_gain":0,"player_choice":"Got Potions","damage_taken":0,"max_hp_gain":0,"max_hp_loss":0,"event_name":"Lab","floor":2,"gold_loss":0}],"is_beta":false,"boss_relics":[{"not_picked":["Cursed Key","Tiny House"],"picked":"Calling Bell"}],"items_purged_floors":[],"is_endless":false,"potions_floor_spawned":[4,7,14,16,21],"killed_by":"Centurion and Healer","ascension_level":3}