{"gold_per_floor":[15,32,46,46,56,56,84,84,111,131,156,238,203,234,234,305,305,319,335,250,264,264,264,264],"floor_reached":24,"playtime":1742,"items_purged":[],"score":482,"play_id":"882a3ee6-76a2-4765-a153-405c73d6ff93","local_time":"20190806015043","is_ascension_mode":true,"campfire_choices":[{"data":"Zap","floor":6.0,"key":"SMITH"},{"data":"Conserve Battery","floor":8.0,"key":"SMITH"},{"data":"White Noise","floor":15.0,"key":"SMITH"},{"data":"RitualDagger","floor":23.0,"key":"SMITH"}],"neow_cost":"NO_GOLD","seed_source_timestamp":813871303360318,"circlet_count":0,"master_deck":["AscendersBane","Strike_B","Strike_B","Strike_B","Strike_B","Defend_B","Defend_B","Defend_B","Defend_B","Zap+1","Dualcast","Echo Form","Rebound","Cold Snap","FTL","Conserve Battery+1","BootSequence","Chill","White Noise+1","Reboot","Sweeping Beam","RitualDagger+1"],"special_seed":0,"relics":["Cracked Core","Lantern","Strawberry","Boot","Smiling Mask","Nuclear Battery","Bag of Preparation"],"potions_floor_usage":[24],"damage_taken":[{"damage":3.0,"enemies":"2 Louse","floor":1.0,"turns":3.0},{"damage":2.0,"enemies":"Jaw Worm","floor":2.0,"turns":3.0},{"damage":5.0,"enemies":"Small Slimes","floor":3.0,"turns":3.0},{"damage":0.0,"enemies":"2 Fungi Beasts","floor":5.0,"turns":2.0},{"damage":5.0,"enemies":"Lagavulin","floor":7.0,"turns":7.0},{"damage":0.0,"enemies":"Exordium Wildlife","floor":10.0,"turns":3.0},{"damage":5.0,"enemies":"3 Sentries","floor":11.0,"turns":7.0},{"damage":0.0,"enemies":"Lagavulin","floor":14.0,"turns":7.0},{"damage":44.0,"enemies":"The Guardian","floor":16.0,"turns":12.0},{"damage":2.0,"enemies":"Chosen","floor":18.0,"turns":5.0},{"damage":14.0,"enemies":"Shell Parasite","floor":19.0,"turns":5.0},{"damage":17.0,"enemies":"3 Cultists","floor":21.0,"turns":7.0},{"damage":52,"enemies":"Slavers","floor":24,"turns":4}],"seed_played":"3745602377720291797","potions_obtained":[{"floor":2.0,"key":"FearPotion"},{"floor":3.0,"key":"Fire Potion"},{"floor":5.0,"key":"PowerPotion"},{"floor":11.0,"key":"Explosive Potion"},{"floor":14.0,"key":"Regen Potion"},{"floor":18.0,"key":"Block Potion"},{"floor":21.0,"key":"Regen Potion"}],"is_trial":false,"path_per_floor":["M","M","M","?","M","R","E","R","T","M","E","T","?","E","R","B",null,"M","M","?","M","?","R","E"],"character_chosen":"DEFECT","items_purchased":[],"campfire_rested":0,"item_purchase_floors":[],"current_hp_per_floor":[61,59,54,54,54,54,49,49,56,56,51,51,70,70,70,41,69,67,53,53,36,30,30,0],"gold":264,"neow_bonus":"THREE_RARE_CARDS","is_prod":false,"is_daily":false,"chose_seed":false,"campfire_upgraded":4,"win_rate":0,"timestamp":1565070643,"path_taken":["M","M","M","?","M","R","E","R","T","M","E","?","?","E","R","BOSS","M","M","?","M","?","R","E"],"build_version":"2019-07-17","purchased_purges":0,"victory":false,"max_hp_per_floor":[71,71,71,71,71,71,71,71,78,78,78,78,78,78,78,78,78,78,78,78,78,78,78,78],"card_choices":[{"not_picked":["Meteor Strike","Amplify"],"picked":"Echo Form","floor":0.0},{"not_picked":["Gash","Storm"],"picked":"Rebound","floor":1.0},{"not_picked":["Go for the Eyes","White Noise"],"picked":"Cold Snap","floor":2.0},{"not_picked":["Leap","Ball Lightning"],"picked":"FTL","floor":3.0},{"not_picked":["Aggregate","Gash"],"picked":"Conserve Battery","floor":5.0},{"not_picked":["Reprogram","Barrage"],"picked":"BootSequence","floor":7.0},{"not_picked":["Multi-Cast","Scrape"],"picked":"Chill","floor":10.0},{"not_picked":["Gash","Consume","Rebound"],"picked":"SKIP","floor":11.0},{"not_picked":["Rainbow","Ball Lightning"],"picked":"White Noise","floor":14.0},{"not_picked":["Thunder Strike","Amplify"],"picked":"Reboot","floor":16.0},{"not_picked":["Double Energy","Turbo"],"picked":"Sweeping Beam","floor":18.0},{"not_picked":["Rip and Tear","Ball Lightning","Conserve Battery"],"picked":"SKIP","floor":19.0},{"not_picked":["Ball Lightning","Chill","Cold Snap"],"picked":"SKIP","floor":21.0}],"player_experience":1717615,"relics_obtained":[{"floor":7.0,"key":"Lantern"},{"floor":9.0,"key":"Strawberry"},{"floor":11.0,"key":"Boot"},{"floor":14.0,"key":"Smiling Mask"}],"event_choices":[{"damage_healed":0.0,"max_hp_gain":0.0,"max_hp_loss":0.0,"gold_gain":0.0,"event_name":"Shining Light","player_choice":"Ignored","floor":4.0,"gold_loss":0.0,"damage_taken":0.0},{"damage_healed":19.0,"max_hp_gain":0.0,"max_hp_loss":0.0,"gold_gain":0.0,"event_name":"The Cleric","player_choice":"Healed","floor":13.0,"gold_loss":35.0,"damage_taken":0.0},{"damage_healed":0.0,"max_hp_gain":0.0,"max_hp_loss":0.0,"gold_gain":0.0,"event_name":"Addict","player_choice":"Obtained Relic","floor":20.0,"gold_loss":85.0,"damage_taken":0.0,"relics_obtained":["Bag of Preparation"]},{"damage_healed":0.0,"max_hp_gain":0.0,"max_hp_loss":0.0,"gold_gain":0.0,"event_name":"Nest","player_choice":"Joined the Cult","floor":22.0,"gold_loss":0.0,"damage_taken":6.0,"cards_obtained":["RitualDagger"]}],"is_beta":false,"boss_relics":[{"not_picked":["Velvet Choker","Astrolabe"],"picked":"Nuclear Battery"}],"items_purged_floors":[],"is_endless":false,"potions_floor_spawned":[2,3,5,11,14,18,21],"killed_by":"Slavers","ascension_level":20}