{"gold_per_floor":[114,126,140,152,162,162,178,178,205,234,234,234,250,279,279,353,353,373,373,373,388,388],"floor_reached":22,"playtime":1427,"items_purged":[],"score":400,"play_id":"7c07a53a-19fb-4a46-bd7b-3aca9166a237","local_time":"20190429111625","is_ascension_mode":true,"campfire_choices":[{"data":"Terror","floor":6.0,"key":"SMITH"},{"data":"Dagger Spray","floor":12,"key":"SMITH"},{"floor":15,"key":"REST"}],"neow_cost":"NONE","seed_source_timestamp":434569474756494,"circlet_count":0,"master_deck":["AscendersBane","Defend_G","Defend_G","Defend_G","Defend_G","Defend_G","Strike_G","Strike_G","Strike_G","Strike_G","Survivor","Neutralize+1","Blade Dance","Quick Slash","Infinite Blades","Dagger Spray+1","Terror+1","Quick Slash","Blur","Sucker Punch","Dagger Spray+1","Unload","PiercingWail+1"],"special_seed":0,"relics":["Ring of the Snake","Bag of Marbles","Orichalcum","Happy Flower","Philosopher\u0027s Stone"],"potions_floor_usage":[7,16,16,19],"damage_taken":[{"damage":1.0,"enemies":"Small Slimes","floor":1.0,"turns":3.0},{"damage":0.0,"enemies":"Cultist","floor":2.0,"turns":3.0},{"damage":0.0,"enemies":"Jaw Worm","floor":3.0,"turns":3.0},{"damage":6.0,"enemies":"Looter","floor":4.0,"turns":3.0},{"damage":2.0,"enemies":"2 Fungi Beasts","floor":5.0,"turns":4.0},{"damage":0,"enemies":"Exordium Wildlife","floor":7,"turns":2},{"damage":8,"enemies":"Gremlin Nob","floor":10,"turns":3},{"damage":0,"enemies":"Red Slaver","floor":13,"turns":2},{"damage":5,"enemies":"3 Sentries","floor":14,"turns":7},{"damage":30,"enemies":"Slime Boss","floor":16,"turns":9},{"damage":23,"enemies":"Shell Parasite","floor":18,"turns":4},{"damage":0,"enemies":"2 Thieves","floor":19,"turns":1},{"damage":27,"enemies":"Cultist and Chosen","floor":21,"turns":5},{"damage":12,"enemies":"Snake Plant","floor":22,"turns":1}],"seed_played":"-2362352833933240405","potions_obtained":[{"floor":2.0,"key":"Poison Potion"},{"floor":3.0,"key":"Explosive Potion"},{"floor":5.0,"key":"SmokeBomb"},{"floor":7,"key":"Explosive Potion"},{"floor":13,"key":"Dexterity Potion"},{"floor":18,"key":"SmokeBomb"}],"is_trial":false,"path_per_floor":["M","M","M","M","M","R","M","?","T","E","?","R","M","E","R","B",null,"M","M","?","M","M"],"character_chosen":"THE_SILENT","items_purchased":[],"campfire_rested":1,"item_purchase_floors":[],"current_hp_per_floor":[58,58,58,52,50,50,50,43,43,35,40,40,40,35,56,26,60,37,37,37,10,0],"gold":388,"neow_bonus":"UPGRADE_CARD","is_prod":false,"is_daily":false,"chose_seed":false,"campfire_upgraded":2,"win_rate":0,"timestamp":1556550985,"path_taken":["M","M","M","M","M","R","M","?","T","E","?","R","M","E","R","BOSS","M","M","?","M","?"],"build_version":"2019-01-23","purchased_purges":0,"victory":false,"max_hp_per_floor":[66,66,66,66,66,66,66,66,66,66,71,71,71,71,71,71,71,71,71,71,71,71],"card_choices":[{"not_picked":["Escape Plan","Accuracy"],"picked":"Blade Dance","floor":1.0},{"not_picked":["Caltrops","Slice"],"picked":"Quick Slash","floor":2.0},{"not_picked":["Quick Slash","Calculated Gamble"],"picked":"Infinite Blades","floor":3.0},{"not_picked":["Catalyst","Well Laid Plans"],"picked":"Dagger Spray","floor":4.0},{"not_picked":["Cloak And Dagger","Deadly Poison"],"picked":"Terror","floor":5.0},{"not_picked":["Corpse Explosion","Setup"],"picked":"Quick Slash","floor":7},{"not_picked":["Caltrops","Well Laid Plans"],"picked":"Blur","floor":10},{"not_picked":["Outmaneuver","Slice"],"picked":"Sucker Punch","floor":13},{"not_picked":["Flying Knee","Quick Slash"],"picked":"Dagger Spray","floor":14},{"not_picked":["Grand Finale","Burst"],"picked":"Unload","floor":16},{"not_picked":["Deadly Poison","Sucker Punch","Flechettes"],"picked":"SKIP","floor":18},{"not_picked":["Flying Knee","Deflect"],"picked":"PiercingWail+1","floor":21}],"player_experience":1311342,"relics_obtained":[{"floor":9,"key":"Bag of Marbles"},{"floor":10,"key":"Orichalcum"},{"floor":14,"key":"Happy Flower"}],"event_choices":[{"cards_removed":["Strike_G"],"damage_healed":0,"gold_gain":0,"player_choice":"Card Removal","damage_taken":7,"max_hp_gain":0,"max_hp_loss":0,"event_name":"Golden Wing","floor":8,"gold_loss":0},{"damage_healed":0,"gold_gain":0,"player_choice":"Donut","damage_taken":0,"max_hp_gain":5,"max_hp_loss":0,"event_name":"Big Fish","floor":11,"gold_loss":0},{"damage_healed":0,"gold_gain":0,"player_choice":"Upgraded","damage_taken":0,"max_hp_gain":0,"max_hp_loss":0,"event_name":"Upgrade Shrine","floor":20,"gold_loss":0,"cards_upgraded":["Dagger Spray"]}],"is_beta":false,"boss_relics":[{"not_picked":["Ring of the Serpent","White Beast Statue"],"picked":"Philosopher\u0027s Stone"}],"items_purged_floors":[],"is_endless":false,"potions_floor_spawned":[2,3,5,7,13,18,19],"killed_by":"Snake Plant","ascension_level":20}