{"gold_per_floor":[112,127,32,44,44,71,89,89,170,195,195,195,208,226,226,303,303,314,333,333,333],"floor_reached":21,"playtime":904,"items_purged":[],"score":372,"play_id":"b0def5f6-b2c3-41f4-af26-33abf7514c68","local_time":"20190729162409","is_ascension_mode":true,"campfire_choices":[{"data":"Double Energy","floor":8,"key":"SMITH"},{"data":"Creative AI","floor":12,"key":"SMITH"},{"floor":15,"key":"REST"}],"neow_cost":"NONE","seed_source_timestamp":175948174856898,"circlet_count":0,"master_deck":["AscendersBane","Strike_B","Strike_B","Defend_B","Defend_B","Defend_B","Defend_B","Zap","Dualcast","Tempest","Double Energy+1","Rebound","Lockon","Sunder","Beam Cell","Creative AI+1","Recycle","Seek","Sweeping Beam","Chill","Meteor Strike","FTL","Chaos"],"relics":["Cracked Core","Torii","Bottled Tornado","Bag of Marbles","Sozu","Meat on the Bone"],"potions_floor_usage":[6,10,10,16,16,21],"damage_taken":[{"damage":4,"enemies":"Jaw Worm","floor":1,"turns":3},{"damage":0,"enemies":"Cultist","floor":2,"turns":3},{"damage":6,"enemies":"2 Louse","floor":4,"turns":2},{"damage":8,"enemies":"Gremlin Nob","floor":6,"turns":3},{"damage":9,"enemies":"Red Slaver","floor":7,"turns":2},{"damage":10,"enemies":"Lagavulin","floor":10,"turns":5},{"damage":1,"enemies":"3 Louse","floor":13,"turns":3},{"damage":10,"enemies":"Exordium Wildlife","floor":14,"turns":2},{"damage":23,"enemies":"The Guardian","floor":16,"turns":8},{"damage":28,"enemies":"2 Thieves","floor":18,"turns":3},{"damage":18,"enemies":"Spheric Guardian","floor":19,"turns":4},{"damage":27,"enemies":"Chosen and Byrds","floor":21,"turns":4}],"seed_played":"1050031958959316940","potions_obtained":[{"floor":6,"key":"Poison Potion"},{"floor":7,"key":"Poison Potion"},{"floor":10,"key":"LiquidBronze"},{"floor":11,"key":"EntropicBrew"}],"is_trial":false,"path_per_floor":["M","M","$","M","?","E","M","R","T","E","?","R","M","M","R","B",null,"M","M","T","M"],"character_chosen":"DEFECT","items_purchased":["Lockon","AttackPotion"],"campfire_rested":1,"item_purchase_floors":[3,3],"current_hp_per_floor":[60,60,60,54,54,46,37,37,37,27,27,27,26,16,37,14,57,29,11,11,0],"gold":333,"neow_bonus":"TRANSFORM_CARD","is_prod":false,"is_daily":false,"chose_seed":false,"campfire_upgraded":2,"win_rate":0,"timestamp":1564431849,"path_taken":["M","M","$","M","?","E","?","R","T","E","?","R","M","M","R","BOSS","M","M","?","M"],"build_version":"2019-07-17","purchased_purges":0,"victory":false,"max_hp_per_floor":[71,71,71,71,71,71,71,71,71,71,71,71,71,71,71,71,71,71,71,71,71],"card_choices":[{"not_picked":["Beam Cell","Self Repair"],"picked":"Double Energy","floor":1},{"not_picked":["Steam","Beam Cell"],"picked":"Rebound","floor":2},{"not_picked":["Beam Cell","Leap"],"picked":"Sunder","floor":4},{"not_picked":["FTL","Melter"],"picked":"Creative AI","floor":6},{"not_picked":["Sweeping Beam","Heatsinks"],"picked":"Recycle","floor":7},{"not_picked":["Doom and Gloom","Redo"],"picked":"Seek","floor":10},{"not_picked":["Capacitor","Beam Cell"],"picked":"Sweeping Beam","floor":13},{"not_picked":["Redo","Stack"],"picked":"Chill","floor":14},{"not_picked":["Rainbow","Reboot"],"picked":"Meteor Strike","floor":16},{"not_picked":["Capacitor","Steam Power"],"picked":"FTL","floor":18},{"not_picked":["Leap","Undo"],"picked":"Chaos","floor":19}],"player_experience":1652275,"relics_obtained":[{"floor":6,"key":"Torii"},{"floor":9,"key":"Bottled Tornado"},{"floor":10,"key":"Bag of Marbles"},{"floor":20,"key":"Meat on the Bone"}],"event_choices":[{"damage_healed":0,"gold_gain":0,"cards_transformed":["Strike_B"],"player_choice":"Transformed","damage_taken":0,"max_hp_gain":0,"max_hp_loss":0,"event_name":"Transmorgrifier","floor":5,"gold_loss":0,"cards_obtained":["Beam Cell"]},{"damage_healed":0,"gold_gain":0,"player_choice":"Got Potions","damage_taken":0,"max_hp_gain":0,"max_hp_loss":0,"event_name":"Lab","floor":11,"gold_loss":0}],"is_beta":false,"boss_relics":[{"not_picked":["Inserter","Eternal Feather"],"picked":"Sozu"}],"items_purged_floors":[],"is_endless":false,"potions_floor_spawned":[6,7,10,13,14,18],"killed_by":"Chosen and Byrds","ascension_level":19}