{"gold_per_floor":[116,130,142,152,116,116,181,181,181,198,198,218,232,251,251,352,352,365,69,79,79,79,104,104,117,143,143,189,189,200,232,232,232],"floor_reached":33,"playtime":1277,"items_purged":[],"score":388,"play_id":"ccdb93d7-c2de-4f12-8b18-e7931fab19e8","local_time":"20180801151125","is_ascension_mode":true,"campfire_choices":[{"data":"Perfected Strike","floor":6,"key":"SMITH"},{"floor":11,"key":"REST"},{"floor":15,"key":"REST"},{"floor":24,"key":"REST"},{"floor":29,"key":"REST"},{"floor":32,"key":"REST"}],"neow_cost":"NONE","seed_source_timestamp":1799455773868470,"circlet_count":0,"master_deck":["Strike_R","Strike_R","Strike_R","Strike_R","Strike_R","Defend_R+1","Defend_R","Defend_R","Defend_R","Bash","Uppercut","Perfected Strike+1","Flame Barrier+1","Iron Wave","Ghostly Armor+1","Iron Wave","Wild Strike","Perfected Strike","Havoc","Iron Wave","Impervious","Perfected Strike","Madness","Ghostly Armor+1","Ghostly Armor+1","Iron Wave+1","Disarm+1"],"relics":["Lizard Tail","Paper Frog","War Paint","Black Star","MealTicket","Pen Nib","Dodecahedron","Smiling Mask","Bronze Scales","Vajra","Anchor","Oddly Smooth Stone"],"potions_floor_usage":[10,16,16,20,25,31,31,33],"damage_taken":[{"damage":8,"enemies":"Jaw Worm","floor":1,"turns":4},{"damage":0,"enemies":"Small Slimes","floor":2,"turns":3},{"damage":6,"enemies":"Cultist","floor":3,"turns":3},{"damage":9,"enemies":"2 Fungi Beasts","floor":4,"turns":4},{"damage":44,"enemies":"Lagavulin Event","floor":7,"turns":7},{"damage":1,"enemies":"Looter","floor":10,"turns":4},{"damage":17,"enemies":"Exordium Thugs","floor":12,"turns":6},{"damage":0,"enemies":"Blue Slaver","floor":13,"turns":3},{"damage":1,"enemies":"Exordium Wildlife","floor":14,"turns":4},{"damage":30,"enemies":"The Guardian","floor":16,"turns":12},{"damage":0,"enemies":"Chosen","floor":18,"turns":4},{"damage":9,"enemies":"2 Thieves","floor":20,"turns":3},{"damage":48,"enemies":"Book of Stabbing","floor":23,"turns":7},{"damage":23,"enemies":"Sentry and Sphere","floor":25,"turns":8},{"damage":17,"enemies":"Snake Plant","floor":30,"turns":3},{"damage":10,"enemies":"Slavers","floor":31,"turns":6},{"damage":108,"enemies":"Champ","floor":33,"turns":12}],"seed_played":"1098051996906335850","potions_obtained":[{"floor":2,"key":"SpeedPotion"},{"floor":4,"key":"SteroidPotion"},{"floor":7,"key":"Dexterity Potion"},{"floor":13,"key":"Block Potion"},{"floor":16,"key":"Explosive Potion"},{"floor":20,"key":"Ancient Potion"},{"floor":23,"key":"FearPotion"},{"floor":30,"key":"Energy Potion"}],"is_trial":false,"path_per_floor":["M","M","M","M","$","R","?","?","T","M","R","M","M","M","R","B",null,"M","$","M","?","?","E","R","M","T","?","T","R","M","E","R"],"character_chosen":"IRONCLAD","items_purchased":["Ghostly Armor","MealTicket","Madness"],"campfire_rested":5,"item_purchase_floors":[5,19,19],"current_hp_per_floor":[64,64,58,49,49,49,5,5,5,4,28,11,11,10,34,4,61,61,61,52,52,52,4,28,5,5,5,5,29,12,2,26,0],"gold":232,"neow_bonus":"BOSS_RELIC","is_prod":false,"is_daily":false,"chose_seed":false,"campfire_upgraded":1,"win_rate":0,"timestamp":1533150685,"path_taken":["M","M","M","M","$","R","?","?","T","M","R","?","?","?","R","BOSS","M","$","M","?","?","E","R","M","T","?","?","R","M","E","R","BOSS"],"build_version":"2018-07-26","purchased_purges":0,"victory":false,"max_hp_per_floor":[80,80,80,80,80,80,80,80,80,80,80,80,80,80,80,80,80,80,80,80,80,80,80,80,80,80,80,80,80,80,80,80,80],"card_choices":[{"not_picked":["Sword Boomerang","Burning Pact"],"picked":"Uppercut","floor":1},{"not_picked":["True Grit","Shockwave"],"picked":"Perfected Strike","floor":2},{"not_picked":["Carnage","True Grit"],"picked":"Flame Barrier","floor":3},{"not_picked":["Sever Soul","Thunderclap"],"picked":"Iron Wave","floor":4},{"not_picked":["Whirlwind","Barricade"],"picked":"Iron Wave","floor":7},{"not_picked":["Anger","Evolve"],"picked":"Wild Strike","floor":10},{"not_picked":["True Grit","Demon Form"],"picked":"Perfected Strike","floor":12},{"not_picked":["Evolve","Burning Pact"],"picked":"Havoc","floor":13},{"not_picked":["Flex","Combust"],"picked":"Iron Wave","floor":14},{"not_picked":["Double Tap","Reaper"],"picked":"Impervious","floor":16},{"not_picked":["Hemokinesis","Armaments"],"picked":"Perfected Strike","floor":18},{"not_picked":["Body Slam","Sentinel+1"],"picked":"Ghostly Armor+1","floor":20},{"not_picked":["Uppercut","Clash"],"picked":"Ghostly Armor+1","floor":23},{"not_picked":["Cleave","Shrug It Off"],"picked":"Iron Wave+1","floor":25},{"not_picked":["Intimidate","Rampage"],"picked":"Disarm+1","floor":30},{"not_picked":["Heavy Blade","Inflame","Flex"],"picked":"SKIP","floor":31}],"player_experience":329184,"relics_obtained":[{"floor":9,"key":"War Paint"},{"floor":23,"key":"Dodecahedron"},{"floor":23,"key":"Smiling Mask"},{"floor":26,"key":"Bronze Scales"},{"floor":28,"key":"Vajra"},{"floor":31,"key":"Anchor"},{"floor":31,"key":"Oddly Smooth Stone"}],"event_choices":[{"event_name":"Dead Adventurer","player_choice":"Searched \u00273\u0027 times","floor":7,"damage_taken":0},{"event_name":"Living Wall","player_choice":"Grow","floor":8,"damage_taken":0},{"event_name":"Drug Dealer","player_choice":"Ignored","floor":21,"damage_taken":0},{"event_name":"Accursed Blacksmith","player_choice":"Rummage","floor":22,"damage_taken":0},{"event_name":"Vampires","player_choice":"Ignored","floor":27,"damage_taken":0}],"is_beta":false,"boss_relics":[{"not_picked":["Tiny House","White Beast Statue"],"picked":"Black Star"}],"items_purged_floors":[],"is_endless":false,"potions_floor_spawned":[2,4,7,13,16,20,23,30],"killed_by":"Champ","ascension_level":6}