{"gold_per_floor":[116,128,142,142,162,188,188,202,202,228,228,260,225,238,238,333,333,349,65,65,75,91,91,104,104,104,138,148,148,40,54,54,152,152,162,162,178,224,37,37,49,49,49,78,78,88,88,119,119,119],"floor_reached":51,"playtime":2499,"items_purged":[],"score":822,"play_id":"7996d546-774a-4ecf-803f-00f69b2677ea","local_time":"20190327151605","is_ascension_mode":false,"campfire_choices":[{"data":"Bash","floor":7,"key":"SMITH"},{"floor":11,"key":"REST"},{"floor":15,"key":"REST"},{"data":"Spot Weakness","floor":23,"key":"SMITH"},{"floor":25,"key":"REST"},{"floor":32,"key":"REST"},{"floor":40,"key":"REST"},{"floor":45,"key":"REST"},{"floor":47,"key":"REST"},{"data":"Demon Form","floor":49,"key":"SMITH"}],"neow_cost":"NONE","seed_source_timestamp":15031496878501,"circlet_count":0,"master_deck":["Strike_R","Strike_R","Strike_R","Strike_R","Strike_R","Defend_R","Defend_R","Defend_R","Defend_R+1","Bash+1","Anger","Wild Strike","Feed","Pommel Strike","Iron Wave","Seeing Red+1","Wild Strike","Flex","Twin Strike","Demon Form+1","Iron Wave","Bandage Up","Inflame+1","Spot Weakness+1","Flex+1","Twin Strike","Twin Strike","Battle Trance+1","Thunderclap","Rampage","Dual Wield","Armaments+1","Cleave","Exhume","Shrug It Off+1","Bandage Up","Trip","Pommel Strike","Dual Wield","Inflame+1","Burning Pact","Madness","Perfected Strike+1","Immolate","Clothesline","Evolve+1","Parasite","Power Through+1","Dropkick+1","Disarm+1"],"relics":["Burning Blood","Dream Catcher","Singing Bowl","Paper Frog","Centennial Puzzle","Vajra","Philosopher\u0027s Stone","Lantern","Frozen Egg 2","War Paint","Mark of Pain","Unceasing Top","Ornamental Fan","StoneCalendar","Bottled Tornado"],"potions_floor_usage":[6,10,16,22,27,33,33,35,38,44,44,48],"damage_taken":[{"damage":1,"enemies":"Cultist","floor":1,"turns":3},{"damage":1,"enemies":"Jaw Worm","floor":2,"turns":3},{"damage":5,"enemies":"Small Slimes","floor":3,"turns":3},{"damage":6,"enemies":"Blue Slaver","floor":5,"turns":4},{"damage":31,"enemies":"Lagavulin","floor":6,"turns":5},{"damage":10,"enemies":"Looter","floor":8,"turns":2},{"damage":40,"enemies":"3 Sentries","floor":10,"turns":8},{"damage":24,"enemies":"Gremlin Nob","floor":12,"turns":4},{"damage":2,"enemies":"3 Louse","floor":14,"turns":3},{"damage":14,"enemies":"Slime Boss","floor":16,"turns":10},{"damage":18,"enemies":"3 Byrds","floor":18,"turns":5},{"damage":6,"enemies":"Spheric Guardian","floor":21,"turns":3},{"damage":16,"enemies":"Chosen and Byrds","floor":22,"turns":5},{"damage":12,"enemies":"3 Cultists","floor":24,"turns":5},{"damage":30,"enemies":"Book of Stabbing","floor":27,"turns":3},{"damage":28,"enemies":"Snake Plant","floor":28,"turns":3},{"damage":11,"enemies":"Centurion and Healer","floor":31,"turns":3},{"damage":46,"enemies":"Champ","floor":33,"turns":6},{"damage":30,"enemies":"3 Darklings","floor":35,"turns":4},{"damage":14,"enemies":"Orb Walker","floor":37,"turns":4},{"damage":31,"enemies":"2 Orb Walkers","floor":38,"turns":3},{"damage":12,"enemies":"4 Shapes","floor":41,"turns":3},{"damage":41,"enemies":"Giant Head","floor":44,"turns":6},{"damage":29,"enemies":"Writhing Mass","floor":46,"turns":3},{"damage":19,"enemies":"Reptomancer","floor":48,"turns":5},{"damage":80,"enemies":"Time Eater","floor":50,"turns":8}],"seed_played":"-1788677832615409235","potions_obtained":[{"floor":2,"key":"AttackPotion"},{"floor":8,"key":"FearPotion"},{"floor":12,"key":"BloodPotion"},{"floor":14,"key":"Dexterity Potion"},{"floor":18,"key":"GamblersBrew"},{"floor":21,"key":"SpeedPotion"},{"floor":22,"key":"Poison Potion"},{"floor":31,"key":"Swift Potion"},{"floor":33,"key":"PowerPotion"},{"floor":35,"key":"SteroidPotion"},{"floor":38,"key":"Regen Potion"},{"floor":44,"key":"SteroidPotion"}],"is_trial":false,"path_per_floor":["M","M","M","?","M","E","R","M","T","E","R","E","?","M","R","B",null,"M","$","?","M","M","R","M","R","T","E","M","?","$","M","R","B",null,"M","?","M","?","$","R","M","?","T","E","R","M","R","E","R","B",null],"character_chosen":"IRONCLAD","items_purchased":["Lantern","Bandage Up","Inflame","Rampage","Dual Wield","Inflame+1","Burning Pact","Madness"],"campfire_rested":7,"item_purchase_floors":[19,19,19,30,30,39,39,39],"current_hp_per_floor":[80,80,80,80,80,58,58,54,54,20,44,26,46,53,78,73,89,80,80,80,84,78,78,79,95,95,71,53,53,53,52,80,53,95,71,66,70,45,45,73,74,74,74,59,88,69,98,85,85,22],"gold":119,"neow_bonus":"RANDOM_COMMON_RELIC","is_prod":false,"is_daily":false,"chose_seed":false,"campfire_upgraded":3,"win_rate":0,"timestamp":1553663765,"path_taken":["M","M","M","?","?","E","R","M","T","E","R","E","?","M","R","BOSS","M","$","?","M","?","R","M","R","T","E","M","?","$","M","R","BOSS","M","?","M","?","$","R","M","?","T","E","R","M","R","E","R","BOSS"],"build_version":"2019-01-23","purchased_purges":0,"victory":true,"max_hp_per_floor":[80,80,80,80,80,83,83,83,83,83,83,83,83,86,86,89,89,92,92,92,92,92,92,95,95,95,95,95,95,95,95,95,95,95,95,95,95,95,95,95,98,98,98,98,98,98,98,98,98,101],"card_choices":[{"not_picked":["Cleave","Wild Strike"],"picked":"Anger","floor":1},{"not_picked":["Headbutt","Warcry"],"picked":"Wild Strike","floor":2},{"not_picked":["Intimidate","Sever Soul"],"picked":"Sword Boomerang","floor":3},{"not_picked":["Evolve","Thunderclap"],"picked":"Feed","floor":5},{"not_picked":["Corruption","Cleave"],"picked":"Heavy Blade","floor":6},{"not_picked":["Sword Boomerang","Shrug It Off"],"picked":"Pommel Strike","floor":8},{"not_picked":["Fiend Fire","Wild Strike"],"picked":"Iron Wave","floor":10},{"not_picked":["Disarm","Inflame"],"picked":"Seeing Red","floor":11},{"not_picked":["Limit Break","Bloodletting"],"picked":"Wild Strike","floor":12},{"not_picked":["Rupture","Metallicize"],"picked":"Flex","floor":14},{"not_picked":["Power Through","Flex"],"picked":"Twin Strike","floor":15},{"not_picked":["Immolate","Impervious"],"picked":"Demon Form","floor":16},{"not_picked":["Body Slam","Intimidate"],"picked":"Iron Wave","floor":18},{"not_picked":["Heavy Blade","Flex"],"picked":"Spot Weakness","floor":21},{"not_picked":["Evolve","Pommel Strike"],"picked":"Flex+1","floor":22},{"not_picked":["Warcry","Iron Wave"],"picked":"Twin Strike","floor":24},{"not_picked":["Reaper","Headbutt"],"picked":"Twin Strike","floor":25},{"not_picked":["Corruption+1","Heavy Blade"],"picked":"Battle Trance+1","floor":27},{"not_picked":["Cleave","Warcry"],"picked":"Thunderclap","floor":28},{"not_picked":["Blood for Blood+1","Body Slam"],"picked":"Armaments+1","floor":31},{"not_picked":["True Grit+1","Fiend Fire"],"picked":"Cleave","floor":32},{"not_picked":["Reaper","Berserk+1"],"picked":"Exhume","floor":33},{"not_picked":["Wild Strike+1","Sword Boomerang+1"],"picked":"Shrug It Off+1","floor":35},{"not_picked":["Thinking Ahead","Finesse"],"picked":"Bandage Up","floor":36},{"not_picked":["Madness","Good Instincts"],"picked":"Trip","floor":36},{"not_picked":["Heavy Blade","Thunderclap"],"picked":"Pommel Strike","floor":37},{"not_picked":["Warcry","True Grit"],"picked":"Dual Wield","floor":38},{"not_picked":["Pommel Strike+1","Clash"],"picked":"Perfected Strike+1","floor":40},{"not_picked":["Pummel","Warcry"],"picked":"Immolate","floor":41},{"not_picked":["Carnage","Burning Pact+1"],"picked":"Clothesline","floor":44},{"not_picked":["Headbutt","Disarm+1"],"picked":"Evolve+1","floor":45},{"not_picked":["Dual Wield+1","Warcry+1"],"picked":"Power Through+1","floor":46},{"not_picked":["Havoc+1","Searing Blow"],"picked":"Dropkick+1","floor":47},{"not_picked":["Thunderclap","Shrug It Off"],"picked":"Disarm+1","floor":48}],"player_experience":190252,"relics_obtained":[{"floor":6,"key":"Paper Frog"},{"floor":10,"key":"Centennial Puzzle"},{"floor":12,"key":"Vajra"},{"floor":26,"key":"Frozen Egg 2"},{"floor":27,"key":"War Paint"},{"floor":38,"key":"Unceasing Top"},{"floor":43,"key":"Ornamental Fan"},{"floor":44,"key":"StoneCalendar"},{"floor":48,"key":"Bottled Tornado"}],"event_choices":[{"cards_removed":["Sword Boomerang"],"damage_healed":0,"gold_gain":0,"player_choice":"Gave Card","damage_taken":0,"relics_obtained":["Singing Bowl"],"max_hp_gain":0,"max_hp_loss":0,"event_name":"WeMeetAgain","floor":4,"gold_loss":0},{"damage_healed":20,"gold_gain":0,"player_choice":"Healed","damage_taken":0,"max_hp_gain":0,"max_hp_loss":0,"event_name":"The Cleric","floor":13,"gold_loss":35},{"damage_healed":0,"gold_gain":0,"player_choice":"Upgraded","damage_taken":0,"max_hp_gain":0,"max_hp_loss":0,"event_name":"Upgrade Shrine","floor":20,"gold_loss":0,"cards_upgraded":["Inflame"]},{"damage_healed":0,"gold_gain":0,"player_choice":"Ignored","damage_taken":0,"max_hp_gain":0,"max_hp_loss":0,"event_name":"Beggar","floor":29,"gold_loss":0},{"damage_healed":0,"gold_gain":0,"player_choice":"Memory 2","damage_taken":5,"max_hp_gain":0,"max_hp_loss":0,"event_name":"SensoryStone","floor":36,"gold_loss":0},{"damage_healed":0,"gold_gain":0,"player_choice":"Fight","damage_taken":0,"max_hp_gain":0,"max_hp_loss":0,"event_name":"Mysterious Sphere","floor":38,"gold_loss":0},{"cards_removed":["Heavy Blade"],"damage_healed":0,"gold_gain":0,"player_choice":"Removed Attack","damage_taken":0,"max_hp_gain":0,"max_hp_loss":0,"event_name":"Falling","floor":42,"gold_loss":0}],"is_beta":false,"boss_relics":[{"not_picked":["Runic Pyramid","Black Blood"],"picked":"Philosopher\u0027s Stone"},{"not_picked":["Astrolabe","Lizard Tail"],"picked":"Mark of Pain"}],"items_purged_floors":[],"is_endless":false,"potions_floor_spawned":[2,8,12,14,18,21,22,31,33,35,38,44],"ascension_level":0}