{"gold_per_floor":[117,117,42,42,42,73,73,88,112,130,130,130,158,171,171,171],"floor_reached":16,"playtime":707,"items_purged":["Strike_G"],"score":167,"play_id":"f7b3cce3-4e02-4c24-b96e-dda8f022d4c9","local_time":"20181116130034","is_ascension_mode":true,"campfire_choices":[{"data":"Predator","floor":7,"key":"SMITH"},{"data":"Concentrate","floor":11,"key":"SMITH"},{"data":"Underhanded Strike","floor":15,"key":"SMITH"}],"neow_cost":"TEN_PERCENT_HP_LOSS","seed_source_timestamp":241867304340194,"circlet_count":0,"master_deck":["AscendersBane","Defend_G","Defend_G","Defend_G","Defend_G","Defend_G","Strike_G","Survivor","Neutralize","Predator+1","Underhanded Strike+1","Prepared","Die Die Die","After Image","Concentrate+1","Leg Sweep","Backflip"],"relics":["Ring of the Snake","Darkstone Periapt","Anchor","Snake Skull","Bag of Marbles"],"potions_floor_usage":[6,13,16],"damage_taken":[{"damage":0,"enemies":"Cultist","floor":1,"turns":3},{"damage":12,"enemies":"Gremlin Nob","floor":6,"turns":4},{"damage":0,"enemies":"Jaw Worm","floor":8,"turns":4},{"damage":0,"enemies":"Small Slimes","floor":10,"turns":3},{"damage":13,"enemies":"Lagavulin","floor":13,"turns":5},{"damage":0,"enemies":"Red Slaver","floor":14,"turns":1},{"damage":40,"enemies":"Hexaghost","floor":16,"turns":16}],"seed_played":"-6510938199104039464","potions_obtained":[{"floor":1,"key":"EssenceOfSteel"},{"floor":10,"key":"AttackPotion"},{"floor":14,"key":"SpeedPotion"}],"is_trial":false,"path_per_floor":["M","T","$","?","$","E","R","M","T","M","R","?","E","M","R","B"],"character_chosen":"THE_SILENT","items_purchased":[],"campfire_rested":0,"item_purchase_floors":[],"current_hp_per_floor":[63,63,63,63,63,51,51,51,51,51,51,51,38,38,38,0],"gold":171,"neow_bonus":"TRANSFORM_TWO_CARDS","is_prod":false,"is_daily":false,"chose_seed":false,"campfire_upgraded":3,"win_rate":0,"timestamp":1542391234,"path_taken":["M","?","?","?","$","E","R","M","T","M","R","?","E","?","R","BOSS"],"build_version":"2018-11-15","purchased_purges":1,"victory":false,"max_hp_per_floor":[63,63,63,63,63,63,63,63,63,63,63,63,63,63,63,63],"card_choices":[{"not_picked":["Slice","Blade Dance"],"picked":"Prepared","floor":1},{"not_picked":["Dagger Spray","Skewer"],"picked":"After Image","floor":6},{"not_picked":["Noxious Fumes","Crippling Poison"],"picked":"Concentrate","floor":8},{"not_picked":["Dagger Throw","Sucker Punch"],"picked":"Leg Sweep","floor":10},{"not_picked":["Acrobatics","Caltrops","Terror"],"picked":"SKIP","floor":13},{"not_picked":["PiercingWail","Dagger Spray"],"picked":"Backflip","floor":14}],"player_experience":683573,"relics_obtained":[{"floor":2,"key":"Darkstone Periapt"},{"floor":6,"key":"Anchor"},{"floor":9,"key":"Snake Skull"},{"floor":13,"key":"Bag of Marbles"}],"event_choices":[{"damage_healed":0,"gold_gain":0,"cards_transformed":["Strike_G"],"player_choice":"Change","damage_taken":0,"max_hp_gain":0,"max_hp_loss":0,"event_name":"Living Wall","floor":4,"gold_loss":0,"cards_obtained":["Die Die Die"]},{"damage_healed":0,"gold_gain":0,"player_choice":"Bought 0 Potions","damage_taken":0,"max_hp_gain":0,"max_hp_loss":0,"event_name":"The Woman in Blue","floor":12,"gold_loss":0}],"is_beta":false,"boss_relics":[],"items_purged_floors":[3],"is_endless":false,"potions_floor_spawned":[1,10,14],"killed_by":"Hexaghost","ascension_level":11}