{"gold_per_floor":[116,116,129,147,16,45,45,71,117,117,146,163,183,211,211,285,285,299,33,53,26,76,76,105,117,164,175,175,195,195,195],"floor_reached":31,"playtime":1820,"items_purged":["Defend_B","Strike_B"],"score":570,"play_id":"0b687c65-7997-4a69-81be-7ca3158c3d57","local_time":"20190821112247","is_ascension_mode":true,"campfire_choices":[{"data":"Barrage","floor":7.0,"key":"SMITH"},{"floor":15.0,"key":"REST"},{"floor":23.0,"key":"REST"},{"floor":28,"key":"REST"},{"data":"Storm","floor":30,"key":"SMITH"}],"neow_cost":"NONE","seed_source_timestamp":0,"circlet_count":0,"master_deck":["AscendersBane","Strike_B","Strike_B","Strike_B","Defend_B","Defend_B","Defend_B","Zap","Dualcast","Loop","Cold Snap","Steam","Sweeping Beam","Barrage+1","Go for the Eyes","Defragment","Chaos+1","Compile Driver","Seek+1","Cold Snap+1","Genetic Algorithm","Defragment","Reinforced Body","Stack+1","Storm+1"],"special_seed":0,"relics":["Cracked Core","NeowsBlessing","Sundial","Vajra","Omamori","SsserpentHead","Mango","Kunai","Eternal Feather","War Paint","Potion Belt","Thread and Needle","Boot"],"potions_floor_usage":[25],"damage_taken":[{"damage":0.0,"enemies":"2 Louse","floor":1.0,"turns":1.0},{"damage":0.0,"enemies":"Cultist","floor":3.0,"turns":1.0},{"damage":0.0,"enemies":"Small Slimes","floor":4.0,"turns":1.0},{"damage":18.0,"enemies":"Lagavulin","floor":6.0,"turns":8.0},{"damage":18.0,"enemies":"Gremlin Nob","floor":8.0,"turns":4.0},{"damage":3.0,"enemies":"3 Sentries","floor":11.0,"turns":4.0},{"damage":8.0,"enemies":"Blue Slaver","floor":12.0,"turns":3.0},{"damage":3.0,"enemies":"Looter","floor":13.0,"turns":3.0},{"damage":22.0,"enemies":"Gremlin Nob","floor":14.0,"turns":4.0},{"damage":10.0,"enemies":"Hexaghost","floor":16.0,"turns":7.0},{"damage":28.0,"enemies":"Chosen","floor":18.0,"turns":5.0},{"damage":28.0,"enemies":"2 Thieves","floor":20.0,"turns":3.0},{"damage":41.0,"enemies":"Book of Stabbing","floor":24.0,"turns":7.0},{"damage":3,"enemies":"Sentry and Sphere","floor":25,"turns":7},{"damage":5,"enemies":"Chosen and Byrds","floor":27,"turns":9},{"damage":5,"enemies":"Snecko","floor":29,"turns":7},{"damage":61,"enemies":"Slavers","floor":31,"turns":3}],"seed_played":"-170730342547761343","potions_obtained":[{"floor":2.0,"key":"Block Potion"},{"floor":2.0,"key":"Weak Potion"},{"floor":6.0,"key":"PowerPotion"},{"floor":8.0,"key":"GamblersBrew"},{"floor":12.0,"key":"Poison Potion"},{"floor":16.0,"key":"Explosive Potion"},{"floor":20.0,"key":"Weak Potion"},{"floor":24.0,"key":"FocusPotion"},{"floor":27,"key":"Explosive Potion"}],"is_trial":false,"path_per_floor":["M","?","M","M","$","E","R","E","T","?","E","M","M","E","R","B",null,"M","$","M","$","?","R","E","M","T","M","R","M","R","E"],"character_chosen":"DEFECT","items_purchased":["Sweeping Beam","War Paint","Defragment"],"campfire_rested":3,"item_purchase_floors":[5,19,21],"current_hp_per_floor":[64,64,64,64,64,46,46,28,28,28,39,31,28,6,31,21,69,41,41,13,13,13,50,9,6,6,1,38,33,48,0],"gold":195,"neow_bonus":"THREE_ENEMY_KILL","is_prod":false,"is_daily":false,"chose_seed":false,"campfire_upgraded":2,"win_rate":0,"timestamp":1566400967,"path_taken":["M","?","?","?","$","E","R","E","T","?","E","M","M","E","R","BOSS","M","$","M","?","?","R","E","M","T","M","R","M","R","E"],"build_version":"2019-07-17","purchased_purges":2,"victory":false,"max_hp_per_floor":[71,71,71,71,71,71,71,71,71,71,85,85,85,85,85,85,85,85,85,85,85,85,85,85,85,85,85,85,85,85,85],"card_choices":[{"not_picked":["Leap","Ball Lightning"],"picked":"Loop","floor":1.0},{"not_picked":["Scrape","Sunder"],"picked":"Cold Snap","floor":3.0},{"not_picked":["Aggregate","Reprogram"],"picked":"Steam","floor":4.0},{"not_picked":["Cold Snap","Fusion"],"picked":"Barrage","floor":6.0},{"not_picked":["Scrape","Coolheaded"],"picked":"Go for the Eyes","floor":8.0},{"not_picked":["Darkness","Ball Lightning"],"picked":"Defragment","floor":11.0},{"not_picked":["Ball Lightning","Gash"],"picked":"Chaos","floor":12.0},{"not_picked":["Streamline","Force Field","Blizzard"],"picked":"SKIP","floor":13.0},{"not_picked":["Sunder","Gash"],"picked":"Compile Driver","floor":14.0},{"not_picked":["Biased Cognition","Reboot"],"picked":"Seek","floor":16.0},{"not_picked":["Melter","Redo"],"picked":"Cold Snap+1","floor":18.0},{"not_picked":["Leap","Coolheaded"],"picked":"Genetic Algorithm","floor":20.0},{"not_picked":["Sunder","Sweeping Beam"],"picked":"Reinforced Body","floor":24.0},{"not_picked":["Gash","Compile Driver+1"],"picked":"Stack+1","floor":25},{"not_picked":["Compile Driver","Undo","Rebound"],"picked":"SKIP","floor":27},{"not_picked":["Conserve Battery","Melter+1"],"picked":"Storm","floor":29}],"player_experience":1818670,"relics_obtained":[{"floor":6.0,"key":"Sundial"},{"floor":8.0,"key":"Vajra"},{"floor":9.0,"key":"Omamori"},{"floor":11.0,"key":"Mango"},{"floor":14.0,"key":"Kunai"},{"floor":24.0,"key":"Thread and Needle"},{"floor":26,"key":"Boot"}],"event_choices":[{"damage_healed":0.0,"max_hp_gain":0.0,"max_hp_loss":0.0,"gold_gain":0.0,"event_name":"Lab","player_choice":"Got Potions","floor":2.0,"gold_loss":0.0,"damage_taken":0.0},{"damage_healed":0.0,"max_hp_gain":0.0,"max_hp_loss":0.0,"gold_gain":0.0,"event_name":"FaceTrader","player_choice":"Trade","floor":10.0,"gold_loss":0.0,"damage_taken":0.0,"relics_obtained":["SsserpentHead"]},{"damage_healed":0.0,"max_hp_gain":0.0,"max_hp_loss":0.0,"gold_gain":0.0,"event_name":"Addict","player_choice":"Stole Relic","floor":22.0,"gold_loss":0.0,"damage_taken":0.0,"relics_obtained":["Potion Belt"],"cards_obtained":["Shame"]}],"is_beta":false,"boss_relics":[{"not_picked":["Snecko Eye","Lizard Tail"],"picked":"Eternal Feather"}],"items_purged_floors":[5,19],"is_endless":false,"potions_floor_spawned":[4,6,8,12,16,20,24,27],"killed_by":"Slavers","ascension_level":20}