{"gold_per_floor":[15,29,49,49,7,7,22,40,40,67,67,82,108,142,142,215,215,226,237,162,162,173,173,173,173,173,190,190,219,219,245,245,321,321,333,121,132,132,144,144,144],"floor_reached":41,"playtime":3248,"items_purged":["Strike_G"],"score":1122,"play_id":"c2a37981-5877-4551-a0ff-498f792f5d46","local_time":"20190507011253","is_ascension_mode":true,"campfire_choices":[{"data":"Neutralize","floor":6.0,"key":"SMITH"},{"data":"Cloak And Dagger","floor":11.0,"key":"SMITH"},{"data":"Burst","floor":15.0,"key":"SMITH"},{"floor":23.0,"key":"REST"},{"floor":25.0,"key":"REST"},{"floor":32.0,"key":"REST"},{"floor":40,"key":"REST"}],"neow_cost":"NO_GOLD","seed_source_timestamp":0,"circlet_count":0,"master_deck":["AscendersBane","Defend_G+1","Defend_G+1","Defend_G+1","Defend_G+1","Defend_G+1","Strike_G+1","Strike_G+1","Strike_G+1","Strike_G+1","Survivor","Neutralize+1","Quick Slash","Backstab","Masterful Stab","Flying Knee","Cloak And Dagger+1","Burst+1","Sucker Punch+1","Poisoned Stab+1","Quick Slash+1","Malaise","Tactician+1","Dagger Throw+1","Footwork","Slice+1","Slice+1","Blur","Adrenaline"],"special_seed":0,"relics":["Ring of the Snake","FossilizedHelix","Juzu Bracelet","Molten Egg 2","Odd Mushroom","Vajra","Runic Pyramid","Enchiridion","Shuriken","Ginger","Frozen Egg 2","Sundial","HoveringKite","ClockworkSouvenir"],"potions_floor_usage":[39,39],"damage_taken":[{"damage":0.0,"enemies":"2 Louse","floor":1.0,"turns":3.0},{"damage":0.0,"enemies":"Cultist","floor":2.0,"turns":6.0},{"damage":0.0,"enemies":"Small Slimes","floor":3.0,"turns":4.0},{"damage":0.0,"enemies":"Blue Slaver","floor":7.0,"turns":3.0},{"damage":0.0,"enemies":"Exordium Wildlife","floor":8.0,"turns":2.0},{"damage":7.0,"enemies":"3 Sentries","floor":10.0,"turns":8.0},{"damage":0.0,"enemies":"2 Fungi Beasts","floor":12.0,"turns":3.0},{"damage":0.0,"enemies":"The Mushroom Lair","floor":13.0,"turns":2.0},{"damage":0.0,"enemies":"Lagavulin","floor":14.0,"turns":3.0},{"damage":36.0,"enemies":"Slime Boss","floor":16.0,"turns":10.0},{"damage":1.0,"enemies":"2 Thieves","floor":18.0,"turns":5.0},{"damage":0.0,"enemies":"Shell Parasite","floor":19.0,"turns":3.0},{"damage":1.0,"enemies":"Shelled Parasite and Fungi","floor":22.0,"turns":4.0},{"damage":20.0,"enemies":"Book of Stabbing","floor":24.0,"turns":6.0},{"damage":14.0,"enemies":"Snake Plant","floor":27.0,"turns":4.0},{"damage":6.0,"enemies":"Gremlin Leader","floor":29.0,"turns":4.0},{"damage":0.0,"enemies":"Book of Stabbing","floor":31.0,"turns":4.0},{"damage":0.0,"enemies":"Automaton","floor":33.0,"turns":9.0},{"damage":13.0,"enemies":"3 Darklings","floor":35.0,"turns":10.0},{"damage":0.0,"enemies":"Orb Walker","floor":37.0,"turns":3.0},{"damage":18,"enemies":"3 Darklings","floor":39,"turns":9},{"damage":55,"enemies":"Reptomancer","floor":41,"turns":4}],"seed_played":"7964638152756076902","potions_obtained":[{"floor":1.0,"key":"Ancient Potion"},{"floor":8.0,"key":"AttackPotion"},{"floor":10.0,"key":"AttackPotion"},{"floor":13.0,"key":"FearPotion"},{"floor":14.0,"key":"SneckoOil"},{"floor":18.0,"key":"Explosive Potion"},{"floor":22.0,"key":"SmokeBomb"},{"floor":29.0,"key":"Explosive Potion"},{"floor":35.0,"key":"Explosive Potion"}],"is_trial":false,"path_per_floor":["M","M","M","?","$","R","M","M","T","E","R","M","?","E","R","B",null,"M","M","$","?","M","R","E","R","T","M","T","E","?","E","R","B",null,"M","$","M","?","M","R","E"],"character_chosen":"THE_SILENT","items_purchased":["Masterful Stab","ClockworkSouvenir"],"campfire_rested":4,"item_purchase_floors":[5,36],"current_hp_per_floor":[59,59,59,59,59,59,59,59,59,52,52,52,52,52,52,16,54,53,53,53,32,31,50,30,49,49,35,35,29,29,29,48,48,62,49,49,49,49,31,49,0],"gold":144,"neow_bonus":"ONE_RARE_RELIC","is_prod":false,"is_daily":false,"chose_seed":false,"campfire_upgraded":3,"win_rate":0,"timestamp":1557205973,"path_taken":["M","M","M","?","?","R","M","M","T","E","R","M","?","E","R","BOSS","M","M","$","?","M","R","E","R","T","M","?","E","?","E","R","BOSS","M","$","M","?","M","R","E"],"build_version":"2019-01-23","purchased_purges":1,"victory":false,"max_hp_per_floor":[66,66,66,66,66,66,66,66,66,66,66,66,66,66,66,66,66,66,66,66,66,66,66,66,66,66,66,66,66,66,66,66,66,66,66,66,66,63,63,63,63],"card_choices":[{"not_picked":["Expertise","Prepared","Outmaneuver"],"picked":"SKIP","floor":1.0},{"not_picked":["Acrobatics","Backflip"],"picked":"Quick Slash","floor":2.0},{"not_picked":["Blade Dance","Bane"],"picked":"Backstab","floor":3.0},{"not_picked":["Dagger Throw","Cloak And Dagger"],"picked":"Flying Knee","floor":7.0},{"not_picked":["Blade Dance","Expertise"],"picked":"Cloak And Dagger","floor":8.0},{"not_picked":["Prepared","Acrobatics"],"picked":"Burst","floor":10.0},{"not_picked":["Concentrate","Well Laid Plans"],"picked":"Sucker Punch+1","floor":12.0},{"not_picked":["Outmaneuver","Bane+1"],"picked":"Poisoned Stab+1","floor":13.0},{"not_picked":["Concentrate","Slice+1"],"picked":"Quick Slash+1","floor":14.0},{"not_picked":["Bullet Time","Envenom"],"picked":"Malaise","floor":16.0},{"not_picked":["Dagger Throw+1","Dash+1"],"picked":"Tactician+1","floor":18.0},{"not_picked":["Quick Slash+1","Bouncing Flask"],"picked":"Dagger Throw+1","floor":19.0},{"not_picked":["Slice+1","Backflip"],"picked":"Footwork","floor":22.0},{"not_picked":["Flechettes+1","Dagger Spray+1"],"picked":"Slice+1","floor":27.0},{"not_picked":["Concentrate","Backflip+1"],"picked":"Slice+1","floor":29.0},{"not_picked":["Corpse Explosion","Underhanded Strike+1"],"picked":"Blur","floor":31.0},{"not_picked":["Burst","Venomology"],"picked":"Adrenaline","floor":33.0},{"not_picked":["Distraction","Flechettes+1","Slice+1"],"picked":"SKIP","floor":35.0},{"not_picked":["Flying Knee+1","Slice+1","Dagger Spray+1"],"picked":"SKIP","floor":37.0},{"not_picked":["Slice+1","Sucker Punch+1","Poisoned Stab+1"],"picked":"SKIP","floor":39}],"player_experience":1479499,"relics_obtained":[{"floor":10.0,"key":"Molten Egg 2"},{"floor":13.0,"key":"Odd Mushroom"},{"floor":14.0,"key":"Vajra"},{"floor":21.0,"key":"Enchiridion"},{"floor":26.0,"key":"Shuriken"},{"floor":28.0,"key":"Ginger"},{"floor":29.0,"key":"Frozen Egg 2"},{"floor":31.0,"key":"Sundial"}],"event_choices":[{"damage_healed":0.0,"max_hp_gain":0.0,"max_hp_loss":0.0,"gold_gain":0.0,"event_name":"WeMeetAgain","player_choice":"Gave Potion","floor":4.0,"gold_loss":0.0,"damage_taken":0.0,"relics_obtained":["Juzu Bracelet"]},{"damage_healed":0.0,"max_hp_gain":0.0,"max_hp_loss":0.0,"gold_gain":0.0,"event_name":"Mushrooms","player_choice":"Fought Mushrooms","floor":13.0,"gold_loss":0.0,"damage_taken":0.0},{"damage_healed":0.0,"max_hp_gain":0.0,"max_hp_loss":0.0,"gold_gain":0.0,"event_name":"Cursed Tome","player_choice":"Obtained Book","floor":21.0,"gold_loss":0.0,"damage_taken":21.0},{"damage_healed":0.0,"max_hp_gain":0.0,"max_hp_loss":0.0,"gold_gain":0.0,"event_name":"Back to Basics","player_choice":"Simplicity","floor":30.0,"gold_loss":0.0,"damage_taken":0.0,"cards_upgraded":["Defend_G","Defend_G","Defend_G","Defend_G","Defend_G","Strike_G","Strike_G","Strike_G","Strike_G"]},{"damage_healed":0.0,"max_hp_gain":0.0,"max_hp_loss":3.0,"gold_gain":0.0,"event_name":"Winding Halls","player_choice":"Max HP","floor":38.0,"gold_loss":0.0,"damage_taken":0.0}],"is_beta":false,"boss_relics":[{"not_picked":["Fusion Hammer","Ring of the Serpent"],"picked":"Runic Pyramid"},{"not_picked":["Busted Crown","Philosopher\u0027s Stone"],"picked":"HoveringKite"}],"items_purged_floors":[20],"is_endless":false,"potions_floor_spawned":[1,8,10,13,14,18,22,29,35,37],"killed_by":"Reptomancer","ascension_level":20}