{"gold_per_floor":[114,264,280,292,311,311,346,366,443,443,498,498],"floor_reached":12,"playtime":443,"items_purged":[],"score":140,"play_id":"d6054522-6620-4f39-a5d2-0fbe595d746b","local_time":"20190722044525","is_ascension_mode":true,"campfire_choices":[{"data":"Go for the Eyes","floor":6,"key":"SMITH"},{"floor":10,"key":"REST"}],"neow_cost":"NONE","seed_source_timestamp":56706137801852,"circlet_count":0,"master_deck":["AscendersBane","Strike_B","Strike_B","Strike_B","Strike_B","Defend_B","Defend_B","Defend_B","Defend_B","Zap","Dualcast","Go for the Eyes+1","Doubt","Undo","Conserve Battery","Machine Learning","Echo Form","Glacier","Redo"],"relics":["Cracked Core","Strawberry","Kunai","Mercury Hourglass","Thread and Needle"],"potions_floor_usage":[7,8],"damage_taken":[{"damage":0,"enemies":"2 Louse","floor":1,"turns":1},{"damage":14,"enemies":"Jaw Worm","floor":3,"turns":4},{"damage":7,"enemies":"Small Slimes","floor":4,"turns":4},{"damage":1,"enemies":"Looter","floor":5,"turns":3},{"damage":26,"enemies":"Gremlin Nob","floor":7,"turns":5},{"damage":9,"enemies":"Blue Slaver","floor":8,"turns":4},{"damage":33,"enemies":"Gremlin Nob","floor":11,"turns":5},{"damage":5,"enemies":"Lagavulin","floor":12,"turns":3}],"seed_played":"-7842671154870514292","potions_obtained":[{"floor":5,"key":"FocusPotion"},{"floor":7,"key":"Energy Potion"},{"floor":11,"key":"SteroidPotion"}],"is_trial":false,"path_per_floor":["M","?","M","M","M","R","E","M","T","R","?","E"],"character_chosen":"DEFECT","items_purchased":[],"campfire_rested":1,"item_purchase_floors":[],"current_hp_per_floor":[71,71,57,50,49,49,23,14,14,37,4,0],"gold":498,"neow_bonus":"RANDOM_COMMON_RELIC","is_prod":false,"is_daily":false,"chose_seed":false,"campfire_upgraded":1,"win_rate":0,"timestamp":1563734725,"path_taken":["M","?","M","M","M","R","E","M","T","R","?","E"],"build_version":"2019-07-17","purchased_purges":0,"victory":false,"max_hp_per_floor":[78,78,78,78,78,78,78,78,78,78,78,78],"card_choices":[{"not_picked":["Barrage","Turbo"],"picked":"Go for the Eyes","floor":1},{"not_picked":["Ball Lightning","Genetic Algorithm"],"picked":"Undo","floor":3},{"not_picked":["Consume","FTL"],"picked":"Conserve Battery","floor":4},{"not_picked":["Redo","Steam Power"],"picked":"Machine Learning","floor":5},{"not_picked":["Steam","Auto Shields"],"picked":"Echo Form","floor":7},{"not_picked":["Coolheaded","Sweeping Beam"],"picked":"Glacier","floor":8},{"not_picked":["Gash","Darkness"],"picked":"Redo","floor":11}],"player_experience":1053076,"relics_obtained":[{"floor":7,"key":"Kunai"},{"floor":9,"key":"Mercury Hourglass"},{"floor":11,"key":"Thread and Needle"}],"event_choices":[{"damage_healed":0,"gold_gain":150,"player_choice":"AGREE","damage_taken":0,"max_hp_gain":0,"max_hp_loss":0,"event_name":"Liars Game","floor":2,"gold_loss":0,"cards_obtained":["Doubt"]},{"damage_healed":0,"gold_gain":0,"player_choice":"Searched \u00271\u0027 times","damage_taken":0,"max_hp_gain":0,"max_hp_loss":0,"event_name":"Dead Adventurer","floor":11,"gold_loss":0}],"is_beta":false,"boss_relics":[],"items_purged_floors":[],"is_endless":false,"potions_floor_spawned":[5,7,11],"killed_by":"Lagavulin","ascension_level":15}