{"gold_per_floor":[363,363,378,401,10,45,56,56,56,56,67,67,67,82,82,82],"floor_reached":16,"playtime":520,"items_purged":["Writhe"],"score":200,"play_id":"32930115-200e-4a08-8b31-76bb4ead864a","local_time":"20190905205832","is_ascension_mode":true,"campfire_choices":[{"floor":10,"key":"REST"},{"data":"Armaments","floor":12,"key":"SMITH"},{"data":"Bash","floor":15,"key":"SMITH"}],"neow_cost":"CURSE","seed_source_timestamp":31793678400367,"circlet_count":0,"master_deck":["AscendersBane","Strike_R","Strike_R","Strike_R","Strike_R","Defend_R","Defend_R","Defend_R","Defend_R","Bash+1","Twin Strike","Iron Wave","Thunderclap","Reaper","Inflame+1","Armaments+1","Rampage","Flame Barrier","Evolve"],"relics":["Burning Blood","Singing Bowl","Art of War","Strawberry","Charon\u0027s Ashes"],"potions_floor_usage":[6,6,14],"damage_taken":[{"damage":18,"enemies":"Small Slimes","floor":1,"turns":7},{"damage":11,"enemies":"Jaw Worm","floor":3,"turns":5},{"damage":58,"enemies":"Lagavulin","floor":6,"turns":7},{"damage":10,"enemies":"2 Louse","floor":7,"turns":3},{"damage":1,"enemies":"Looter","floor":11,"turns":4},{"damage":0,"enemies":"Lots of Slimes","floor":14,"turns":1},{"damage":72,"enemies":"Hexaghost","floor":16,"turns":9}],"seed_played":"3551498287051560169","potions_obtained":[{"floor":1,"key":"Regen Potion"},{"floor":3,"key":"Regen Potion"},{"floor":7,"key":"AttackPotion"}],"is_trial":false,"path_per_floor":["M","?","M","T","$","E","M","?","T","R","M","R","?","M","R","B"],"character_chosen":"IRONCLAD","items_purchased":["Thunderclap","Reaper","Inflame","Armaments"],"campfire_rested":1,"item_purchase_floors":[5,5,5,5],"current_hp_per_floor":[56,30,25,25,25,31,31,24,24,48,55,55,55,61,61,0],"gold":82,"neow_bonus":"TWO_FIFTY_GOLD","is_prod":false,"is_daily":false,"chose_seed":false,"campfire_upgraded":2,"win_rate":0,"timestamp":1567681112,"path_taken":["M","?","M","?","$","E","M","?","T","R","M","R","?","M","R","BOSS"],"build_version":"2019-07-17","purchased_purges":1,"victory":false,"max_hp_per_floor":[75,75,75,75,75,82,82,82,82,82,84,84,84,84,84,84],"card_choices":[{"not_picked":["Warcry","Searing Blow"],"picked":"Twin Strike","floor":1},{"not_picked":["Body Slam","Warcry"],"picked":"Iron Wave","floor":3},{"not_picked":["Sever Soul","Body Slam"],"picked":"Rampage","floor":6},{"not_picked":["Rupture","Combust"],"picked":"Flame Barrier","floor":7},{"not_picked":["Sword Boomerang","Heavy Blade","Combust"],"picked":"Singing Bowl","floor":11},{"not_picked":["Sever Soul","Corruption"],"picked":"Evolve","floor":14}],"player_experience":1242613,"relics_obtained":[{"floor":4,"key":"Art of War"},{"floor":6,"key":"Strawberry"},{"floor":9,"key":"Charon\u0027s Ashes"}],"event_choices":[{"damage_healed":0,"gold_gain":0,"player_choice":"Success","damage_taken":26,"relics_obtained":["Singing Bowl"],"max_hp_gain":0,"max_hp_loss":0,"event_name":"Scrap Ooze","floor":2,"gold_loss":0},{"cards_removed":["Strike_R"],"damage_healed":0,"gold_gain":0,"player_choice":"Card Removal","damage_taken":7,"max_hp_gain":0,"max_hp_loss":0,"event_name":"Golden Wing","floor":8,"gold_loss":0},{"damage_healed":0,"gold_gain":0,"player_choice":"Upgraded","damage_taken":0,"max_hp_gain":0,"max_hp_loss":0,"event_name":"Upgrade Shrine","floor":13,"gold_loss":0,"cards_upgraded":["Inflame"]}],"is_beta":false,"boss_relics":[],"items_purged_floors":[5],"is_endless":false,"potions_floor_spawned":[1,3,7],"killed_by":"Hexaghost","ascension_level":20}