{"gold_per_floor":[211,225,237,319,319,319,344,360,360,360,378,378,378],"floor_reached":13,"playtime":298,"items_purged":[],"score":136,"play_id":"e0a1f56c-55eb-4a94-9efe-f826b17aacdb","local_time":"20181202221157","is_ascension_mode":true,"campfire_choices":[{"data":"Whirlwind","floor":6,"key":"SMITH"},{"data":"Flex","floor":10,"key":"SMITH"},{"data":"Thunderclap","floor":12,"key":"SMITH"}],"neow_cost":"NONE","seed_source_timestamp":12043477834954,"circlet_count":0,"master_deck":["AscendersBane","Strike_R","Strike_R","Strike_R","Strike_R","Defend_R","Defend_R","Defend_R","Defend_R","Bash","Whirlwind+1","Thunderclap+1","Flex+1"],"relics":["Burning Blood","Frozen Egg 2","Dodecahedron","The Courier"],"potions_floor_usage":[7,13],"damage_taken":[{"damage":11,"enemies":"Cultist","floor":1,"turns":5},{"damage":5,"enemies":"Small Slimes","floor":2,"turns":4},{"damage":0,"enemies":"2 Louse","floor":3,"turns":1},{"damage":35,"enemies":"3 Sentries","floor":7,"turns":7},{"damage":0,"enemies":"2 Fungi Beasts","floor":8,"turns":1},{"damage":0,"enemies":"Exordium Wildlife","floor":11,"turns":3},{"damage":62,"enemies":"Lagavulin","floor":13,"turns":6}],"seed_played":"-7082430156733610635","potions_obtained":[{"floor":3,"key":"GamblersBrew"},{"floor":7,"key":"GamblersBrew"}],"is_trial":false,"path_per_floor":["M","M","M","T","?","R","E","M","T","R","M","R","E"],"character_chosen":"IRONCLAD","items_purchased":[],"campfire_rested":0,"item_purchase_floors":[],"current_hp_per_floor":[67,68,74,74,67,67,38,44,44,44,50,50,0],"gold":378,"neow_bonus":"HUNDRED_GOLD","is_prod":false,"is_daily":false,"chose_seed":false,"campfire_upgraded":3,"win_rate":0,"timestamp":1543806717,"path_taken":["M","M","?","?","?","R","E","M","T","R","M","R","E"],"build_version":"2018-11-15","purchased_purges":0,"victory":false,"max_hp_per_floor":[80,80,80,80,80,80,80,80,80,80,80,80,80],"card_choices":[{"not_picked":["Sword Boomerang","Uppercut"],"picked":"Whirlwind","floor":1},{"not_picked":["Pommel Strike","Warcry"],"picked":"Thunderclap","floor":2},{"not_picked":["Pommel Strike","Thunderclap","Perfected Strike"],"picked":"SKIP","floor":3},{"not_picked":["Shrug It Off","Wild Strike"],"picked":"Flex","floor":7},{"not_picked":["Twin Strike","Uppercut","Combust+1"],"picked":"SKIP","floor":8},{"not_picked":["Uppercut","Anger","Searing Blow"],"picked":"SKIP","floor":11}],"player_experience":777135,"relics_obtained":[{"floor":4,"key":"Frozen Egg 2"},{"floor":7,"key":"Dodecahedron"},{"floor":9,"key":"The Courier"}],"event_choices":[{"cards_removed":["Strike_R"],"damage_healed":0,"gold_gain":0,"player_choice":"Card Removal","damage_taken":7,"max_hp_gain":0,"max_hp_loss":0,"event_name":"Golden Wing","floor":5,"gold_loss":0}],"is_beta":false,"boss_relics":[],"items_purged_floors":[],"is_endless":false,"potions_floor_spawned":[3,7],"killed_by":"Lagavulin","ascension_level":12}