{"gold_per_floor":[116,133,145,145,145,145,145,179,179,24,57,69,97,111,111,214,214,231,248,259,40,52,52,66,85,137,137,200,6,32,32,32,131,181,200,200,218,238,238,238,270,0,0,12,12,24,24,57,57,57],"floor_reached":51,"playtime":2655,"items_purged":["Strike_G","Strike_G"],"score":1394,"play_id":"6d7b95b0-c19d-469b-a8e3-0ce0b6446de5","local_time":"20181202154712","is_ascension_mode":true,"campfire_choices":[{"data":"Underhanded Strike","floor":7,"key":"SMITH"},{"data":"Finisher","floor":15,"key":"SMITH"},{"data":"After Image","floor":23,"key":"SMITH"},{"floor":32,"key":"REST"},{"data":"Blade Dance","floor":40,"key":"SMITH"},{"data":"Madness","floor":45,"key":"SMITH"},{"data":"Reflex","floor":49,"key":"SMITH"}],"neow_cost":"NONE","seed_source_timestamp":145558742108023,"circlet_count":0,"master_deck":["AscendersBane","Defend_G","Defend_G","Defend_G","Defend_G","Defend_G","Strike_G+1","Strike_G+1","Survivor","Neutralize","Tactician","Underhanded Strike+1","Prepared","Reflex+1","Finisher+1","Backstab","Acrobatics","Heel Hook","Sucker Punch","After Image+1","Backflip+1","PiercingWail+1","Prepared","Backstab+1","Doppelganger","Blade Dance+1","Quick Slash+1","Cloak And Dagger+1","Madness","Madness+1","Panache","Endless Agony+1"],"relics":["Ring of the Snake","Potion Belt","Gremlin Horn","Ninja Scroll","Shuriken","Meat on the Bone","Sundial","WristBlade","PreservedInsect","Snake Skull","Tiny Chest","Bag of Marbles","Mummified Hand","Dead Branch","Tiny House","Juzu Bracelet","Whetstone","Blood Vial"],"potions_floor_usage":[8,13,16,20,25,30,33,50,50,50,50],"damage_taken":[{"damage":4,"enemies":"Small Slimes","floor":1,"turns":5},{"damage":3,"enemies":"2 Louse","floor":2,"turns":4},{"damage":1,"enemies":"Jaw Worm","floor":3,"turns":4},{"damage":5,"enemies":"3 Sentries","floor":8,"turns":7},{"damage":17,"enemies":"Gremlin Nob","floor":11,"turns":4},{"damage":1,"enemies":"Looter","floor":12,"turns":2},{"damage":17,"enemies":"Lagavulin","floor":13,"turns":5},{"damage":0,"enemies":"2 Fungi Beasts","floor":14,"turns":1},{"damage":40,"enemies":"Slime Boss","floor":16,"turns":10},{"damage":0,"enemies":"Chosen","floor":18,"turns":1},{"damage":0,"enemies":"2 Thieves","floor":19,"turns":1},{"damage":7,"enemies":"Snake Plant","floor":20,"turns":3},{"damage":0,"enemies":"Shelled Parasite and Fungi","floor":22,"turns":2},{"damage":21,"enemies":"Sentry and Sphere","floor":24,"turns":7},{"damage":26,"enemies":"Chosen and Byrds","floor":25,"turns":7},{"damage":22,"enemies":"Book of Stabbing","floor":28,"turns":5},{"damage":0,"enemies":"Gremlin Leader","floor":30,"turns":2},{"damage":0,"enemies":"Automaton","floor":33,"turns":5},{"damage":0,"enemies":"3 Darklings","floor":35,"turns":2},{"damage":0,"enemies":"3 Shapes","floor":37,"turns":1},{"damage":0,"enemies":"Spire Growth","floor":38,"turns":2},{"damage":0,"enemies":"Nemesis","floor":41,"turns":1},{"damage":3,"enemies":"Transient","floor":44,"turns":5},{"damage":0,"enemies":"Sphere and 2 Shapes","floor":46,"turns":1},{"damage":0,"enemies":"Giant Head","floor":48,"turns":3},{"damage":28,"enemies":"Donu and Deca","floor":50,"turns":6}],"seed_played":"-8179157335729522487","potions_obtained":[{"floor":3,"key":"AttackPotion"},{"floor":11,"key":"AttackPotion"},{"floor":12,"key":"Explosive Potion"},{"floor":16,"key":"AttackPotion"},{"floor":20,"key":"Strength Potion"},{"floor":22,"key":"Weak Potion"},{"floor":25,"key":"FearPotion"},{"floor":28,"key":"SkillPotion"},{"floor":33,"key":"SmokeBomb"},{"floor":34,"key":"LiquidBronze"},{"floor":35,"key":"Strength Potion"},{"floor":38,"key":"GhostInAJar"}],"is_trial":false,"path_per_floor":["M","M","M","?","?","?","R","E","T","$","E","M","E","M","R","B",null,"M","M","M","$","M","R","M","M","T","?","E","$","E","T","R","B",null,"M","?","M","M","?","R","E","$","T","M","R","M","?","E","R","B",null],"character_chosen":"THE_SILENT","items_purchased":["Finisher","Backstab","PreservedInsect","Bag of Marbles","Strength Potion","Panache"],"campfire_rested":1,"item_purchase_floors":[10,10,21,29,29,42],"current_hp_per_floor":[59,56,55,48,45,50,50,45,45,45,28,39,34,46,46,18,61,61,61,54,54,54,54,45,31,31,31,21,21,33,33,55,55,75,75,75,75,75,65,65,65,65,65,62,62,62,62,62,62,48],"gold":57,"neow_bonus":"RANDOM_COMMON_RELIC","is_prod":false,"is_daily":false,"chose_seed":false,"campfire_upgraded":6,"win_rate":0,"timestamp":1543783632,"path_taken":["M","M","M","?","?","?","R","E","T","$","E","M","E","M","R","BOSS","M","M","M","$","M","R","M","M","T","?","E","$","E","?","R","BOSS","M","?","M","M","?","R","E","$","T","M","R","M","?","E","R","BOSS"],"build_version":"2018-11-15","purchased_purges":2,"victory":true,"max_hp_per_floor":[70,70,70,70,70,75,75,75,75,75,75,75,75,75,75,75,75,75,75,75,75,75,75,75,75,75,75,75,75,75,75,75,75,80,80,80,80,80,80,80,80,80,80,80,80,80,80,80,80,80],"card_choices":[{"not_picked":["PiercingWail","Endless Agony"],"picked":"Tactician","floor":1},{"not_picked":["Blur","Leg Sweep"],"picked":"Underhanded Strike","floor":2},{"not_picked":["Underhanded Strike","Dash"],"picked":"Prepared","floor":3},{"not_picked":["Distraction","Dagger Throw"],"picked":"Reflex","floor":8},{"not_picked":["Outmaneuver","Infinite Blades"],"picked":"Acrobatics","floor":11},{"not_picked":["Deadly Poison","Noxious Fumes","Reflex"],"picked":"SKIP","floor":12},{"not_picked":["Sucker Punch","Dagger Spray"],"picked":"Heel Hook","floor":13},{"not_picked":["Slice","Backstab"],"picked":"Sucker Punch","floor":14},{"not_picked":["A Thousand Cuts","Phantasmal Killer"],"picked":"After Image","floor":16},{"not_picked":["Acrobatics+1","Footwork","Deadly Poison"],"picked":"SKIP","floor":18},{"not_picked":["Slice+1","Dash"],"picked":"Backflip+1","floor":19},{"not_picked":["Choke+1","Predator+1"],"picked":"PiercingWail+1","floor":20},{"not_picked":["Concentrate","Bouncing Flask+1","Underhanded Strike"],"picked":"SKIP","floor":22},{"not_picked":["Deflect","Acrobatics"],"picked":"Prepared","floor":24},{"not_picked":["Reflex","Deadly Poison+1","Dodge and Roll+1"],"picked":"SKIP","floor":25},{"not_picked":["Catalyst+1","Dagger Spray"],"picked":"Die Die Die","floor":28},{"not_picked":["Caltrops","Well Laid Plans"],"picked":"Backstab","floor":30},{"not_picked":["Wraith Form v2","Bullet Time"],"picked":"Doppelganger","floor":33},{"not_picked":["Prepared","Outmaneuver"],"picked":"Blade Dance","floor":34},{"not_picked":["Blade Dance+1","Terror"],"picked":"Quick Slash+1","floor":35},{"not_picked":["Backflip+1","Deflect+1"],"picked":"Cloak And Dagger+1","floor":37},{"not_picked":["Prepared+1","Dagger Throw","Tactician"],"picked":"SKIP","floor":38},{"not_picked":["Tools of the Trade","Quick Slash","Slice+1"],"picked":"SKIP","floor":41},{"not_picked":["Cloak And Dagger","Endless Agony","Dagger Throw+1"],"picked":"SKIP","floor":44},{"not_picked":["Dash+1","Dodge and Roll"],"picked":"Endless Agony+1","floor":46},{"not_picked":["Dagger Spray","PiercingWail","Expertise+1"],"picked":"SKIP","floor":48}],"player_experience":754030,"relics_obtained":[{"floor":8,"key":"Ninja Scroll"},{"floor":9,"key":"Shuriken"},{"floor":11,"key":"Meat on the Bone"},{"floor":13,"key":"Sundial"},{"floor":26,"key":"Snake Skull"},{"floor":28,"key":"Tiny Chest"},{"floor":30,"key":"Mummified Hand"},{"floor":31,"key":"Dead Branch"},{"floor":41,"key":"Juzu Bracelet"},{"floor":43,"key":"Whetstone"},{"floor":48,"key":"Blood Vial"}],"event_choices":[{"cards_removed":["Strike_G"],"damage_healed":0,"gold_gain":0,"player_choice":"Card Removal","damage_taken":7,"max_hp_gain":0,"max_hp_loss":0,"event_name":"Golden Wing","floor":4,"gold_loss":0},{"damage_healed":0,"gold_gain":0,"player_choice":"Success","damage_taken":3,"relics_obtained":["Gremlin Horn"],"max_hp_gain":0,"max_hp_loss":0,"event_name":"Scrap Ooze","floor":5,"gold_loss":0},{"damage_healed":0,"gold_gain":0,"player_choice":"Donut","damage_taken":0,"max_hp_gain":5,"max_hp_loss":0,"event_name":"Big Fish","floor":6,"gold_loss":0},{"damage_healed":0,"gold_gain":0,"player_choice":"Ignored","damage_taken":0,"max_hp_gain":0,"max_hp_loss":0,"event_name":"Cursed Tome","floor":27,"gold_loss":0},{"cards_removed":["Die Die Die"],"damage_healed":0,"gold_gain":0,"player_choice":"Removed Attack","damage_taken":0,"max_hp_gain":0,"max_hp_loss":0,"event_name":"Falling","floor":36,"gold_loss":0},{"damage_healed":0,"gold_gain":0,"player_choice":"Embrace Madness","damage_taken":10,"max_hp_gain":0,"max_hp_loss":0,"event_name":"Winding Halls","floor":39,"gold_loss":0,"cards_obtained":["Madness","Madness"]},{"damage_healed":0,"gold_gain":0,"player_choice":"Ignored","damage_taken":0,"max_hp_gain":0,"max_hp_loss":0,"event_name":"Transmorgrifier","floor":47,"gold_loss":0}],"is_beta":false,"boss_relics":[{"not_picked":["White Beast Statue","Coffee Dripper"],"picked":"WristBlade"},{"not_picked":["Velvet Choker","Runic Pyramid"],"picked":"Tiny House"}],"items_purged_floors":[21,42],"is_endless":false,"potions_floor_spawned":[3,11,12,16,20,22,25,28,33,35,38,44,48],"ascension_level":11}