{"gold_per_floor":[118,134,145,106,122,455,469,469,495,495,528,538,538,554,554,554],"floor_reached":16,"playtime":1163,"items_purged":[],"score":114,"play_id":"744dcd2a-c137-427b-884e-2a98de1845e8","local_time":"20190322122910","is_ascension_mode":false,"campfire_choices":[{"data":"Redo","floor":8,"key":"SMITH"},{"floor":15,"key":"REST"}],"neow_cost":"NONE","seed_source_timestamp":75041165377340,"circlet_count":0,"master_deck":["Strike_B","Strike_B","Strike_B","Strike_B","Defend_B","Defend_B","Defend_B","Defend_B","Zap","Dualcast","Reboot","Auto Shields","Coolheaded","Thunder Strike","Defragment","Hello World","Barrage","Redo+1","Self Repair","Force Field","Creative AI"],"relics":["Cracked Core","Old Coin","Bag of Marbles","Vajra","Golden Idol"],"potions_floor_usage":[6,11,12,16,16],"damage_taken":[{"damage":1,"enemies":"Cultist","floor":1,"turns":3},{"damage":7,"enemies":"2 Louse","floor":2,"turns":2},{"damage":0,"enemies":"Jaw Worm","floor":3,"turns":3},{"damage":4,"enemies":"3 Louse","floor":5,"turns":3},{"damage":15,"enemies":"Gremlin Nob","floor":6,"turns":5},{"damage":16,"enemies":"Red Slaver","floor":7,"turns":5},{"damage":15,"enemies":"3 Sentries","floor":11,"turns":7},{"damage":5,"enemies":"Looter","floor":12,"turns":2},{"damage":0,"enemies":"Large Slime","floor":14,"turns":5},{"damage":49,"enemies":"Slime Boss","floor":16,"turns":10}],"seed_played":"-4901791192937826806","potions_obtained":[{"floor":1,"key":"Poison Potion"},{"floor":3,"key":"GamblersBrew"},{"floor":7,"key":"FocusPotion"},{"floor":12,"key":"SkillPotion"},{"floor":14,"key":"Poison Potion"}],"is_trial":false,"path_per_floor":["M","M","M","$","M","E","M","R","T","?","E","M","?","M","R","B"],"character_chosen":"DEFECT","items_purchased":["Defragment"],"campfire_rested":1,"item_purchase_floors":[4],"current_hp_per_floor":[74,67,67,67,63,48,32,32,32,32,17,19,19,26,46,0],"gold":554,"neow_bonus":"ONE_RANDOM_RARE_CARD","is_prod":false,"is_daily":false,"chose_seed":false,"campfire_upgraded":1,"win_rate":0.0,"timestamp":1553221750,"path_taken":["M","?","M","$","M","E","M","R","T","?","E","M","?","M","R","BOSS"],"build_version":"2019-01-23","purchased_purges":0,"victory":false,"max_hp_per_floor":[75,75,75,75,75,75,75,75,75,75,75,75,69,69,69,69],"card_choices":[{"not_picked":["White Noise","Genetic Algorithm"],"picked":"Auto Shields","floor":1},{"not_picked":["Rip and Tear","Compile Driver"],"picked":"Coolheaded","floor":2},{"not_picked":["Steam","Coolheaded"],"picked":"Thunder Strike","floor":3},{"not_picked":["Sweeping Beam","Barrage"],"picked":"Hello World","floor":5},{"not_picked":["Reinforced Body","Steam"],"picked":"Barrage","floor":6},{"not_picked":["Rip and Tear","Coolheaded"],"picked":"Redo","floor":7},{"not_picked":["Steam","Go for the Eyes"],"picked":"Self Repair","floor":11},{"not_picked":["Double Energy","Hello World"],"picked":"Force Field","floor":12},{"not_picked":["Go for the Eyes","Beam Cell"],"picked":"Creative AI","floor":14}],"player_experience":34366,"relics_obtained":[{"floor":6,"key":"Old Coin"},{"floor":9,"key":"Bag of Marbles"},{"floor":11,"key":"Vajra"}],"event_choices":[{"damage_healed":0,"gold_gain":0,"player_choice":"Ignored","damage_taken":0,"max_hp_gain":0,"max_hp_loss":0,"event_name":"Liars Game","floor":10,"gold_loss":0},{"damage_healed":0,"gold_gain":0,"player_choice":"Lose Max HP","damage_taken":0,"relics_obtained":["Golden Idol"],"max_hp_gain":0,"max_hp_loss":6,"event_name":"Golden Idol","floor":13,"gold_loss":0}],"is_beta":false,"boss_relics":[],"items_purged_floors":[],"is_endless":false,"potions_floor_spawned":[1,3,7,12,14],"killed_by":"Slime Boss","ascension_level":0}