{"gold_per_floor":[118,68,78,78,153,153,196,196,248,282,282,300,320,320,320,451,451,474,31,31,46,62,62,95,95,95,134,134,134,134,34,34,153,153,167,500,514,532,549,579,579,593,616,616,41,58,58,78,78,78],"floor_reached":51,"playtime":3184,"items_purged":["Strike_G","Strike_G","Strike_G"],"score":773,"play_id":"241b04ee-a702-4e02-9e1e-78c6c2bd529c","local_time":"20190909232537","is_ascension_mode":false,"campfire_choices":[{"data":"Caltrops","floor":6.0,"key":"SMITH"},{"data":"Finisher","floor":8.0,"key":"SMITH"},{"data":"Well Laid Plans","floor":15.0,"key":"SMITH"},{"data":"Backflip","floor":23.0,"key":"SMITH"},{"data":"Neutralize","floor":25,"key":"SMITH"},{"data":"RitualDagger","floor":30,"key":"SMITH"},{"data":"Noxious Fumes","floor":32,"key":"SMITH"},{"floor":41,"key":"REST"},{"floor":49,"key":"REST"}],"neow_cost":"NONE","seed_source_timestamp":93186903803300,"circlet_count":0,"master_deck":["Strike_G","Defend_G+1","Defend_G","Defend_G+1","Defend_G","Defend_G","Survivor","Neutralize+1","Caltrops+1","Sucker Punch","Finisher+1","Flying Knee","Backflip+1","Well Laid Plans+1","Glass Knife+1","Backstab","Noxious Fumes+1","Flying Knee+1","After Image","Calculated Gamble+1","RitualDagger+1","Adrenaline","Deflect+1","Distraction+1","Outmaneuver+1","Quick Slash","Deep Breath","Master of Strategy","Crippling Poison","Choke","Blade Dance+1"],"special_seed":0,"relics":["Ring of the Snake","NeowsBlessing","Ice Cream","Boot","Bag of Marbles","Runic Pyramid","Frozen Eye","Bronze Scales","Blood Vial","Paper Crane","Bird Faced Urn","Fusion Hammer","War Paint","MealTicket","Anchor"],"potions_floor_usage":[24,33,40,40,50,50,50],"damage_taken":[{"damage":0.0,"enemies":"Small Slimes","floor":1.0,"turns":1.0},{"damage":0.0,"enemies":"2 Louse","floor":3.0,"turns":1.0},{"damage":0.0,"enemies":"Gremlin Nob","floor":7.0,"turns":1.0},{"damage":11.0,"enemies":"3 Sentries","floor":10.0,"turns":6.0},{"damage":0.0,"enemies":"Cultist","floor":12.0,"turns":3.0},{"damage":0.0,"enemies":"Large Slime","floor":13.0,"turns":5.0},{"damage":7.0,"enemies":"Hexaghost","floor":16.0,"turns":9.0},{"damage":0.0,"enemies":"Chosen","floor":18.0,"turns":5.0},{"damage":2.0,"enemies":"Shell Parasite","floor":21.0,"turns":4.0},{"damage":0.0,"enemies":"Chosen and Byrds","floor":22.0,"turns":4.0},{"damage":15,"enemies":"Book of Stabbing","floor":24,"turns":4},{"damage":28,"enemies":"Slavers","floor":27,"turns":5},{"damage":13,"enemies":"Automaton","floor":33,"turns":8},{"damage":1,"enemies":"3 Darklings","floor":35,"turns":4},{"damage":11,"enemies":"3 Shapes","floor":37,"turns":4},{"damage":0,"enemies":"3 Darklings","floor":38,"turns":4},{"damage":0,"enemies":"4 Shapes","floor":39,"turns":5},{"damage":0,"enemies":"Giant Head","floor":40,"turns":5},{"damage":5,"enemies":"Spire Growth","floor":42,"turns":6},{"damage":8,"enemies":"Transient","floor":46,"turns":5},{"damage":0,"enemies":"Jaw Worm Horde","floor":48,"turns":3},{"damage":10,"enemies":"Donu and Deca","floor":50,"turns":8}],"seed_played":"-5290657235325293534","potions_obtained":[{"floor":3.0,"key":"PowerPotion"},{"floor":10.0,"key":"Strength Potion"},{"floor":11.0,"key":"Energy Potion"},{"floor":18.0,"key":"Block Potion"},{"floor":21.0,"key":"SkillPotion"},{"floor":27,"key":"Energy Potion"},{"floor":33,"key":"Dexterity Potion"},{"floor":35,"key":"DuplicationPotion"},{"floor":37,"key":"FearPotion"},{"floor":46,"key":"AttackPotion"}],"is_trial":false,"path_per_floor":["M","?","M","?","?","R","E","R","T","E","?","M","M","?","R","B",null,"M","$","?","M","M","R","E","R","T","E","?","?","R","$","R","B",null,"M","?","M","M","M","E","R","M","T","?","$","M","?","M","R","B",null],"character_chosen":"THE_SILENT","items_purchased":["Noxious Fumes","Frozen Eye","Bronze Scales","Crippling Poison","Strength Potion","Anchor","Choke","FairyPotion"],"campfire_rested":2,"item_purchase_floors":[19,19,19,45,45,45,45,45],"current_hp_per_floor":[70,70,70,53,42,42,42,42,42,31,31,31,31,28,28,21,70,70,70,70,68,68,68,53,53,53,27,21,44,44,44,44,41,70,69,69,65,70,70,70,70,68,68,58,70,62,62,66,66,61],"gold":78,"neow_bonus":"THREE_ENEMY_KILL","is_prod":false,"is_daily":false,"chose_seed":false,"campfire_upgraded":7,"win_rate":0.0,"timestamp":1568085937,"path_taken":["M","?","M","?","?","R","E","R","T","E","?","?","M","?","R","BOSS","M","$","?","?","M","R","E","R","T","E","?","?","R","?","R","BOSS","M","?","M","M","M","E","R","M","T","?","$","M","?","M","R","BOSS"],"build_version":"2019-09-09v2","purchased_purges":3,"victory":true,"max_hp_per_floor":[70,70,70,70,70,70,70,70,70,70,70,70,70,70,70,70,70,70,70,70,70,70,70,70,70,70,70,70,70,70,70,70,70,70,70,70,70,70,70,70,70,70,70,70,70,70,66,66,66,66],"card_choices":[{"not_picked":["PiercingWail","Leg Sweep"],"picked":"Caltrops","floor":1.0},{"not_picked":["Dodge and Roll","Flying Knee"],"picked":"Sucker Punch","floor":3.0},{"not_picked":["Blade Dance","Distraction"],"picked":"Finisher","floor":7.0},{"not_picked":["Underhanded Strike","Poisoned Stab"],"picked":"Flying Knee","floor":10.0},{"not_picked":["Dash","Deadly Poison"],"picked":"Backflip","floor":12.0},{"not_picked":["Eviscerate","Slice"],"picked":"Well Laid Plans","floor":13.0},{"not_picked":["Burst","Night Terror"],"picked":"Glass Knife","floor":16.0},{"not_picked":["Skewer","All Out Attack"],"picked":"Backstab","floor":18.0},{"not_picked":["Skewer+1","Sucker Punch","Finisher"],"picked":"SKIP","floor":21.0},{"not_picked":["Dagger Throw","Underhanded Strike"],"picked":"Flying Knee+1","floor":22.0},{"not_picked":["Blur","Deadly Poison"],"picked":"After Image","floor":24},{"not_picked":["Eviscerate","Dagger Throw+1"],"picked":"Calculated Gamble+1","floor":27},{"not_picked":["Tools of the Trade","Bullet Time"],"picked":"Adrenaline","floor":33},{"not_picked":["Acrobatics","PiercingWail"],"picked":"Deflect+1","floor":35},{"not_picked":["Acrobatics","Flechettes","Dagger Spray"],"picked":"SKIP","floor":37},{"not_picked":["Sucker Punch+1","Riddle With Holes"],"picked":"Distraction+1","floor":38},{"not_picked":["Slice","Underhanded Strike","Tactician"],"picked":"SKIP","floor":39},{"not_picked":["Prepared+1","Unload"],"picked":"Outmaneuver+1","floor":40},{"not_picked":["Blade Dance","Endless Agony"],"picked":"Quick Slash","floor":42},{"not_picked":["Metamorphosis","Impatience"],"picked":"Deep Breath","floor":44},{"not_picked":["Mind Blast","Discovery"],"picked":"Master of Strategy","floor":44},{"not_picked":["Skewer","Choke+1"],"picked":"Blade Dance+1","floor":46},{"not_picked":["Flying Knee","Riddle With Holes+1","Underhanded Strike"],"picked":"SKIP","floor":48}],"player_experience":1668,"relics_obtained":[{"floor":7.0,"key":"Ice Cream"},{"floor":9.0,"key":"Boot"},{"floor":24,"key":"Blood Vial"},{"floor":26,"key":"Paper Crane"},{"floor":27,"key":"Bird Faced Urn"},{"floor":40,"key":"War Paint"},{"floor":43,"key":"MealTicket"}],"event_choices":[{"cards_removed":["Strike_G"],"damage_healed":0.0,"max_hp_gain":0.0,"max_hp_loss":0.0,"gold_gain":0.0,"event_name":"The Cleric","player_choice":"Card Removal","floor":2.0,"gold_loss":50.0,"damage_taken":0.0},{"damage_healed":0.0,"max_hp_gain":0.0,"max_hp_loss":0.0,"gold_gain":0.0,"event_name":"Golden Idol","player_choice":"Take Damage","floor":4.0,"gold_loss":0.0,"damage_taken":17.0,"relics_obtained":["Golden Idol"]},{"damage_healed":0.0,"max_hp_gain":0.0,"max_hp_loss":0.0,"gold_gain":75.0,"event_name":"World of Goop","player_choice":"Gather Gold","floor":5.0,"gold_loss":0.0,"damage_taken":11.0},{"damage_healed":0.0,"max_hp_gain":0.0,"max_hp_loss":0.0,"gold_gain":0.0,"event_name":"Lab","player_choice":"Got Potions","floor":11.0,"gold_loss":0.0,"damage_taken":0.0},{"damage_healed":0.0,"max_hp_gain":0.0,"max_hp_loss":0.0,"gold_gain":0.0,"event_name":"Scrap Ooze","player_choice":"Success","floor":14.0,"gold_loss":0.0,"damage_taken":3.0,"relics_obtained":["Bag of Marbles"]},{"damage_healed":0.0,"max_hp_gain":0.0,"max_hp_loss":0.0,"gold_gain":0.0,"event_name":"Upgrade Shrine","player_choice":"Upgraded","floor":20.0,"gold_loss":0.0,"damage_taken":0.0,"cards_upgraded":["Glass Knife"]},{"damage_healed":0,"gold_gain":0,"player_choice":"Joined the Cult","damage_taken":6,"max_hp_gain":0,"max_hp_loss":0,"event_name":"Nest","floor":28,"gold_loss":0,"cards_obtained":["RitualDagger"]},{"damage_healed":23,"gold_gain":0,"player_choice":"Heal","damage_taken":0,"max_hp_gain":0,"max_hp_loss":0,"event_name":"The Library","floor":29,"gold_loss":0},{"damage_healed":0,"gold_gain":333,"player_choice":"Gave Idol","damage_taken":0,"max_hp_gain":0,"max_hp_loss":0,"event_name":"The Moai Head","floor":36,"relics_lost":["Golden Idol"],"gold_loss":0},{"damage_healed":0,"gold_gain":0,"player_choice":"Memory 3","damage_taken":10,"max_hp_gain":0,"max_hp_loss":0,"event_name":"SensoryStone","floor":44,"gold_loss":0},{"damage_healed":0,"gold_gain":0,"player_choice":"Max HP","damage_taken":0,"max_hp_gain":0,"max_hp_loss":4,"event_name":"Winding Halls","floor":47,"gold_loss":0}],"is_beta":true,"boss_relics":[{"not_picked":["Tiny House","Snecko Eye"],"picked":"Runic Pyramid"},{"not_picked":["Coffee Dripper","Ring of the Serpent"],"picked":"Fusion Hammer"}],"items_purged_floors":[19,31,45],"is_endless":false,"potions_floor_spawned":[3,10,18,21,27,33,35,37,39,46],"ascension_level":0}