{"gold_per_floor":[110,110,123,134,150,150,6,6,36,51,66,66,76,87,87,87],"floor_reached":16,"playtime":709,"items_purged":[],"score":144,"play_id":"66bc918f-e775-4636-8ef6-6791a1fe2ec4","local_time":"20181108000814","is_ascension_mode":true,"campfire_choices":[{"data":"Biased Cognition","floor":6,"key":"SMITH"},{"data":"Loop","floor":12,"key":"SMITH"},{"data":"Heatsinks","floor":15,"key":"SMITH"}],"neow_cost":"NONE","seed_source_timestamp":966598310389300,"circlet_count":0,"master_deck":["AscendersBane","Strike_B","Strike_B","Strike_B","Defend_B","Defend_B","Defend_B","Defend_B","Zap","Dualcast","Biased Cognition+1","Loop+1","Beam Cell","Conserve Battery","Stack","Heatsinks+1","Barrage","Reboot","Turbo","Lockon"],"relics":["Cracked Core","Omamori","Tiny Chest"],"potions_floor_usage":[16,16,16],"damage_taken":[{"damage":5,"enemies":"Small Slimes","floor":1,"turns":3},{"damage":1,"enemies":"Cultist","floor":3,"turns":3},{"damage":1,"enemies":"2 Louse","floor":4,"turns":2},{"damage":9,"enemies":"2 Fungi Beasts","floor":5,"turns":4},{"damage":1,"enemies":"3 Louse","floor":10,"turns":3},{"damage":16,"enemies":"Exordium Wildlife","floor":11,"turns":4},{"damage":14,"enemies":"Large Slime","floor":13,"turns":6},{"damage":4,"enemies":"Blue Slaver","floor":14,"turns":4},{"damage":24,"enemies":"The Guardian","floor":16,"turns":11}],"seed_played":"7039991768475858679","potions_obtained":[{"floor":1,"key":"Weak Potion"},{"floor":3,"key":"Dexterity Potion"},{"floor":13,"key":"AttackPotion"},{"floor":14,"key":"Swift Potion"}],"is_trial":false,"path_per_floor":["M","?","M","M","M","R","$","?","T","M","M","R","M","M","R","B"],"character_chosen":"DEFECT","items_purchased":["Omamori"],"campfire_rested":0,"item_purchase_floors":[7],"current_hp_per_floor":[63,63,62,61,52,52,52,57,57,56,40,40,26,22,22,0],"gold":87,"neow_bonus":"ONE_RANDOM_RARE_CARD","is_prod":false,"is_daily":false,"chose_seed":false,"campfire_upgraded":3,"win_rate":0,"timestamp":1541653694,"path_taken":["M","?","M","M","?","R","$","?","T","M","M","R","M","M","R","BOSS"],"build_version":"2018-11-01","purchased_purges":0,"victory":false,"max_hp_per_floor":[75,75,75,75,75,75,75,80,80,80,80,80,80,80,80,80],"card_choices":[{"not_picked":["Melter","Fusion"],"picked":"Loop","floor":1},{"not_picked":["Steam","Stack"],"picked":"Conserve Battery","floor":3},{"not_picked":["Barrage","Leap"],"picked":"Stack","floor":4},{"not_picked":["Capacitor","Hologram"],"picked":"Heatsinks","floor":5},{"not_picked":["Leap","Sweeping Beam"],"picked":"Barrage","floor":10},{"not_picked":["Scrape","Skim"],"picked":"Reboot","floor":11},{"not_picked":["Ball Lightning","Leap"],"picked":"Turbo","floor":13},{"not_picked":["Streamline","Turbo"],"picked":"Lockon","floor":14}],"player_experience":641063,"relics_obtained":[{"floor":9,"key":"Tiny Chest"}],"event_choices":[{"damage_healed":0,"gold_gain":0,"cards_transformed":["Strike_B"],"player_choice":"Transformed","damage_taken":0,"max_hp_gain":0,"max_hp_loss":0,"event_name":"Transmorgrifier","floor":2,"gold_loss":0,"cards_obtained":["Beam Cell"]},{"damage_healed":0,"gold_gain":0,"player_choice":"Donut","damage_taken":0,"max_hp_gain":5,"max_hp_loss":0,"event_name":"Big Fish","floor":8,"gold_loss":0}],"is_beta":false,"boss_relics":[],"items_purged_floors":[],"is_endless":false,"potions_floor_spawned":[1,3,13,14],"killed_by":"The Guardian","ascension_level":10}