{"gold_per_floor":[215,70,70,44,62,62,97,97,121,138,138,163,179,207,207,310,310,329,329,254,353,65,96,96,96,175,208,208,218,244,254,254,351,351,364,382,393,62,0,0,33,33,33,33,64,64,64,83,83,83,83,83,83,117,117],"floor_reached":55,"playtime":3294,"items_purged":["Strike_R","Strike_R","Strike_R"],"score":877,"play_id":"6ac51eb7-e314-45fe-bbaa-fe221b5c1aac","local_time":"20190709162655","is_ascension_mode":true,"campfire_choices":[{"data":"Rampage","floor":6.0,"key":"SMITH"},{"floor":8.0,"key":"REST"},{"floor":15.0,"key":"REST"},{"floor":25.0,"key":"REST"},{"data":"Thinking Ahead","floor":28.0,"key":"SMITH"},{"floor":32.0,"key":"RECALL"},{"data":"Double Tap","floor":40.0,"key":"SMITH"},{"data":"Carnage","floor":42.0,"key":"SMITH"},{"data":"Clothesline","floor":44.0,"key":"SMITH"},{"floor":49.0,"key":"REST"},{"data":"Offering","floor":52.0,"key":"SMITH"}],"neow_cost":"NONE","seed_source_timestamp":0,"circlet_count":0,"master_deck":["Strike_R","Strike_R+1","Defend_R","Defend_R+1","Defend_R","Defend_R+1","Bash","Rampage+1","Flex+1","Pommel Strike+1","Seeing Red","Double Tap+1","Necronomicurse","Thinking Ahead+1","Clothesline+1","Carnage+1","Offering+1","Burning Pact+1","Uppercut+1","Shrug It Off","Headbutt+1"],"special_seed":0,"relics":["Burning Blood","Happy Flower","Pocketwatch","War Paint","WingedGreaves","Centennial Puzzle","Sozu","Necronomicon","Magic Flower","Ancient Tea Set","PreservedInsect","Cursed Key","Omamori","Red Mask","Molten Egg 2","Dodecahedron","Ice Cream","FaceOfCleric","Boot"],"potions_floor_usage":[55,55],"damage_taken":[{"damage":5.0,"enemies":"Small Slimes","floor":1.0,"turns":5.0},{"damage":7.0,"enemies":"Jaw Worm","floor":5.0,"turns":3.0},{"damage":24.0,"enemies":"3 Sentries","floor":7.0,"turns":7.0},{"damage":0.0,"enemies":"Cultist","floor":10.0,"turns":3.0},{"damage":8.0,"enemies":"Gremlin Nob","floor":12.0,"turns":3.0},{"damage":27.0,"enemies":"Exordium Thugs","floor":13.0,"turns":5.0},{"damage":15.0,"enemies":"3 Sentries","floor":14.0,"turns":7.0},{"damage":39.0,"enemies":"Hexaghost","floor":16.0,"turns":7.0},{"damage":0.0,"enemies":"Chosen","floor":18.0,"turns":3.0},{"damage":20.0,"enemies":"Gremlin Leader","floor":23.0,"turns":3.0},{"damage":20.0,"enemies":"Slavers","floor":27.0,"turns":4.0},{"damage":0.0,"enemies":"Spheric Guardian","floor":29.0,"turns":1.0},{"damage":7.0,"enemies":"Book of Stabbing","floor":30.0,"turns":3.0},{"damage":6.0,"enemies":"3 Cultists","floor":31.0,"turns":3.0},{"damage":62.0,"enemies":"Automaton","floor":33.0,"turns":7.0},{"damage":8.0,"enemies":"3 Darklings","floor":35.0,"turns":3.0},{"damage":6.0,"enemies":"3 Shapes","floor":36.0,"turns":2.0},{"damage":21.0,"enemies":"Jaw Worm Horde","floor":37.0,"turns":3.0},{"damage":6.0,"enemies":"Giant Head","floor":41.0,"turns":4.0},{"damage":6.0,"enemies":"Reptomancer","floor":45.0,"turns":2.0},{"damage":19.0,"enemies":"Spire Growth","floor":48.0,"turns":2.0},{"damage":34.0,"enemies":"Time Eater","floor":50.0,"turns":7.0},{"damage":13.0,"enemies":"Shield and Spear","floor":54.0,"turns":2.0},{"damage":85,"enemies":"The Heart","floor":55,"turns":6}],"seed_played":"195939323406041395","potions_obtained":[{"floor":1.0,"key":"Ancient Potion"},{"floor":10.0,"key":"Energy Potion"},{"floor":16.0,"key":"SpeedPotion"}],"is_trial":false,"path_per_floor":["M","$","?","$","M","R","E","R","T","M","?","E","M","E","R","B",null,"M","?","$","?","$","E","$","R","T","E","R","M","E","M","R","B",null,"M","M","M","$","?","R","E","R","T","R","E","$","?","M","R","B",null,"R","$","E","B"],"character_chosen":"IRONCLAD","items_purchased":["Happy Flower","Flex","Thinking Ahead","Shrug It Off","Omamori"],"campfire_rested":4,"item_purchase_floors":[2,4,22,38,38],"current_hp_per_floor":[80,80,64,64,63,63,45,69,69,75,75,73,52,43,67,34,80,80,64,64,64,64,50,50,74,74,63,63,72,74,77,77,24,80,80,80,68,68,68,68,71,71,71,71,74,74,74,66,81,58,82,82,82,80,0],"gold":117,"neow_bonus":"HUNDRED_GOLD","is_prod":false,"is_daily":false,"chose_seed":false,"campfire_upgraded":6,"win_rate":0,"timestamp":1562682415,"path_taken":["M","$","?","$","M","R","E","R","T","M","?","E","?","E","R","BOSS","M","?","$","?","$","E","?","R","T","E","R","?","E","M","R","BOSS","M","M","M","$","?","R","E","R","T","R","E","$","?","?","R","BOSS","R","$","E","BOSS"],"build_version":"2019-07-05","purchased_purges":3,"victory":false,"max_hp_per_floor":[80,80,80,80,80,80,80,80,80,80,80,80,80,80,80,80,80,80,80,80,80,80,80,80,80,80,80,80,80,80,80,80,80,80,80,80,80,80,80,80,80,80,80,80,80,80,80,81,81,82,82,82,82,83,83],"card_choices":[{"not_picked":["Perfected Strike","Evolve"],"picked":"Rampage","floor":1.0},{"not_picked":["Cleave","Armaments"],"picked":"Pommel Strike","floor":5.0},{"not_picked":["Sword Boomerang","Armaments","Flame Barrier"],"picked":"SKIP","floor":7.0},{"not_picked":["Bloodletting","Clash","Body Slam"],"picked":"SKIP","floor":10.0},{"not_picked":["Twin Strike","Rampage"],"picked":"Seeing Red","floor":12.0},{"not_picked":["Reckless Charge","Iron Wave","Warcry"],"picked":"SKIP","floor":13.0},{"not_picked":["Rage","Cleave","Heavy Blade"],"picked":"SKIP","floor":14.0},{"not_picked":["Dark Embrace","Reaper"],"picked":"Double Tap","floor":16.0},{"not_picked":["Pommel Strike","Dual Wield+1","Cleave"],"picked":"SKIP","floor":18.0},{"not_picked":["Clash","Twin Strike"],"picked":"Clothesline","floor":23.0},{"not_picked":["Anger+1","Dropkick","Brutality"],"picked":"SKIP","floor":27.0},{"not_picked":["Sword Boomerang","Twin Strike","Fire Breathing"],"picked":"SKIP","floor":29.0},{"not_picked":["Clash","Disarm","Wild Strike+1"],"picked":"SKIP","floor":30.0},{"not_picked":["Power Through","Pummel"],"picked":"Carnage","floor":31.0},{"not_picked":["Brutality","Feed"],"picked":"Offering","floor":33.0},{"not_picked":["Warcry","Shockwave+1"],"picked":"Burning Pact+1","floor":35.0},{"not_picked":["Body Slam","Dropkick"],"picked":"Uppercut+1","floor":36.0},{"not_picked":["Pommel Strike","Evolve","Power Through"],"picked":"SKIP","floor":37.0},{"not_picked":["Sever Soul+1","Rupture+1","Iron Wave"],"picked":"SKIP","floor":41.0},{"not_picked":["Bludgeon+1","True Grit"],"picked":"Headbutt+1","floor":45.0},{"not_picked":["Clothesline+1","Combust","Headbutt+1"],"picked":"SKIP","floor":48.0},{"not_picked":["Iron Wave+1","Hemokinesis+1","Headbutt+1"],"picked":"SKIP","floor":54.0}],"player_experience":21163,"relics_obtained":[{"floor":7.0,"key":"Pocketwatch"},{"floor":9.0,"key":"War Paint"},{"floor":12.0,"key":"WingedGreaves"},{"floor":14.0,"key":"Centennial Puzzle"},{"floor":19.0,"key":"Necronomicon"},{"floor":23.0,"key":"Magic Flower"},{"floor":27.0,"key":"Ancient Tea Set"},{"floor":30.0,"key":"PreservedInsect"},{"floor":41.0,"key":"Molten Egg 2"},{"floor":43.0,"key":"Dodecahedron"},{"floor":45.0,"key":"Ice Cream"},{"floor":54.0,"key":"Boot"}],"event_choices":[{"damage_healed":0.0,"max_hp_gain":0.0,"max_hp_loss":0.0,"gold_gain":0.0,"event_name":"Shining Light","player_choice":"Entered Light","floor":3.0,"gold_loss":0.0,"damage_taken":16.0,"cards_upgraded":["Defend_R","Strike_R"]},{"damage_healed":0.0,"max_hp_gain":0.0,"max_hp_loss":0.0,"gold_gain":0.0,"event_name":"Accursed Blacksmith","player_choice":"Forge","floor":11.0,"gold_loss":0.0,"damage_taken":0.0,"cards_upgraded":["Pommel Strike"]},{"damage_healed":0.0,"max_hp_gain":0.0,"max_hp_loss":0.0,"gold_gain":0.0,"event_name":"Cursed Tome","player_choice":"Obtained Book","floor":19.0,"gold_loss":0.0,"damage_taken":16.0},{"damage_healed":0.0,"max_hp_gain":0.0,"max_hp_loss":0.0,"gold_gain":99.0,"event_name":"Nest","player_choice":"Stole From Cult","floor":21.0,"gold_loss":0.0,"damage_taken":0.0},{"damage_healed":0.0,"max_hp_gain":0.0,"max_hp_loss":0.0,"gold_gain":0.0,"event_name":"Tomb of Lord Red Mask","player_choice":"Paid","floor":39.0,"gold_loss":62.0,"damage_taken":0.0,"relics_obtained":["Red Mask"]},{"damage_healed":0.0,"max_hp_gain":0.0,"max_hp_loss":0.0,"gold_gain":0.0,"event_name":"FaceTrader","player_choice":"Trade","floor":47.0,"gold_loss":0.0,"damage_taken":0.0,"relics_obtained":["FaceOfCleric"]}],"is_beta":false,"boss_relics":[{"not_picked":["Black Star","Coffee Dripper"],"picked":"Sozu"},{"not_picked":["Calling Bell","Black Blood"],"picked":"Cursed Key"}],"items_purged_floors":[20,22,38],"is_endless":false,"potions_floor_spawned":[1,10,16,18,23,29,33,35,41,54],"killed_by":"The Heart","ascension_level":2}