{"gold_per_floor":[116,128,128,128,38,65,65,140,163,182,193,193,193,213,213,213],"floor_reached":16,"playtime":880,"items_purged":[],"score":125,"play_id":"f6f5edda-b1d6-4659-90ba-b37dc2a6e25b","local_time":"20190910193138","is_ascension_mode":false,"campfire_choices":[{"data":"Prepared","floor":7,"key":"SMITH"},{"data":"Prepared","floor":13,"key":"SMITH"},{"floor":15,"key":"REST"}],"neow_cost":"NONE","seed_source_timestamp":2003511494703100,"circlet_count":0,"master_deck":["Strike_G","Strike_G","Strike_G","Strike_G","Strike_G","Defend_G","Defend_G","Defend_G","Defend_G","Defend_G","Survivor+1","Neutralize","Eviscerate+1","Phantasmal Killer","Reflex+1","Prepared+1","Quick Slash","Prepared+1","Outmaneuver","Acrobatics"],"relics":["Ring of the Snake","NeowsBlessing","PreservedInsect","War Paint","Boot"],"potions_floor_usage":[16,16],"damage_taken":[{"damage":0,"enemies":"Jaw Worm","floor":1,"turns":1},{"damage":0,"enemies":"2 Louse","floor":2,"turns":1},{"damage":0,"enemies":"Lagavulin","floor":6,"turns":1},{"damage":5,"enemies":"Small Slimes","floor":10,"turns":3},{"damage":5,"enemies":"Looter","floor":11,"turns":3},{"damage":9,"enemies":"Exordium Wildlife","floor":14,"turns":3},{"damage":80,"enemies":"Hexaghost","floor":16,"turns":11}],"seed_played":"-6199473831343209757","potions_obtained":[{"floor":1,"key":"Regen Potion"},{"floor":2,"key":"PowerPotion"},{"floor":6,"key":"Fire Potion"}],"is_trial":false,"path_per_floor":["M","M","?","?","$","E","R","?","T","M","M","T","R","M","R","B"],"character_chosen":"THE_SILENT","items_purchased":["Reflex","Prepared"],"campfire_rested":1,"item_purchase_floors":[5,5],"current_hp_per_floor":[70,70,70,70,70,70,70,59,59,54,49,49,49,40,61,0],"gold":213,"neow_bonus":"THREE_ENEMY_KILL","is_prod":false,"is_daily":false,"chose_seed":false,"campfire_upgraded":2,"win_rate":0.0,"timestamp":1568111498,"path_taken":["M","M","?","?","$","E","R","?","T","M","M","?","R","M","R","BOSS"],"build_version":"2019-07-17","purchased_purges":0,"victory":false,"max_hp_per_floor":[70,70,70,70,70,70,70,70,70,70,70,70,70,70,70,70],"card_choices":[{"not_picked":["Backflip","Escape Plan"],"picked":"Eviscerate","floor":1},{"not_picked":["Poisoned Stab","Backflip"],"picked":"Phantasmal Killer","floor":2},{"not_picked":["Dodge and Roll","Backflip"],"picked":"Quick Slash","floor":6},{"not_picked":["Dodge and Roll","Slice"],"picked":"Prepared","floor":10},{"not_picked":["Poisoned Stab","Predator"],"picked":"Outmaneuver","floor":11},{"not_picked":["Dodge and Roll","Night Terror"],"picked":"Acrobatics","floor":14}],"player_experience":7950,"relics_obtained":[{"floor":6,"key":"PreservedInsect"},{"floor":9,"key":"War Paint"},{"floor":12,"key":"Boot"}],"event_choices":[{"damage_healed":0,"gold_gain":0,"player_choice":"Grow","damage_taken":0,"max_hp_gain":0,"max_hp_loss":0,"event_name":"Living Wall","floor":3,"gold_loss":0,"cards_upgraded":["Eviscerate"]},{"damage_healed":0,"gold_gain":0,"player_choice":"Leave","damage_taken":0,"max_hp_gain":0,"max_hp_loss":0,"event_name":"The Cleric","floor":4,"gold_loss":0},{"damage_healed":0,"gold_gain":75,"player_choice":"Gather Gold","damage_taken":11,"max_hp_gain":0,"max_hp_loss":0,"event_name":"World of Goop","floor":8,"gold_loss":0}],"is_beta":false,"boss_relics":[],"items_purged_floors":[],"is_endless":false,"potions_floor_spawned":[1,2,6],"killed_by":"Hexaghost","ascension_level":0}