{"gold_per_floor":[214,214,12,25,43,71,91,120,147,160,125,125,139,159,159,232,232,210,227,237,250,165,165,194,36,36,36,61,72,72],"floor_reached":30,"playtime":1915,"items_purged":[],"score":528,"play_id":"76e52403-052d-4c4d-8360-919c04feee41","local_time":"20190501001302","is_ascension_mode":true,"campfire_choices":[{"data":"Dagger Spray","floor":12.0,"key":"SMITH"},{"data":"Flechettes","floor":15.0,"key":"SMITH"},{"floor":23.0,"key":"REST"},{"data":"Phantasmal Killer","floor":27,"key":"SMITH"}],"neow_cost":"NONE","seed_source_timestamp":567010746666444,"circlet_count":0,"master_deck":["AscendersBane","Defend_G","Defend_G","Defend_G","Defend_G","Defend_G","Strike_G","Strike_G","Strike_G","Strike_G","Survivor","Neutralize","Well Laid Plans","Dash","Backstab","Dagger Spray+1","Footwork","Predator","Heel Hook","All Out Attack","Flechettes+1","Phantasmal Killer+1","Backflip","Backstab","Cloak And Dagger","Quick Slash+1","Deflect"],"special_seed":0,"relics":["Ring of the Snake","Oddly Smooth Stone","The Courier","Bag of Preparation","Blood Vial","Cursed Key","Smiling Mask","Regal Pillow","Omamori","PreservedInsect"],"potions_floor_usage":[30],"damage_taken":[{"damage":1.0,"enemies":"Small Slimes","floor":1.0,"turns":4.0},{"damage":0.0,"enemies":"Jaw Worm","floor":4.0,"turns":5.0},{"damage":0.0,"enemies":"Cultist","floor":5.0,"turns":4.0},{"damage":1.0,"enemies":"3 Sentries","floor":6.0,"turns":9.0},{"damage":0.0,"enemies":"Blue Slaver","floor":7.0,"turns":4.0},{"damage":17.0,"enemies":"Lagavulin","floor":8.0,"turns":9.0},{"damage":0.0,"enemies":"2 Fungi Beasts","floor":10.0,"turns":3.0},{"damage":2.0,"enemies":"Looter","floor":13.0,"turns":2.0},{"damage":2.0,"enemies":"3 Louse","floor":14.0,"turns":2.0},{"damage":16.0,"enemies":"Slime Boss","floor":16.0,"turns":9.0},{"damage":7.0,"enemies":"2 Thieves","floor":18.0,"turns":4.0},{"damage":18.0,"enemies":"Spheric Guardian","floor":19.0,"turns":4.0},{"damage":2.0,"enemies":"3 Cultists","floor":20.0,"turns":6.0},{"damage":7.0,"enemies":"Snake Plant","floor":21.0,"turns":3.0},{"damage":8.0,"enemies":"Gremlin Leader","floor":24.0,"turns":5.0},{"damage":19,"enemies":"Centurion and Healer","floor":29,"turns":5},{"damage":31,"enemies":"Book of Stabbing","floor":30,"turns":5}],"seed_played":"-2838386788172581967","potions_obtained":[{"floor":4.0,"key":"Energy Potion"},{"floor":7.0,"key":"Swift Potion"},{"floor":8.0,"key":"AttackPotion"},{"floor":14.0,"key":"AttackPotion"},{"floor":18.0,"key":"SkillPotion"},{"floor":20.0,"key":"Weak Potion"},{"floor":24.0,"key":"GamblersBrew"}],"is_trial":false,"path_per_floor":["M","?","$","M","M","E","M","E","T","M","?","R","M","M","R","B",null,"M","M","M","M","?","R","E","$","T","R","T","M","E"],"character_chosen":"THE_SILENT","items_purchased":["Oddly Smooth Stone","Dash","Omamori","Deflect"],"campfire_rested":1,"item_purchase_floors":[3,3,25,25],"current_hp_per_floor":[58,51,51,51,51,50,50,33,33,35,51,51,51,51,51,37,59,54,38,38,33,33,52,46,46,46,46,46,29,0],"gold":72,"neow_bonus":"HUNDRED_GOLD","is_prod":false,"is_daily":false,"chose_seed":false,"campfire_upgraded":3,"win_rate":0,"timestamp":1556683982,"path_taken":["M","?","$","M","M","E","M","E","T","M","?","R","M","M","R","BOSS","M","M","M","M","?","R","E","$","T","R","?","?","E"],"build_version":"2019-01-23","purchased_purges":0,"victory":false,"max_hp_per_floor":[66,66,66,66,66,66,66,66,66,66,66,66,66,66,66,66,66,66,66,66,66,66,66,66,66,66,66,66,66,66],"card_choices":[{"not_picked":["Backflip","Bane"],"picked":"Well Laid Plans","floor":1.0},{"not_picked":["Leg Sweep","Deflect"],"picked":"Backstab","floor":4.0},{"not_picked":["Dagger Throw","Masterful Stab"],"picked":"Dagger Spray","floor":5.0},{"not_picked":["Night Terror","Heel Hook"],"picked":"Footwork","floor":6.0},{"not_picked":["Cloak And Dagger","Catalyst"],"picked":"Predator","floor":7.0},{"not_picked":["Quick Slash","Accuracy"],"picked":"Heel Hook","floor":8.0},{"not_picked":["Acrobatics","Predator"],"picked":"All Out Attack","floor":10.0},{"not_picked":["Setup","Accuracy","Acrobatics"],"picked":"SKIP","floor":13.0},{"not_picked":["Predator","Endless Agony"],"picked":"Flechettes","floor":14.0},{"not_picked":["Grand Finale","Storm of Steel"],"picked":"Phantasmal Killer","floor":16.0},{"not_picked":["Accuracy","Finisher","Underhanded Strike"],"picked":"SKIP","floor":18.0},{"not_picked":["Deflect","Outmaneuver+1"],"picked":"Backflip","floor":19.0},{"not_picked":["Acrobatics","Eviscerate"],"picked":"Backstab","floor":20.0},{"not_picked":["Distraction","Choke"],"picked":"Cloak And Dagger","floor":21.0},{"not_picked":["Tools of the Trade","Dagger Throw"],"picked":"Quick Slash+1","floor":24.0},{"not_picked":["Caltrops","Outmaneuver","Tactician"],"picked":"SKIP","floor":29}],"player_experience":1337277,"relics_obtained":[{"floor":6.0,"key":"The Courier"},{"floor":8.0,"key":"Bag of Preparation"},{"floor":9.0,"key":"Blood Vial"},{"floor":24.0,"key":"Regal Pillow"},{"floor":28,"key":"PreservedInsect"}],"event_choices":[{"cards_removed":["Strike_G"],"damage_healed":0.0,"max_hp_gain":0.0,"max_hp_loss":0.0,"gold_gain":0.0,"event_name":"Golden Wing","player_choice":"Card Removal","floor":2.0,"gold_loss":0.0,"damage_taken":7.0},{"damage_healed":16.0,"max_hp_gain":0.0,"max_hp_loss":0.0,"gold_gain":0.0,"event_name":"The Cleric","player_choice":"Healed","floor":11.0,"gold_loss":35.0,"damage_taken":0.0},{"damage_healed":0.0,"max_hp_gain":0.0,"max_hp_loss":0.0,"gold_gain":0.0,"event_name":"Addict","player_choice":"Obtained Relic","floor":22.0,"gold_loss":85.0,"damage_taken":0.0,"relics_obtained":["Smiling Mask"]}],"is_beta":false,"boss_relics":[{"not_picked":["Tiny House","Eternal Feather"],"picked":"Cursed Key"}],"items_purged_floors":[],"is_endless":false,"potions_floor_spawned":[4,7,8,13,14,18,20,24],"killed_by":"Book of Stabbing","ascension_level":20}