{"gold_per_floor":[118,137,155,136,146,146,175,175,175,196,216,226,226,226,226,326,326,266,266,191,191,191,191,191,191,191,191,45,45,45,45,45,45,45,45,45,45,45,45,45,45,45,45,45,45,45,11,11,11,11],"floor_reached":51,"playtime":3542,"items_purged":["Decay"],"score":1178,"play_id":"30418f64-67b6-4b40-a99e-66b4d130d2bd","local_time":"20190809212233","is_ascension_mode":true,"campfire_choices":[{"data":"Barrage","floor":6.0,"key":"SMITH"},{"data":"Zap","floor":8.0,"key":"SMITH"},{"floor":13.0,"key":"REST"},{"data":"1","floor":15.0,"key":"LIFT"},{"data":"2","floor":23.0,"key":"LIFT"},{"floor":25.0,"key":"REST"},{"floor":30.0,"key":"REST"},{"data":"Defragment","floor":32.0,"key":"SMITH"},{"data":"Loop","floor":40.0,"key":"SMITH"},{"data":"Seek","floor":42,"key":"SMITH"},{"data":"3","floor":44,"key":"LIFT"},{"data":"Thunder Strike","floor":49,"key":"SMITH"}],"neow_cost":"NONE","seed_source_timestamp":538546330676035,"circlet_count":0,"master_deck":["AscendersBane","Strike_B","Strike_B","Strike_B","Defend_B","Defend_B","Defend_B","Defend_B","Zap+1","Dualcast+1","Glacier","Chill","Genetic Algorithm","Beam Cell","Seek","Rebound","Ball Lightning","Thunder Strike+1","Heatsinks+1","Loop+1","BootSequence","Tempest+1","Go for the Eyes","Defragment+1","Beam Cell+1","Echo Form","Electrodynamics","Auto Shields+1","Loop+1","Seek+1","Conserve Battery+1","Coolheaded+1","Static Discharge"],"special_seed":0,"relics":["Cracked Core","PreservedInsect","Girya","Odd Mushroom","Ectoplasm","Bird Faced Urn","Pear","FossilizedHelix","Inserter","Ginger","Question Card","Symbiotic Virus"],"potions_floor_usage":[50,50],"damage_taken":[{"damage":8.0,"enemies":"Jaw Worm","floor":1.0,"turns":4.0},{"damage":1.0,"enemies":"Cultist","floor":2.0,"turns":3.0},{"damage":0.0,"enemies":"Small Slimes","floor":3.0,"turns":3.0},{"damage":7.0,"enemies":"Exordium Thugs","floor":4.0,"turns":4.0},{"damage":12.0,"enemies":"3 Louse","floor":5.0,"turns":5.0},{"damage":5.0,"enemies":"Lagavulin","floor":7.0,"turns":6.0},{"damage":3.0,"enemies":"The Mushroom Lair","floor":10.0,"turns":5.0},{"damage":14.0,"enemies":"Large Slime","floor":11.0,"turns":7.0},{"damage":8.0,"enemies":"Exordium Wildlife","floor":12.0,"turns":4.0},{"damage":9.0,"enemies":"Hexaghost","floor":16.0,"turns":9.0},{"damage":16.0,"enemies":"2 Thieves","floor":18.0,"turns":3.0},{"damage":12.0,"enemies":"Chosen","floor":19.0,"turns":4.0},{"damage":6.0,"enemies":"Sentry and Sphere","floor":21.0,"turns":6.0},{"damage":9.0,"enemies":"Cultist and Chosen","floor":22.0,"turns":6.0},{"damage":12.0,"enemies":"Chosen and Byrds","floor":27.0,"turns":5.0},{"damage":18.0,"enemies":"Gremlin Leader","floor":29.0,"turns":5.0},{"damage":9.0,"enemies":"Book of Stabbing","floor":31.0,"turns":5.0},{"damage":0.0,"enemies":"Collector","floor":33.0,"turns":11.0},{"damage":0.0,"enemies":"3 Shapes","floor":35.0,"turns":3.0},{"damage":3.0,"enemies":"Mind Bloom Boss Battle","floor":36.0,"turns":7.0},{"damage":32.0,"enemies":"3 Darklings","floor":37.0,"turns":5.0},{"damage":10.0,"enemies":"Writhing Mass","floor":39.0,"turns":6.0},{"damage":17,"enemies":"Giant Head","floor":41,"turns":7},{"damage":0,"enemies":"4 Shapes","floor":45,"turns":5},{"damage":0,"enemies":"Maw","floor":46,"turns":6},{"damage":14,"enemies":"Awakened One","floor":50,"turns":12}],"seed_played":"6229363727014910434","potions_obtained":[{"floor":4.0,"key":"FocusPotion"},{"floor":5.0,"key":"Swift Potion"},{"floor":12.0,"key":"SteroidPotion"},{"floor":18.0,"key":"Energy Potion"},{"floor":27.0,"key":"Swift Potion"},{"floor":33.0,"key":"SkillPotion"},{"floor":36.0,"key":"LiquidBronze"}],"is_trial":false,"path_per_floor":["M","M","M","M","M","R","E","R","T","?","M","M","R","?","R","B",null,"M","M","?","M","M","R","?","R","T","M","$","E","R","E","R","B",null,"M","?","M","?","M","R","E","R","T","R","M","M","$","?","R","B",null],"character_chosen":"DEFECT","items_purchased":["Defragment","Static Discharge"],"campfire_rested":3,"item_purchase_floors":[28,47],"current_hp_per_floor":[60,59,59,52,40,40,35,35,35,32,18,10,32,25,25,16,60,44,32,32,26,17,17,17,39,39,29,29,27,52,49,49,59,79,85,85,57,57,61,61,56,56,56,56,64,76,76,76,76,71],"gold":11,"neow_bonus":"UPGRADE_CARD","is_prod":false,"is_daily":false,"chose_seed":false,"campfire_upgraded":6,"win_rate":0,"timestamp":1565403753,"path_taken":["M","M","M","M","M","R","E","R","T","?","M","M","R","?","R","BOSS","M","M","?","M","M","R","?","R","T","?","$","E","R","E","R","BOSS","M","?","M","?","M","R","E","R","T","R","M","M","?","?","R","BOSS"],"build_version":"2019-07-17","purchased_purges":1,"victory":true,"max_hp_per_floor":[75,75,75,75,75,75,75,75,75,75,75,75,75,75,75,75,75,75,75,75,75,75,75,75,75,75,75,75,85,85,85,85,85,85,85,85,85,85,85,85,85,85,85,85,85,85,85,85,85,85],"card_choices":[{"not_picked":["Streamline","Beam Cell"],"picked":"Barrage","floor":1.0},{"not_picked":["Cold Snap","Steam"],"picked":"Glacier","floor":2.0},{"not_picked":["Beam Cell","Compile Driver"],"picked":"Chill","floor":3.0},{"not_picked":["Coolheaded","Recycle"],"picked":"Genetic Algorithm","floor":4.0},{"not_picked":["Redo","Steam"],"picked":"Beam Cell","floor":5.0},{"not_picked":["Rebound","Sweeping Beam"],"picked":"Seek","floor":7.0},{"not_picked":["Sweeping Beam","Leap"],"picked":"Rebound","floor":10.0},{"not_picked":["Storm","Darkness","Compile Driver"],"picked":"SKIP","floor":11.0},{"not_picked":["Stack","Sunder"],"picked":"Ball Lightning","floor":12.0},{"not_picked":["Meteor Strike","Reboot"],"picked":"Thunder Strike","floor":16.0},{"not_picked":["Streamline","Steam"],"picked":"Heatsinks+1","floor":18.0},{"not_picked":["Chill+1","Hello World"],"picked":"Loop+1","floor":19.0},{"not_picked":["Barrage","Beam Cell+1"],"picked":"BootSequence","floor":21.0},{"not_picked":["Aggregate","Meteor Strike"],"picked":"Tempest+1","floor":22.0},{"not_picked":["Rebound+1","Coolheaded"],"picked":"Go for the Eyes","floor":27.0},{"not_picked":["Streamline","Reprogram"],"picked":"Beam Cell+1","floor":29.0},{"not_picked":["Sweeping Beam","Steam"],"picked":"Echo Form","floor":31.0},{"not_picked":["Machine Learning","Rainbow"],"picked":"Electrodynamics","floor":33.0},{"not_picked":["Sweeping Beam","Redo"],"picked":"Auto Shields+1","floor":35.0},{"not_picked":["Reinforced Body+1","Hologram+1"],"picked":"Loop","floor":37.0},{"not_picked":["Compile Driver","Heatsinks","Coolheaded"],"picked":"SKIP","floor":39.0},{"not_picked":["Streamline+1","Fusion"],"picked":"Seek","floor":41},{"not_picked":["Genetic Algorithm","Steam+1","Beam Cell"],"picked":"Conserve Battery+1","floor":45},{"not_picked":["Streamline+1","Recycle+1","Conserve Battery"],"picked":"Coolheaded+1","floor":46}],"player_experience":259537,"relics_obtained":[{"floor":7.0,"key":"PreservedInsect"},{"floor":9.0,"key":"Girya"},{"floor":10.0,"key":"Odd Mushroom"},{"floor":26.0,"key":"Bird Faced Urn"},{"floor":29.0,"key":"Pear"},{"floor":31.0,"key":"FossilizedHelix"},{"floor":36.0,"key":"Ginger"},{"floor":41,"key":"Question Card"},{"floor":43,"key":"Symbiotic Virus"}],"event_choices":[{"damage_healed":0.0,"max_hp_gain":0.0,"max_hp_loss":0.0,"gold_gain":0.0,"event_name":"Mushrooms","player_choice":"Fought Mushrooms","floor":10.0,"gold_loss":0.0,"damage_taken":0.0},{"damage_healed":0.0,"max_hp_gain":0.0,"max_hp_loss":0.0,"gold_gain":0.0,"event_name":"Wheel of Change","player_choice":"Damaged","floor":14.0,"gold_loss":0.0,"damage_taken":7.0},{"cards_removed":["Strike_B"],"damage_healed":0.0,"max_hp_gain":0.0,"max_hp_loss":0.0,"gold_gain":0.0,"event_name":"Beggar","player_choice":"Gave Gold","floor":20.0,"gold_loss":75.0,"damage_taken":0.0},{"damage_healed":0.0,"max_hp_gain":0.0,"max_hp_loss":0.0,"gold_gain":0.0,"event_name":"Forgotten Altar","player_choice":"Smashed Altar","floor":24.0,"gold_loss":0.0,"damage_taken":0.0,"cards_obtained":["Decay"]},{"damage_healed":0.0,"max_hp_gain":0.0,"max_hp_loss":0.0,"gold_gain":0.0,"event_name":"MindBloom","player_choice":"Fight","floor":36.0,"gold_loss":0.0,"damage_taken":0.0},{"cards_removed":["Barrage"],"damage_healed":0.0,"max_hp_gain":0.0,"max_hp_loss":0.0,"gold_gain":0.0,"event_name":"Falling","player_choice":"Removed Attack","floor":38.0,"gold_loss":0.0,"damage_taken":0.0},{"damage_healed":0,"gold_gain":0,"player_choice":"0 cards matched","damage_taken":0,"max_hp_gain":0,"max_hp_loss":0,"event_name":"Match and Keep!","floor":48,"gold_loss":0,"cards_obtained":[]}],"is_beta":false,"boss_relics":[{"not_picked":["Runic Dome","FrozenCore"],"picked":"Ectoplasm"},{"not_picked":["Snecko Eye","Black Star"],"picked":"Inserter"}],"items_purged_floors":[28],"is_endless":false,"potions_floor_spawned":[4,5,12,18,27,29,33,36,46],"ascension_level":11}