{"gold_per_floor":[111,122,141,17,35,35,53,53,53,72,103,103,115,115,115,115],"floor_reached":16,"playtime":1296,"items_purged":["Strike_G"],"score":151,"play_id":"acbfe16f-1385-4684-8d97-0d6c25526e58","local_time":"20181025011350","is_ascension_mode":true,"campfire_choices":[{"data":"Backflip","floor":6,"key":"SMITH"},{"data":"Finisher","floor":8,"key":"SMITH"},{"floor":15,"key":"REST"}],"neow_cost":"NONE","seed_source_timestamp":968337517488979,"circlet_count":0,"master_deck":["Defend_G","Defend_G","Defend_G","Defend_G","Defend_G","Strike_G","Strike_G","Strike_G","Survivor","Neutralize","Finesse","Reflex","PiercingWail","Finisher+1","Underhanded Strike","Backflip+1","Choke","Doppelganger","Prepared"],"relics":["Ring of the Snake","Mummified Hand","Kunai","Frozen Egg 2"],"potions_floor_usage":[11,11,11,16],"damage_taken":[{"damage":1,"enemies":"Jaw Worm","floor":1,"turns":4},{"damage":0,"enemies":"2 Louse","floor":2,"turns":3},{"damage":4,"enemies":"Cultist","floor":3,"turns":5},{"damage":4,"enemies":"3 Louse","floor":5,"turns":5},{"damage":0,"enemies":"Blue Slaver","floor":7,"turns":4},{"damage":0,"enemies":"Looter","floor":10,"turns":2},{"damage":9,"enemies":"3 Sentries","floor":11,"turns":6},{"damage":14,"enemies":"Large Slime","floor":13,"turns":10},{"damage":52,"enemies":"Hexaghost","floor":16,"turns":15}],"seed_played":"8416040117133576287","potions_obtained":[{"floor":1,"key":"Explosive Potion"},{"floor":5,"key":"SkillPotion"},{"floor":10,"key":"Energy Potion"},{"floor":13,"key":"SkillPotion"}],"is_trial":false,"path_per_floor":["M","M","M","$","M","R","M","R","T","M","E","?","M","?","R"],"character_chosen":"THE_SILENT","items_purchased":["Underhanded Strike"],"campfire_rested":1,"item_purchase_floors":[4],"current_hp_per_floor":[62,62,58,58,54,54,54,54,54,54,45,42,28,28,49,0],"gold":115,"neow_bonus":"RANDOM_COLORLESS","is_prod":false,"is_daily":false,"chose_seed":false,"campfire_upgraded":2,"win_rate":0,"timestamp":1540444430,"path_taken":["M","M","M","$","M","R","M","R","T","M","E","?","M","?","R","BOSS"],"build_version":"2018-10-18","purchased_purges":1,"victory":false,"max_hp_per_floor":[70,70,70,70,70,70,70,70,70,70,70,70,70,70,70,70],"card_choices":[{"not_picked":["Flying Knee","Slice"],"picked":"Reflex","floor":1},{"not_picked":["Finisher","Cloak And Dagger"],"picked":"PiercingWail","floor":2},{"not_picked":["Dodge and Roll","Bane"],"picked":"Finisher","floor":3},{"not_picked":["Dagger Spray","Deflect"],"picked":"Backflip","floor":5},{"not_picked":["Underhanded Strike","Reflex"],"picked":"Choke","floor":7},{"not_picked":["Dagger Spray","Blade Dance"],"picked":"Doppelganger","floor":10},{"not_picked":["Deadly Poison","Poisoned Stab","Acrobatics"],"picked":"SKIP","floor":11},{"not_picked":["Crippling Poison","Outmaneuver"],"picked":"Prepared","floor":13}],"player_experience":549016,"relics_obtained":[{"floor":9,"key":"Mummified Hand"},{"floor":11,"key":"Kunai"}],"event_choices":[{"damage_healed":0,"gold_gain":0,"player_choice":"Success","damage_taken":3,"relics_obtained":["Frozen Egg 2"],"max_hp_gain":0,"max_hp_loss":0,"event_name":"Scrap Ooze","floor":12,"gold_loss":0},{"cards_removed":["Strike_G"],"damage_healed":0,"gold_gain":0,"player_choice":"Offered Basic","damage_taken":0,"max_hp_gain":0,"max_hp_loss":0,"event_name":"Bonfire Elementals","floor":14,"gold_loss":0}],"is_beta":false,"boss_relics":[],"items_purged_floors":[4],"is_endless":false,"potions_floor_spawned":[1,5,10,13],"killed_by":"Hexaghost","ascension_level":9}