{"gold_per_floor":[113,124,140,170,170,170,201,201,249,249,249,274,287,287,287,382,382,392,402,402],"floor_reached":20,"playtime":690,"items_purged":[],"score":282,"play_id":"c4de41fc-298f-4e12-9c8f-09768a01ae90","local_time":"20190505232447","is_ascension_mode":true,"campfire_choices":[{"floor":6,"key":"REST"},{"data":"Zap","floor":8,"key":"SMITH"},{"floor":11,"key":"REST"},{"floor":15,"key":"REST"}],"neow_cost":"PERCENT_DAMAGE","seed_source_timestamp":1601192882948714,"circlet_count":0,"master_deck":["AscendersBane","Strike_B+1","Strike_B","Strike_B","Defend_B","Defend_B+1","Defend_B","Defend_B","Zap+1","Dualcast","Gash","Rebound","FTL","Streamline","Core Surge","Beam Cell","Hologram","Scrape","Gash"],"relics":["Cracked Core","Nunchaku","Tiny Chest","Smiling Mask","Bottled Flame","Bag of Marbles","Regal Pillow","Orrery"],"potions_floor_usage":[2,7,12,18,19],"damage_taken":[{"damage":7,"enemies":"2 Louse","floor":1,"turns":2},{"damage":2,"enemies":"Jaw Worm","floor":2,"turns":3},{"damage":8,"enemies":"Small Slimes","floor":3,"turns":3},{"damage":26,"enemies":"Gremlin Nob","floor":7,"turns":4},{"damage":15,"enemies":"3 Sentries","floor":12,"turns":4},{"damage":1,"enemies":"3 Louse","floor":13,"turns":2},{"damage":30,"enemies":"Slime Boss","floor":16,"turns":10},{"damage":18,"enemies":"2 Thieves","floor":18,"turns":4},{"damage":25,"enemies":"Shell Parasite","floor":19,"turns":3},{"damage":35,"enemies":"Cultist and Chosen","floor":20,"turns":4}],"seed_played":"-3554291598419528611","potions_obtained":[{"floor":1,"key":"Regen Potion"},{"floor":2,"key":"EssenceOfSteel"},{"floor":7,"key":"Explosive Potion"},{"floor":16,"key":"Block Potion"},{"floor":18,"key":"Fire Potion"}],"is_trial":false,"path_per_floor":["M","M","M","?","T","R","E","R","T","?","R","E","M","?","R","B",null,"M","M","M"],"character_chosen":"DEFECT","items_purchased":[],"campfire_rested":3,"item_purchase_floors":[],"current_hp_per_floor":[43,50,42,24,24,46,20,20,20,13,35,20,19,4,41,11,59,41,16,0],"gold":402,"neow_bonus":"ONE_RARE_RELIC","is_prod":false,"is_daily":false,"chose_seed":false,"campfire_upgraded":1,"win_rate":0,"timestamp":1557091487,"path_taken":["M","M","M","?","?","R","E","R","T","?","R","E","M","?","R","BOSS","M","M","M"],"build_version":"2019-01-23","purchased_purges":0,"victory":false,"max_hp_per_floor":[75,75,75,75,75,75,75,75,75,75,75,75,75,75,75,75,75,75,75,75],"card_choices":[{"not_picked":["Steam","Coolheaded"],"picked":"Gash","floor":1},{"not_picked":["Steam","Turbo"],"picked":"Rebound","floor":2},{"not_picked":["Coolheaded","Go for the Eyes"],"picked":"FTL","floor":3},{"not_picked":["Steam Power","Doom and Gloom"],"picked":"Streamline","floor":7},{"not_picked":["Streamline","Steam","Darkness"],"picked":"SKIP","floor":12},{"not_picked":["Barrage","Storm","Stack"],"picked":"SKIP","floor":13},{"not_picked":["Fission","Biased Cognition"],"picked":"Core Surge","floor":16},{"not_picked":["Fusion","Coolheaded"],"picked":"Beam Cell","floor":17},{"not_picked":["Coolheaded","Doom and Gloom"],"picked":"Hologram","floor":17},{"not_picked":["Fusion","Rip and Tear"],"picked":"Scrape","floor":18},{"not_picked":["Go for the Eyes+1","Heatsinks"],"picked":"Gash","floor":19}],"player_experience":251513,"relics_obtained":[{"floor":5,"key":"Smiling Mask"},{"floor":7,"key":"Bottled Flame"},{"floor":9,"key":"Bag of Marbles"},{"floor":12,"key":"Regal Pillow"}],"event_choices":[{"damage_healed":0,"gold_gain":0,"player_choice":"Success","damage_taken":18,"relics_obtained":["Tiny Chest"],"max_hp_gain":0,"max_hp_loss":0,"event_name":"Scrap Ooze","floor":4,"gold_loss":0},{"cards_removed":["Strike_B"],"damage_healed":0,"gold_gain":0,"player_choice":"Card Removal","damage_taken":7,"max_hp_gain":0,"max_hp_loss":0,"event_name":"Golden Wing","floor":10,"gold_loss":0},{"damage_healed":0,"gold_gain":0,"player_choice":"Entered Light","damage_taken":15,"max_hp_gain":0,"max_hp_loss":0,"event_name":"Shining Light","floor":14,"gold_loss":0,"cards_upgraded":["Defend_B","Strike_B"]}],"is_beta":false,"boss_relics":[{"not_picked":["Cursed Key","Philosopher\u0027s Stone"],"picked":"Orrery"}],"items_purged_floors":[],"is_endless":false,"potions_floor_spawned":[1,2,7,16,18],"killed_by":"Cultist and Chosen","ascension_level":11}