{"gold_per_floor":[15,30,48,48,65,65,97,22,76,94,111,128,144,177,177,177],"floor_reached":16,"playtime":458,"items_purged":["Strike_B"],"score":232,"play_id":"b7ccf246-bee1-4385-bd33-b3e4f4fcc03c","local_time":"20190604201728","is_ascension_mode":true,"campfire_choices":[{"data":"Regret","floor":6.0,"key":"PURGE"},{"data":"Lockon","floor":15,"key":"SMITH"}],"neow_cost":"NO_GOLD","seed_source_timestamp":415248818808,"circlet_count":0,"master_deck":["AscendersBane","Strike_B","Strike_B","Strike_B","Defend_B","Defend_B","Defend_B","Defend_B","Zap","Dualcast","Genetic Algorithm","Rebound","Core Surge","Lockon+1","Streamline","Genetic Algorithm","Glacier","Self Repair"],"special_seed":0,"relics":["Cracked Core","Peace Pipe","Pantograph","Bag of Marbles","Blood Vial","Orichalcum"],"potions_floor_usage":[11,12,14,16],"damage_taken":[{"damage":1.0,"enemies":"2 Louse","floor":1.0,"turns":3.0},{"damage":13.0,"enemies":"Small Slimes","floor":2.0,"turns":3.0},{"damage":0.0,"enemies":"Cultist","floor":3.0,"turns":3.0},{"damage":10.0,"enemies":"2 Fungi Beasts","floor":5.0,"turns":4.0},{"damage":18.0,"enemies":"Gremlin Nob","floor":7.0,"turns":4.0},{"damage":11,"enemies":"Exordium Thugs","floor":10,"turns":4},{"damage":0,"enemies":"Lots of Slimes","floor":11,"turns":1},{"damage":0,"enemies":"Large Slime","floor":12,"turns":3},{"damage":6,"enemies":"3 Louse","floor":13,"turns":3},{"damage":4,"enemies":"Lagavulin","floor":14,"turns":8},{"damage":47,"enemies":"Slime Boss","floor":16,"turns":6}],"seed_played":"1649211069317154887","potions_obtained":[{"floor":1.0,"key":"Fruit Juice"},{"floor":3.0,"key":"Energy Potion"},{"floor":7.0,"key":"AttackPotion"},{"floor":12,"key":"SkillPotion"},{"floor":14,"key":"FocusPotion"}],"is_trial":false,"path_per_floor":["M","M","M","?","M","R","E","$","T","M","M","M","M","E","R","B"],"character_chosen":"DEFECT","items_purchased":[],"campfire_rested":0,"item_purchase_floors":[],"current_hp_per_floor":[63,50,50,50,40,40,22,22,22,13,15,22,18,16,16,0],"gold":177,"neow_bonus":"ONE_RARE_RELIC","is_prod":false,"is_daily":false,"chose_seed":false,"campfire_upgraded":1,"win_rate":0,"timestamp":1559672248,"path_taken":["M","M","M","?","M","R","E","$","T","M","M","M","M","E","R","BOSS"],"build_version":"2019-06-02","purchased_purges":1,"victory":false,"max_hp_per_floor":[71,71,71,71,71,71,71,71,71,71,71,76,76,76,76,76],"card_choices":[{"not_picked":["Double Energy","Coolheaded"],"picked":"Genetic Algorithm","floor":1.0},{"not_picked":["Gash","Stack"],"picked":"Rebound","floor":2.0},{"not_picked":["Ball Lightning","Aggregate"],"picked":"Core Surge","floor":3.0},{"not_picked":["Heatsinks","Force Field"],"picked":"Lockon","floor":5.0},{"not_picked":["Turbo","Barrage"],"picked":"Streamline","floor":7.0},{"not_picked":["Barrage","Storm","Steam"],"picked":"SKIP","floor":10},{"not_picked":["Barrage","Force Field"],"picked":"Genetic Algorithm","floor":11},{"not_picked":["Heatsinks","Redo","Leap"],"picked":"SKIP","floor":12},{"not_picked":["Hologram","Gash"],"picked":"Glacier","floor":13},{"not_picked":["Chill","Beam Cell"],"picked":"Self Repair","floor":14}],"player_experience":1667319,"relics_obtained":[{"floor":7.0,"key":"Bag of Marbles"},{"floor":9.0,"key":"Blood Vial"},{"floor":14,"key":"Orichalcum"}],"event_choices":[{"damage_healed":0.0,"max_hp_gain":0.0,"max_hp_loss":0.0,"gold_gain":0.0,"event_name":"Big Fish","player_choice":"Box","floor":4.0,"gold_loss":0.0,"damage_taken":0.0,"relics_obtained":["Pantograph"],"cards_obtained":["Regret"]}],"is_beta":true,"boss_relics":[],"items_purged_floors":[8],"is_endless":false,"potions_floor_spawned":[1,3,7,10,12,14],"killed_by":"Slime Boss","ascension_level":20}