{"gold_per_floor":[111,125,300,316,316,316,43,43,43,60,73,99,99,115,115,218,218,232,35,35,35,35,62,62,75,75,75,75],"floor_reached":28,"playtime":1343,"items_purged":["Strike_G","Strike_G"],"score":343,"play_id":"8ef0f01e-ab88-40be-aac3-e53b016f644b","local_time":"20190501185700","is_ascension_mode":true,"campfire_choices":[{"floor":6,"key":"REST"},{"floor":13,"key":"REST"},{"floor":15,"key":"REST"},{"floor":24,"key":"REST"},{"floor":27,"key":"REST"}],"neow_cost":"PERCENT_DAMAGE","seed_source_timestamp":609535662971500,"circlet_count":0,"master_deck":["Defend_G+1","Defend_G+1","Defend_G+1","Defend_G+1","Defend_G+1","Strike_G+1","Strike_G+1","Survivor","Neutralize","Envenom","Bane","Bouncing Flask","Bane","Dagger Spray","Accuracy","Infinite Blades","Cloak And Dagger"],"relics":["Ring of the Snake","TwistedFunnel","Pen Nib","Dead Branch","Lizard Tail","Singing Bowl","Darkstone Periapt","Kunai"],"potions_floor_usage":[11,16,20,20],"damage_taken":[{"damage":9,"enemies":"2 Louse","floor":1,"turns":4},{"damage":1,"enemies":"Jaw Worm","floor":2,"turns":5},{"damage":0,"enemies":"Cultist","floor":4,"turns":3},{"damage":5,"enemies":"Large Slime","floor":10,"turns":7},{"damage":12,"enemies":"Exordium Wildlife","floor":11,"turns":3},{"damage":15,"enemies":"Lagavulin","floor":12,"turns":5},{"damage":8,"enemies":"Looter","floor":14,"turns":2},{"damage":0,"enemies":"Slime Boss","floor":16,"turns":9},{"damage":25,"enemies":"2 Thieves","floor":18,"turns":4},{"damage":14,"enemies":"Colosseum Slavers","floor":20,"turns":5},{"damage":58,"enemies":"Book of Stabbing","floor":23,"turns":7},{"damage":15,"enemies":"Spheric Guardian","floor":25,"turns":12},{"damage":39,"enemies":"Shelled Parasite and Fungi","floor":28,"turns":4}],"seed_played":"-8562096693887816949","potions_obtained":[{"floor":2,"key":"Fire Potion"},{"floor":11,"key":"Strength Potion"}],"is_trial":false,"path_per_floor":["M","M","?","M","?","R","$","?","T","M","M","E","R","M","R","B",null,"M","$","?","?","?","E","R","M","T","R","M"],"character_chosen":"THE_SILENT","items_purchased":["TwistedFunnel","Block Potion","SpeedPotion"],"campfire_rested":5,"item_purchase_floors":[7,19,19],"current_hp_per_floor":[40,39,39,39,32,53,53,53,53,48,36,21,42,34,55,55,70,45,45,31,31,31,8,29,16,16,37,0],"gold":75,"neow_bonus":"THREE_RARE_CARDS","is_prod":false,"is_daily":false,"chose_seed":false,"campfire_upgraded":0,"win_rate":0,"timestamp":1556762220,"path_taken":["M","M","?","M","?","R","$","?","T","M","M","E","R","M","R","BOSS","M","$","?","?","?","E","R","M","T","R","M"],"build_version":"2019-01-23","purchased_purges":2,"victory":false,"max_hp_per_floor":[70,70,70,70,70,70,70,70,70,70,70,70,70,70,70,70,70,70,70,70,70,70,70,70,72,72,72,72],"card_choices":[{"not_picked":["Adrenaline","Venomology"],"picked":"Envenom","floor":0},{"not_picked":["Quick Slash","Slice"],"picked":"Bane","floor":1},{"not_picked":["Dodge and Roll","Quick Slash"],"picked":"Bouncing Flask","floor":2},{"not_picked":["Flying Knee","Outmaneuver"],"picked":"Bane","floor":4},{"not_picked":["Dagger Throw","Skewer"],"picked":"Dagger Spray","floor":10},{"not_picked":["Dash","Backstab","Deflect"],"picked":"SKIP","floor":11},{"not_picked":["Flying Knee","Bouncing Flask"],"picked":"Accuracy","floor":12},{"not_picked":["Underhanded Strike","Well Laid Plans","Concentrate"],"picked":"SKIP","floor":14},{"not_picked":["Choke","Slice"],"picked":"Infinite Blades","floor":18},{"not_picked":["Acrobatics","Deadly Poison"],"picked":"Cloak And Dagger","floor":23},{"not_picked":["PiercingWail+1","Underhanded Strike","Dagger Spray"],"picked":"Singing Bowl","floor":25}],"player_experience":276731,"relics_obtained":[{"floor":9,"key":"Pen Nib"},{"floor":12,"key":"Dead Branch"},{"floor":23,"key":"Darkstone Periapt"},{"floor":26,"key":"Kunai"}],"event_choices":[{"damage_healed":0,"gold_gain":175,"player_choice":"AGREE","damage_taken":0,"max_hp_gain":0,"max_hp_loss":0,"event_name":"Liars Game","floor":3,"gold_loss":0,"cards_obtained":["Doubt"]},{"cards_removed":["Doubt"],"damage_healed":0,"gold_gain":0,"player_choice":"Card Removal","damage_taken":7,"max_hp_gain":0,"max_hp_loss":0,"event_name":"Golden Wing","floor":5,"gold_loss":0},{"cards_removed":["Strike_G"],"damage_healed":0,"gold_gain":0,"player_choice":"Offered Basic","damage_taken":0,"max_hp_gain":0,"max_hp_loss":0,"event_name":"Bonfire Elementals","floor":8,"gold_loss":0},{"damage_healed":0,"gold_gain":0,"player_choice":"Fight","damage_taken":0,"max_hp_gain":0,"max_hp_loss":0,"event_name":"Colosseum","floor":20,"gold_loss":0},{"damage_healed":0,"gold_gain":0,"player_choice":"Fled From Nobs","damage_taken":0,"max_hp_gain":0,"max_hp_loss":0,"event_name":"Colosseum","floor":20,"gold_loss":0},{"damage_healed":0,"gold_gain":0,"player_choice":"Opened","damage_taken":0,"relics_obtained":["Singing Bowl"],"max_hp_gain":0,"max_hp_loss":0,"event_name":"The Mausoleum","floor":21,"gold_loss":0},{"damage_healed":0,"gold_gain":0,"player_choice":"Simplicity","damage_taken":0,"max_hp_gain":0,"max_hp_loss":0,"event_name":"Back to Basics","floor":22,"gold_loss":0,"cards_upgraded":["Defend_G","Defend_G","Defend_G","Defend_G","Defend_G","Strike_G","Strike_G"]}],"is_beta":false,"boss_relics":[{"not_picked":["Ring of the Serpent","Ectoplasm"],"picked":"Lizard Tail"}],"items_purged_floors":[7,19],"is_endless":false,"potions_floor_spawned":[2,11,20],"killed_by":"Shelled Parasite and Fungi","ascension_level":4}