{"gold_per_floor":[363,375,393,393,36,64,64,64,145,145,165,184,184],"floor_reached":13,"playtime":247,"items_purged":[],"score":170,"play_id":"0355a809-3795-4b6c-9d6e-c06113697d10","local_time":"20190530145142","is_ascension_mode":true,"campfire_choices":[{"data":"Defragment","floor":7,"key":"SMITH"},{"data":"Go for the Eyes","floor":10,"key":"SMITH"}],"neow_cost":"TEN_PERCENT_HP_LOSS","seed_source_timestamp":0,"circlet_count":0,"master_deck":["AscendersBane","Strike_B","Strike_B","Strike_B","Defend_B","Defend_B","Defend_B","Defend_B","Zap+1","Dualcast","Ball Lightning","Consume","Go for the Eyes+1","Amplify","Defragment+1","BootSequence+1"],"special_seed":0,"relics":["Cracked Core","Toxic Egg 2","Omamori","Bottled Flame"],"potions_floor_usage":[13,13],"damage_taken":[{"damage":4.0,"enemies":"Jaw Worm","floor":1.0,"turns":4.0},{"damage":0.0,"enemies":"Cultist","floor":2.0,"turns":3.0},{"damage":1.0,"enemies":"2 Louse","floor":3.0,"turns":3.0},{"damage":29,"enemies":"Gremlin Nob","floor":6,"turns":4},{"damage":14,"enemies":"2 Fungi Beasts","floor":11,"turns":3},{"damage":10,"enemies":"Red Slaver","floor":12,"turns":3},{"damage":11,"enemies":"3 Sentries","floor":13,"turns":2}],"seed_played":"-8779264419266488964","potions_obtained":[{"floor":6,"key":"Energy Potion"},{"floor":12,"key":"EssenceOfSteel"}],"is_trial":false,"path_per_floor":["M","M","M","?","$","E","R","?","T","R","M","M","E"],"character_chosen":"DEFECT","items_purchased":["Defragment","Toxic Egg 2"],"campfire_rested":0,"item_purchase_floors":[5,5],"current_hp_per_floor":[60,60,59,59,59,30,30,30,30,30,16,6,0],"gold":184,"neow_bonus":"TWO_FIFTY_GOLD","is_prod":false,"is_daily":false,"chose_seed":false,"campfire_upgraded":2,"win_rate":0,"timestamp":1559220702,"path_taken":["M","M","M","?","$","E","R","?","T","R","M","?","E"],"build_version":"2019-05-28","purchased_purges":0,"victory":false,"max_hp_per_floor":[64,64,64,64,64,64,64,64,64,64,64,64,64],"card_choices":[{"not_picked":["Steam","Cold Snap"],"picked":"Ball Lightning","floor":1.0},{"not_picked":["Streamline","Meteor Strike"],"picked":"Consume","floor":2.0},{"not_picked":["Recycle","Tempest"],"picked":"Go for the Eyes","floor":3.0},{"not_picked":["Go for the Eyes","Rip and Tear","Turbo+1"],"picked":"SKIP","floor":6},{"not_picked":["Compile Driver","Ball Lightning","Skim+1"],"picked":"SKIP","floor":11},{"not_picked":["Barrage","Gash"],"picked":"BootSequence+1","floor":12}],"player_experience":1616315,"relics_obtained":[{"floor":6,"key":"Omamori"},{"floor":9,"key":"Bottled Flame"}],"event_choices":[{"damage_healed":0.0,"max_hp_gain":0.0,"max_hp_loss":0.0,"gold_gain":0.0,"cards_transformed":["Strike_B"],"event_name":"Living Wall","player_choice":"Change","floor":4.0,"gold_loss":0.0,"damage_taken":0.0,"cards_obtained":["Amplify"]},{"damage_healed":0,"gold_gain":0,"player_choice":"Upgraded","damage_taken":0,"max_hp_gain":0,"max_hp_loss":0,"event_name":"Upgrade Shrine","floor":8,"gold_loss":0,"cards_upgraded":["Zap"]}],"is_beta":true,"boss_relics":[],"items_purged_floors":[],"is_endless":false,"potions_floor_spawned":[6,12],"killed_by":"3 Sentries","ascension_level":20}