{"gold_per_floor":[365,365,381,56,56,56,87,87,87,123,123,158,182,207,207,207],"floor_reached":16,"playtime":733,"items_purged":[],"score":189,"play_id":"74644093-f9e6-4fcc-b9fb-83c96d6ad1be","local_time":"20190626171446","is_ascension_mode":true,"campfire_choices":[{"data":"Deadly Poison","floor":6,"key":"SMITH"},{"floor":8,"key":"REST"},{"floor":15,"key":"REST"}],"neow_cost":"PERCENT_DAMAGE","seed_source_timestamp":507089670288699,"circlet_count":0,"master_deck":["AscendersBane","Defend_G","Defend_G","Defend_G","Defend_G","Defend_G","Strike_G","Strike_G","Strike_G","Strike_G","Survivor","Neutralize+1","Flying Knee","Deadly Poison+1","Caltrops","Injury","Noxious Fumes","Cloak And Dagger","Cloak And Dagger","Escape Plan","PiercingWail"],"relics":["Ring of the Snake","Paper Crane","Golden Idol","Anchor","Pantograph","Oddly Smooth Stone","Vajra"],"potions_floor_usage":[8],"damage_taken":[{"damage":0,"enemies":"Small Slimes","floor":1,"turns":3},{"damage":2,"enemies":"2 Louse","floor":3,"turns":4},{"damage":34,"enemies":"3 Sentries","floor":7,"turns":13},{"damage":17,"enemies":"Lagavulin","floor":10,"turns":6},{"damage":18,"enemies":"3 Sentries","floor":12,"turns":8},{"damage":0,"enemies":"Jaw Worm","floor":13,"turns":3},{"damage":0,"enemies":"Exordium Thugs","floor":14,"turns":4},{"damage":53,"enemies":"Slime Boss","floor":16,"turns":9}],"seed_played":"7842171305919002417","potions_obtained":[{"floor":3,"key":"Fruit Juice"},{"floor":10,"key":"FairyPotion"}],"is_trial":false,"path_per_floor":["M","?","M","$","?","R","E","R","T","E","?","E","M","M","R","B"],"character_chosen":"THE_SILENT","items_purchased":["Paper Crane","Caltrops"],"campfire_rested":2,"item_purchase_floors":[4,4],"current_hp_per_floor":[45,38,36,36,36,36,2,29,29,12,12,3,3,3,25,0],"gold":207,"neow_bonus":"TWO_FIFTY_GOLD","is_prod":false,"is_daily":false,"chose_seed":false,"campfire_upgraded":1,"win_rate":0,"timestamp":1561587286,"path_taken":["M","?","M","$","?","R","E","R","T","E","?","E","?","M","R","BOSS"],"build_version":"2019-01-23","purchased_purges":0,"victory":false,"max_hp_per_floor":[70,70,70,70,70,70,70,75,75,75,75,75,75,75,75,75],"card_choices":[{"not_picked":["Flying Knee","Dodge and Roll","Prepared"],"picked":"SKIP","floor":1},{"not_picked":["Dodge and Roll","Prepared"],"picked":"Flying Knee","floor":1},{"not_picked":["Bane","Endless Agony"],"picked":"Deadly Poison","floor":3},{"not_picked":["Flying Knee","Acrobatics"],"picked":"Noxious Fumes","floor":7},{"not_picked":["Bouncing Flask","Deflect"],"picked":"Cloak And Dagger","floor":10},{"not_picked":["Deflect","Calculated Gamble"],"picked":"Cloak And Dagger","floor":12},{"not_picked":["Crippling Poison","Prepared"],"picked":"Escape Plan","floor":13},{"not_picked":["Riddle With Holes","Dagger Throw"],"picked":"PiercingWail","floor":14}],"player_experience":293139,"relics_obtained":[{"floor":7,"key":"Anchor"},{"floor":9,"key":"Pantograph"},{"floor":10,"key":"Oddly Smooth Stone"},{"floor":12,"key":"Vajra"}],"event_choices":[{"cards_removed":["Strike_G"],"damage_healed":0,"gold_gain":0,"player_choice":"Card Removal","damage_taken":7,"max_hp_gain":0,"max_hp_loss":0,"event_name":"Golden Wing","floor":2,"gold_loss":0},{"damage_healed":0,"gold_gain":0,"player_choice":"Take Wound","damage_taken":0,"relics_obtained":["Golden Idol"],"max_hp_gain":0,"max_hp_loss":0,"event_name":"Golden Idol","floor":5,"gold_loss":0,"cards_obtained":["Injury"]},{"damage_healed":0,"gold_gain":0,"player_choice":"Grow","damage_taken":0,"max_hp_gain":0,"max_hp_loss":0,"event_name":"Living Wall","floor":11,"gold_loss":0,"cards_upgraded":["Neutralize"]}],"is_beta":false,"boss_relics":[],"items_purged_floors":[],"is_endless":false,"potions_floor_spawned":[3,10],"killed_by":"Slime Boss","ascension_level":12}