{"gold_per_floor":[115,135,148,161,181,215,215,243,243,243,243,11,34,50,50,173,173,189,189,104,304,0,21,21,21,47,67,100,50,65,85,85,85],"floor_reached":33,"playtime":1914,"items_purged":["Injury","Defend_R"],"score":304,"play_id":"e0beb25a-27ad-4f5e-9cd5-9fd34f4324b3","local_time":"20190328164647","is_ascension_mode":false,"campfire_choices":[{"floor":7,"key":"REST"},{"data":"True Grit","floor":10,"key":"SMITH"},{"floor":15,"key":"REST"},{"data":"True Grit","floor":24,"key":"SMITH"},{"data":"Bite","floor":32,"key":"SMITH"}],"neow_cost":"NONE","seed_source_timestamp":3099830809400,"circlet_count":0,"master_deck":["Defend_R","Defend_R","Bash","Iron Wave","Wild Strike","True Grit+1","True Grit+1","Wild Strike+1","Dark Embrace","Bite+1","Bite+1","Bite","Bite","Bite","Combust+1","Iron Wave","Shrug It Off"],"relics":["Burning Blood","Matryoshka","Shuriken","Vajra","Golden Idol","Juzu Bracelet","Sozu","Frozen Egg 2","Blood Vial","Smiling Mask","Whetstone"],"potions_floor_usage":[6,28,30,33],"damage_taken":[{"damage":6,"enemies":"Cultist","floor":1,"turns":4},{"damage":9,"enemies":"2 Louse","floor":2,"turns":3},{"damage":2,"enemies":"Small Slimes","floor":3,"turns":4},{"damage":5,"enemies":"Looter","floor":4,"turns":3},{"damage":0,"enemies":"Large Slime","floor":5,"turns":4},{"damage":36,"enemies":"Lagavulin","floor":6,"turns":6},{"damage":27,"enemies":"3 Sentries","floor":8,"turns":11},{"damage":11,"enemies":"Lots of Slimes","floor":13,"turns":5},{"damage":0,"enemies":"2 Fungi Beasts","floor":14,"turns":3},{"damage":58,"enemies":"The Guardian","floor":16,"turns":15},{"damage":20,"enemies":"Shell Parasite","floor":18,"turns":8},{"damage":15,"enemies":"2 Thieves","floor":23,"turns":5},{"damage":38,"enemies":"Centurion and Healer","floor":27,"turns":9},{"damage":30,"enemies":"Gremlin Leader","floor":28,"turns":6},{"damage":10,"enemies":"Snecko","floor":30,"turns":4},{"damage":15,"enemies":"3 Cultists","floor":31,"turns":5},{"damage":82,"enemies":"Collector","floor":33,"turns":8}],"seed_played":"2769768498967716073","potions_obtained":[{"floor":1,"key":"Fire Potion"},{"floor":3,"key":"PowerPotion"},{"floor":6,"key":"SkillPotion"},{"floor":13,"key":"Weak Potion"}],"is_trial":false,"path_per_floor":["M","M","M","M","M","E","R","E","T","R","?","$","M","M","R","B",null,"M","?","?","?","?","M","R","?","T","M","E","$","M","M","R","B"],"character_chosen":"IRONCLAD","items_purchased":["Juzu Bracelet"],"campfire_rested":2,"item_purchase_floors":[12],"current_hp_per_floor":[80,77,80,80,80,50,74,53,53,53,53,53,48,54,78,26,80,66,56,56,56,56,56,56,56,56,36,32,32,42,46,46,0],"gold":85,"neow_bonus":"THREE_CARDS","is_prod":false,"is_daily":false,"chose_seed":false,"campfire_upgraded":3,"win_rate":0,"timestamp":1553816807,"path_taken":["M","M","?","M","M","E","R","E","T","R","?","$","M","M","R","BOSS","M","?","?","?","?","M","R","?","T","M","E","$","M","M","R","BOSS"],"build_version":"2019-01-23","purchased_purges":2,"victory":false,"max_hp_per_floor":[80,80,80,80,80,80,80,80,80,80,80,80,80,80,80,80,80,80,56,56,56,56,56,56,56,56,56,56,56,56,56,56,56],"card_choices":[{"not_picked":["Sever Soul","Infernal Blade"],"picked":"Iron Wave","floor":0},{"not_picked":["Battle Trance","Anger","Sentinel"],"picked":"SKIP","floor":1},{"not_picked":["Iron Wave","Flex","Perfected Strike"],"picked":"SKIP","floor":2},{"not_picked":["Dual Wield","Heavy Blade"],"picked":"Wild Strike","floor":3},{"not_picked":["Flame Barrier","Iron Wave","Metallicize"],"picked":"SKIP","floor":4},{"not_picked":["Intimidate","Armaments"],"picked":"True Grit","floor":5},{"not_picked":["Headbutt","Carnage"],"picked":"True Grit","floor":6},{"not_picked":["Flex","Pommel Strike","Battle Trance"],"picked":"SKIP","floor":8},{"not_picked":["Reckless Charge","Rupture"],"picked":"Wild Strike","floor":13},{"not_picked":["Wild Strike","Warcry","Flame Barrier"],"picked":"SKIP","floor":14},{"not_picked":["Reaper","Immolate"],"picked":"Dark Embrace","floor":16},{"not_picked":["Clash","Wild Strike+1","Warcry"],"picked":"SKIP","floor":18},{"not_picked":["Battle Trance+1","Metallicize+1"],"picked":"Combust+1","floor":23},{"not_picked":["Sword Boomerang","Sever Soul"],"picked":"Iron Wave","floor":27},{"not_picked":["Headbutt","Body Slam+1"],"picked":"Shrug It Off","floor":28},{"not_picked":["Clothesline","Perfected Strike","Warcry+1"],"picked":"SKIP","floor":30},{"not_picked":["Warcry","Clash","Power Through+1"],"picked":"SKIP","floor":31}],"player_experience":177112,"relics_obtained":[{"floor":6,"key":"Matryoshka"},{"floor":8,"key":"Shuriken"},{"floor":9,"key":"Vajra"},{"floor":26,"key":"Blood Vial"},{"floor":26,"key":"Smiling Mask"},{"floor":28,"key":"Whetstone"}],"event_choices":[{"damage_healed":0,"gold_gain":0,"player_choice":"Take Wound","damage_taken":0,"relics_obtained":["Golden Idol"],"max_hp_gain":0,"max_hp_loss":0,"event_name":"Golden Idol","floor":11,"gold_loss":0,"cards_obtained":["Injury"]},{"damage_healed":0,"gold_gain":0,"player_choice":"Became a vampire","damage_taken":0,"max_hp_gain":0,"max_hp_loss":24,"event_name":"Vampires","floor":19,"gold_loss":0,"cards_obtained":["Bite","Bite","Bite","Bite","Bite"]},{"damage_healed":0,"gold_gain":0,"player_choice":"Obtained Relic","damage_taken":0,"relics_obtained":["Frozen Egg 2"],"max_hp_gain":0,"max_hp_loss":0,"event_name":"Addict","floor":20,"gold_loss":85},{"damage_healed":0,"gold_gain":250,"player_choice":"Bet on Owner","damage_taken":0,"max_hp_gain":0,"max_hp_loss":0,"event_name":"The Joust","floor":21,"gold_loss":50},{"damage_healed":0,"gold_gain":0,"player_choice":"Paid Fearfully","damage_taken":0,"max_hp_gain":0,"max_hp_loss":0,"event_name":"Masked Bandits","floor":22,"gold_loss":304},{"cards_removed":["Defend_R"],"damage_healed":0,"gold_gain":0,"player_choice":"Offered Basic","damage_taken":0,"max_hp_gain":0,"max_hp_loss":0,"event_name":"Bonfire Elementals","floor":25,"gold_loss":0}],"is_beta":false,"boss_relics":[{"not_picked":["Orrery","Coffee Dripper"],"picked":"Sozu"}],"items_purged_floors":[12,29],"is_endless":false,"potions_floor_spawned":[1,3,6,13,16,27,28,30],"killed_by":"Collector","ascension_level":0}