{"gold_per_floor":[113,127,32,32,45,45,89,89,113,128,128,141,164,122,122,122],"floor_reached":16,"playtime":782,"items_purged":[],"score":192,"play_id":"59e1fbea-4438-4762-a2ce-0d6fdbe19777","local_time":"20190530225947","is_ascension_mode":true,"campfire_choices":[{"data":"Flechettes","floor":6,"key":"SMITH"},{"data":"Neutralize","floor":11,"key":"SMITH"},{"floor":15,"key":"REST"}],"neow_cost":"NONE","seed_source_timestamp":1141366918724683,"circlet_count":0,"master_deck":["AscendersBane","Defend_G","Defend_G","Defend_G","Defend_G","Defend_G","Strike_G","Strike_G","Strike_G","Strike_G","Strike_G","Survivor","Neutralize+1","Flechettes+1","Prepared","Tactician","Calculated Gamble","Parasite","Tools of the Trade"],"relics":["Runic Pyramid","Golden Idol","Snake Skull","Vajra"],"potions_floor_usage":[5,12,13,14],"damage_taken":[{"damage":2,"enemies":"Jaw Worm","floor":1,"turns":4},{"damage":0,"enemies":"Small Slimes","floor":2,"turns":5},{"damage":0,"enemies":"2 Louse","floor":5,"turns":3},{"damage":25,"enemies":"3 Sentries","floor":7,"turns":14},{"damage":1,"enemies":"Red Slaver","floor":10,"turns":5},{"damage":0,"enemies":"3 Louse","floor":12,"turns":3},{"damage":0,"enemies":"Exordium Wildlife","floor":13,"turns":4},{"damage":15,"enemies":"Exordium Thugs","floor":14,"turns":5},{"damage":30,"enemies":"The Guardian","floor":16,"turns":10}],"seed_played":"7206716989140059787","potions_obtained":[{"floor":1,"key":"Swift Potion"},{"floor":7,"key":"Block Potion"},{"floor":10,"key":"AttackPotion"},{"floor":13,"key":"PowerPotion"},{"floor":14,"key":"Poison Potion"}],"is_trial":false,"path_per_floor":["M","M","$","?","M","R","E","?","T","M","R","M","M","M","R","B"],"character_chosen":"THE_SILENT","items_purchased":["Prepared","Tactician"],"campfire_rested":1,"item_purchase_floors":[3,3],"current_hp_per_floor":[57,57,57,34,34,34,9,25,25,24,24,24,24,9,28,0],"gold":122,"neow_bonus":"BOSS_RELIC","is_prod":false,"is_daily":false,"chose_seed":false,"campfire_upgraded":2,"win_rate":0,"timestamp":1559249987,"path_taken":["M","M","$","?","M","R","E","?","T","M","R","M","?","M","R","BOSS"],"build_version":"2019-01-23","purchased_purges":0,"victory":false,"max_hp_per_floor":[66,66,66,66,66,66,66,66,66,66,66,66,66,66,66,66],"card_choices":[{"not_picked":["Cloak And Dagger","Expertise"],"picked":"Flechettes","floor":1},{"not_picked":["Well Laid Plans","Quick Slash","Skewer"],"picked":"SKIP","floor":2},{"not_picked":["Slice","Backflip","Dagger Spray"],"picked":"SKIP","floor":5},{"not_picked":["Finisher","Dagger Throw"],"picked":"Calculated Gamble","floor":7},{"not_picked":["Catalyst","Deadly Poison","Prepared"],"picked":"SKIP","floor":10},{"not_picked":["Flechettes","Noxious Fumes"],"picked":"Tools of the Trade","floor":12},{"not_picked":["Flying Knee","Dagger Spray","Poisoned Stab"],"picked":"SKIP","floor":13},{"not_picked":["Outmaneuver","Flying Knee","Accuracy"],"picked":"SKIP","floor":14}],"player_experience":475066,"relics_obtained":[{"floor":7,"key":"Snake Skull"},{"floor":9,"key":"Vajra"}],"event_choices":[{"damage_healed":0,"gold_gain":0,"player_choice":"Take Damage","damage_taken":23,"relics_obtained":["Golden Idol"],"max_hp_gain":0,"max_hp_loss":0,"event_name":"Golden Idol","floor":4,"gold_loss":0},{"damage_healed":16,"gold_gain":0,"player_choice":"Healed and dodged fight","damage_taken":0,"max_hp_gain":0,"max_hp_loss":0,"event_name":"Mushrooms","floor":8,"gold_loss":0,"cards_obtained":["Parasite"]}],"is_beta":false,"boss_relics":[],"items_purged_floors":[],"is_endless":false,"potions_floor_spawned":[1,7,10,13,14],"killed_by":"The Guardian","ascension_level":17}