{"gold_per_floor":[117,117,136,151,164,199,199,227,306,306,316,336,336,348,348,452,452,470,470,470,482,492,526,555,611,611,611,626,658,658,686,686,786,786,801,817,134,234,244,269,281,322,386,398,410,422,23,35,35,35,35,35,35,65,65],"floor_reached":55,"playtime":2841,"items_purged":["Strike_R"],"score":1207,"play_id":"3c8824a8-9100-4e6c-9055-b3a04948ae2a","local_time":"20190314165841","is_ascension_mode":true,"campfire_choices":[{"data":"Demon Form","floor":7.0,"key":"SMITH"},{"data":"Berserk","floor":10.0,"key":"SMITH"},{"data":"Warcry","floor":13.0,"key":"SMITH"},{"data":"Feed","floor":15.0,"key":"SMITH"},{"floor":27.0,"key":"RECALL"},{"data":"Sword Boomerang","floor":30.0,"key":"SMITH"},{"data":"Sword Boomerang","floor":32.0,"key":"SMITH"},{"data":"Iron Wave","floor":41.0,"key":"SMITH"},{"data":"Bash","floor":44.0,"key":"SMITH"},{"data":"Mayhem","floor":49.0,"key":"SMITH"},{"data":"Heavy Blade","floor":52.0,"key":"SMITH"}],"neow_cost":"NONE","seed_source_timestamp":19869431602945,"circlet_count":0,"master_deck":["Strike_R","Strike_R","Defend_R","Defend_R","Defend_R","Defend_R","Bash+1","Demon Form+1","Twin Strike","Feed+1","Cleave","Iron Wave+1","Ghostly Armor","Warcry+1","Berserk+1","Heavy Blade+1","Armaments+1","Limit Break+1","Warcry+1","Ghostly+1","Ghostly+1","Ghostly+1","Ghostly+1","Ghostly+1","Sword Boomerang+1","Sword Boomerang+1","True Grit+1","Shrug It Off+1","Mayhem+1"],"special_seed":0,"relics":["Burning Blood","Vajra","Du-Vu Doll","Toxic Egg 2","Philosopher\u0027s Stone","MutagenicStrength","Potion Belt","Red Mask","Tiny Chest","Ornamental Fan","Oddly Smooth Stone","Lantern","Busted Crown","ClockworkSouvenir","Happy Flower","Matryoshka","FossilizedHelix","MawBank","Paper Frog","Sundial","Self Forming Clay","Strawberry"],"potions_floor_usage":[55],"damage_taken":[{"damage":9.0,"enemies":"Cultist","floor":1.0,"turns":5.0},{"damage":8.0,"enemies":"Jaw Worm","floor":3.0,"turns":4.0},{"damage":6.0,"enemies":"Small Slimes","floor":4.0,"turns":2.0},{"damage":9.0,"enemies":"Blue Slaver","floor":5.0,"turns":5.0},{"damage":20.0,"enemies":"Lagavulin","floor":6.0,"turns":6.0},{"damage":27.0,"enemies":"Gremlin Nob","floor":8.0,"turns":4.0},{"damage":0.0,"enemies":"Large Slime","floor":11.0,"turns":4.0},{"damage":11.0,"enemies":"Looter","floor":12.0,"turns":2.0},{"damage":2.0,"enemies":"3 Louse","floor":14.0,"turns":2.0},{"damage":29.0,"enemies":"The Guardian","floor":16.0,"turns":8.0},{"damage":26.0,"enemies":"Shell Parasite","floor":18.0,"turns":5.0},{"damage":1.0,"enemies":"Spheric Guardian","floor":21.0,"turns":7.0},{"damage":20.0,"enemies":"3 Cultists","floor":22.0,"turns":6.0},{"damage":13.0,"enemies":"Gremlin Leader","floor":23.0,"turns":8.0},{"damage":4.0,"enemies":"Masked Bandits","floor":24.0,"turns":6.0},{"damage":3.0,"enemies":"Slavers","floor":25.0,"turns":5.0},{"damage":30.0,"enemies":"Chosen and Byrds","floor":28.0,"turns":7.0},{"damage":8.0,"enemies":"Gremlin Leader","floor":29.0,"turns":8.0},{"damage":0.0,"enemies":"Book of Stabbing","floor":31.0,"turns":6.0},{"damage":14.0,"enemies":"Champ","floor":33.0,"turns":7.0},{"damage":27.0,"enemies":"3 Darklings","floor":35.0,"turns":7.0},{"damage":1.0,"enemies":"Orb Walker","floor":36.0,"turns":3.0},{"damage":0.0,"enemies":"Mind Bloom Boss Battle","floor":38.0,"turns":6.0},{"damage":20.0,"enemies":"Sphere and 2 Shapes","floor":39.0,"turns":4.0},{"damage":0.0,"enemies":"Nemesis","floor":40.0,"turns":7.0},{"damage":0.0,"enemies":"Giant Head","floor":42.0,"turns":9.0},{"damage":0.0,"enemies":"3 Darklings","floor":48.0,"turns":5.0},{"damage":0.0,"enemies":"Time Eater","floor":50.0,"turns":6.0},{"damage":22.0,"enemies":"Shield and Spear","floor":54.0,"turns":7.0},{"damage":74,"enemies":"The Heart","floor":55,"turns":5}],"seed_played":"-918759076562407594","potions_obtained":[{"floor":3.0,"key":"Fire Potion"},{"floor":4.0,"key":"Regen Potion"},{"floor":5.0,"key":"Fire Potion"},{"floor":8.0,"key":"Fire Potion"},{"floor":21.0,"key":"Regen Potion"},{"floor":23.0,"key":"Regen Potion"},{"floor":25.0,"key":"SneckoOil"},{"floor":31.0,"key":"Swift Potion"},{"floor":33.0,"key":"Fire Potion"},{"floor":35.0,"key":"Dexterity Potion"},{"floor":38.0,"key":"AttackPotion"},{"floor":42.0,"key":"AttackPotion"}],"is_trial":false,"path_per_floor":["M","?","M","M","M","E","R","E","T","R","M","M","R","M","R","B",null,"M","?","?","M","M","E","?","E","T","R","M","E","R","E","R","B",null,"M","M","$","?","M","E","R","E","T","R","?","?","$","M","R","B",null,"R","$","E","B"],"character_chosen":"IRONCLAD","items_purchased":["ClockworkSouvenir","Happy Flower","Matryoshka","Self Forming Clay","Mayhem"],"campfire_rested":0,"item_purchase_floors":[37,37,37,47,47],"current_hp_per_floor":[69,69,70,73,73,76,76,55,55,55,64,59,59,66,66,47,88,68,68,51,51,41,49,55,62,62,62,42,59,59,65,65,61,72,51,60,60,66,56,62,62,72,72,72,72,72,72,78,78,83,83,83,83,74,0],"gold":65,"neow_bonus":"ONE_RANDOM_RARE_CARD","is_prod":false,"is_daily":false,"chose_seed":false,"campfire_upgraded":10,"win_rate":0,"timestamp":1552579121,"path_taken":["M","?","M","M","M","E","R","E","T","R","M","M","R","?","R","BOSS","M","?","?","M","M","E","?","E","T","R","?","E","R","E","R","BOSS","M","M","$","?","M","E","R","E","T","R","?","?","$","M","R","BOSS","R","$","E","BOSS"],"build_version":"2019-01-23","purchased_purges":1,"victory":false,"max_hp_per_floor":[80,80,83,86,89,92,92,92,92,92,95,95,95,98,98,102,102,102,102,51,51,55,55,59,63,63,63,67,71,71,71,71,75,75,75,79,79,79,83,83,83,87,87,87,83,83,83,83,83,83,83,83,83,90,90],"card_choices":[{"not_picked":["Warcry","Pommel Strike"],"picked":"Twin Strike","floor":1.0},{"not_picked":["Disarm","Rupture"],"picked":"Cleave","floor":3.0},{"not_picked":["Clash","Heavy Blade"],"picked":"Iron Wave","floor":4.0},{"not_picked":["Impervious","Wild Strike"],"picked":"Ghostly Armor","floor":5.0},{"not_picked":["Feel No Pain","Metallicize"],"picked":"Warcry","floor":6.0},{"not_picked":["Uppercut","Corruption"],"picked":"Berserk","floor":8.0},{"not_picked":["Pommel Strike","Thunderclap"],"picked":"Heavy Blade","floor":11.0},{"not_picked":["Iron Wave","Blood for Blood"],"picked":"Armaments+1","floor":12.0},{"not_picked":["Bloodletting+1","Thunderclap","Body Slam"],"picked":"SKIP","floor":14.0},{"not_picked":["Impervious+1","Offering+1"],"picked":"Limit Break+1","floor":16.0},{"not_picked":["Carnage","Shrug It Off+1"],"picked":"Warcry+1","floor":18.0},{"not_picked":["Combust+1","Hemokinesis","Shrug It Off+1"],"picked":"SKIP","floor":21.0},{"not_picked":["Shrug It Off+1","Blood for Blood","Combust"],"picked":"SKIP","floor":22.0},{"not_picked":["Immolate","Searing Blow","Clash"],"picked":"SKIP","floor":23.0},{"not_picked":["Iron Wave+1","Warcry+1"],"picked":"Sword Boomerang","floor":24.0},{"not_picked":["Thunderclap","Blood for Blood+1"],"picked":"Sword Boomerang","floor":25.0},{"not_picked":["Sever Soul+1","Iron Wave","Rage+1"],"picked":"SKIP","floor":28.0},{"not_picked":["Clothesline+1","Shrug It Off+1"],"picked":"True Grit+1","floor":29.0},{"not_picked":["Dropkick","Offering+1","Headbutt"],"picked":"SKIP","floor":31.0},{"not_picked":["Spot Weakness+1"],"picked":"SKIP","floor":35.0},{"not_picked":["Corruption+1"],"picked":"SKIP","floor":36.0},{"not_picked":["Thunderclap+1"],"picked":"SKIP","floor":39.0},{"not_picked":[],"picked":"Shrug It Off+1","floor":40.0},{"not_picked":["Perfected Strike+1"],"picked":"SKIP","floor":42.0},{"not_picked":["Havoc+1"],"picked":"SKIP","floor":48.0},{"not_picked":["Burning Pact+1"],"picked":"SKIP","floor":54.0}],"player_experience":96476,"relics_obtained":[{"floor":6.0,"key":"Vajra"},{"floor":8.0,"key":"Du-Vu Doll"},{"floor":9.0,"key":"Toxic Egg 2"},{"floor":23.0,"key":"Potion Belt"},{"floor":24.0,"key":"Red Mask"},{"floor":25.0,"key":"Tiny Chest"},{"floor":26.0,"key":"Ornamental Fan"},{"floor":29.0,"key":"Oddly Smooth Stone"},{"floor":31.0,"key":"Lantern"},{"floor":38.0,"key":"FossilizedHelix"},{"floor":40.0,"key":"MawBank"},{"floor":42.0,"key":"Paper Frog"},{"floor":43.0,"key":"Sundial"},{"floor":54.0,"key":"Strawberry"}],"event_choices":[{"damage_healed":0.0,"max_hp_gain":0.0,"max_hp_loss":0.0,"gold_gain":0.0,"cards_transformed":["Strike_R"],"event_name":"Transmorgrifier","player_choice":"Transformed","floor":2.0,"gold_loss":0.0,"damage_taken":0.0,"cards_obtained":["Feed"]},{"damage_healed":0.0,"max_hp_gain":0.0,"max_hp_loss":0.0,"gold_gain":0.0,"event_name":"Drug Dealer","player_choice":"Inject Mutagens","floor":19.0,"gold_loss":0.0,"damage_taken":0.0,"relics_obtained":["MutagenicStrength"]},{"damage_healed":0.0,"max_hp_gain":0.0,"max_hp_loss":51.0,"gold_gain":0.0,"event_name":"Ghosts","player_choice":"Became a Ghost","floor":20.0,"gold_loss":0.0,"damage_taken":0.0,"cards_obtained":["Ghostly","Ghostly","Ghostly","Ghostly","Ghostly"]},{"damage_healed":0.0,"max_hp_gain":0.0,"max_hp_loss":0.0,"gold_gain":0.0,"event_name":"Masked Bandits","player_choice":"Fought Bandits","floor":24.0,"gold_loss":0.0,"damage_taken":0.0},{"damage_healed":0.0,"max_hp_gain":0.0,"max_hp_loss":0.0,"gold_gain":0.0,"event_name":"MindBloom","player_choice":"Fight","floor":38.0,"gold_loss":0.0,"damage_taken":0.0},{"damage_healed":0.0,"max_hp_gain":0.0,"max_hp_loss":4.0,"gold_gain":0.0,"event_name":"Winding Halls","player_choice":"Max HP","floor":45.0,"gold_loss":0.0,"damage_taken":0.0},{"cards_removed":["Strike_R"],"damage_healed":0.0,"max_hp_gain":0.0,"max_hp_loss":0.0,"gold_gain":0.0,"event_name":"Falling","player_choice":"Removed Attack","floor":46.0,"gold_loss":0.0,"damage_taken":0.0}],"is_beta":false,"boss_relics":[{"not_picked":["Mark of Pain","Astrolabe"],"picked":"Philosopher\u0027s Stone"},{"not_picked":["Runic Cube","Snecko Eye"],"picked":"Busted Crown"}],"items_purged_floors":[37],"is_endless":false,"potions_floor_spawned":[3,4,5,8,21,23,25,31,33,35,38,42],"killed_by":"The Heart","ascension_level":6}