{"gold_per_floor":[111,111,131,131,131,158,158,184,196,238,266,278,300,338,350,435,447,475,499,511,533,545,583,595,641,653,696,623,647,694,274,274,347,347,363,363,363,363,373,401,401,426,453,479,492,823,157,157,157,157,157,157,157,157,186,186],"floor_reached":57,"playtime":3613,"items_purged":[],"score":3144,"play_id":"9e81d8e1-f1d7-463b-a268-23b1cfcede65","local_time":"20190621183909","daily_mods":["SealedDeck","Elite Swarm"],"is_ascension_mode":true,"campfire_choices":[{"data":"Spot Weakness","floor":7.0,"key":"SMITH"},{"data":"Feed","floor":12.0,"key":"SMITH"},{"data":"Limit Break","floor":15.0,"key":"SMITH"},{"data":"Seeing Red","floor":24.0,"key":"SMITH"},{"data":"Exhume","floor":32.0,"key":"SMITH"},{"data":"Dark Shackles","floor":41.0,"key":"SMITH"},{"floor":49.0,"key":"RECALL"},{"data":"Impervious","floor":53.0,"key":"SMITH"}],"neow_cost":"","seed_source_timestamp":0,"circlet_count":0,"master_deck":["AscendersBane","Shrug It Off","Clothesline+1","Shrug It Off+1","Thunderclap","Thunderclap","Shrug It Off","Spot Weakness+1","Twin Strike","Seeing Red+1","Battle Trance+1","Cleave","Reaper","Feed+1","Reaper","Limit Break+1","Impervious","Pummel+1","Exhume+1","Dark Shackles+1","Limit Break","Shrug It Off","Madness","Madness","Impervious+1","Impervious","Heavy Blade+1"],"special_seed":0,"relics":["Burning Blood","Question Card","Thread and Needle","MawBank","Sundial","Red Skull","Art of War","Black Star","Pantograph","Juzu Bracelet","Pen Nib","Gremlin Horn","FossilizedHelix","Calipers","Torii","Peace Pipe","Dream Catcher","Bottled Lightning","Happy Flower","PreservedInsect","Sozu","Regal Pillow","Molten Egg 2","Ancient Tea Set","Orichalcum","Blood Vial","Bag of Marbles","Meat on the Bone","Old Coin","Mango","Incense Burner","Nunchaku","Bottled Flame"],"potions_floor_usage":[],"damage_taken":[{"damage":0.0,"enemies":"2 Louse","floor":1.0,"turns":3.0},{"damage":0.0,"enemies":"Cultist","floor":3.0,"turns":3.0},{"damage":10.0,"enemies":"Lagavulin","floor":6.0,"turns":9.0},{"damage":20.0,"enemies":"Gremlin Nob","floor":8.0,"turns":4.0},{"damage":5.0,"enemies":"3 Sentries","floor":10.0,"turns":5.0},{"damage":4.0,"enemies":"Small Slimes","floor":11.0,"turns":2.0},{"damage":1.0,"enemies":"2 Fungi Beasts","floor":13.0,"turns":3.0},{"damage":2.0,"enemies":"Gremlin Nob","floor":14.0,"turns":3.0},{"damage":24.0,"enemies":"The Guardian","floor":16.0,"turns":10.0},{"damage":46.0,"enemies":"Chosen","floor":18.0,"turns":8.0},{"damage":18.0,"enemies":"2 Thieves","floor":19.0,"turns":3.0},{"damage":20.0,"enemies":"Snake Plant","floor":21.0,"turns":6.0},{"damage":5.0,"enemies":"Gremlin Leader","floor":23.0,"turns":9.0},{"damage":41.0,"enemies":"Slavers","floor":25.0,"turns":5.0},{"damage":18.0,"enemies":"Gremlin Leader","floor":27.0,"turns":2.0},{"damage":4.0,"enemies":"Snecko","floor":29.0,"turns":6.0},{"damage":24.0,"enemies":"Slavers","floor":30.0,"turns":5.0},{"damage":6.0,"enemies":"Automaton","floor":33.0,"turns":7.0},{"damage":15.0,"enemies":"Orb Walker","floor":35.0,"turns":5.0},{"damage":17.0,"enemies":"3 Shapes","floor":39.0,"turns":3.0},{"damage":0.0,"enemies":"Reptomancer","floor":40.0,"turns":1.0},{"damage":1.0,"enemies":"Nemesis","floor":42.0,"turns":5.0},{"damage":25.0,"enemies":"Giant Head","floor":44.0,"turns":6.0},{"damage":5.0,"enemies":"Maw","floor":45.0,"turns":9.0},{"damage":81.0,"enemies":"Nemesis","floor":46.0,"turns":13.0},{"damage":37.0,"enemies":"Time Eater","floor":50.0,"turns":9.0},{"damage":23.0,"enemies":"Awakened One","floor":51.0,"turns":9.0},{"damage":56.0,"enemies":"Shield and Spear","floor":55.0,"turns":11.0},{"damage":215,"enemies":"The Heart","floor":56,"turns":14}],"seed_played":"-5650258887132289323","potions_obtained":[{"floor":1.0,"key":"Explosive Potion"},{"floor":5.0,"key":"FairyPotion"},{"floor":8.0,"key":"Weak Potion"},{"floor":11.0,"key":"Dexterity Potion"},{"floor":21.0,"key":"SkillPotion"},{"floor":33.0,"key":"FearPotion"}],"is_trial":true,"path_per_floor":["M","?","M","?","?","E","R","E","T","E","M","R","M","E","R","B",null,"M","M","?","M","?","E","R","E","T","E","?","M","E","$","R","B",null,"M","?","?","?","M","E","R","E","T","E","M","E","$","?","R","B","B",null,"R","$","E","B",null],"character_chosen":"IRONCLAD","items_purchased":["Happy Flower","PreservedInsect","Dark Shackles","Mango","Incense Burner"],"campfire_rested":0,"item_purchase_floors":[31,31,31,47,47],"current_hp_per_floor":[74,56,62,39,39,35,35,29,29,33,55,55,67,77,77,89,89,52,80,80,84,84,97,97,90,90,78,78,105,109,109,109,113,113,108,87,87,87,80,86,86,115,115,106,129,66,80,153,153,153,161,161,161,161,117,44],"gold":186,"neow_bonus":"","is_prod":false,"is_daily":false,"chose_seed":false,"campfire_upgraded":7,"win_rate":0,"timestamp":1561135149,"path_taken":["M","?","M","?","?","E","R","E","T","E","M","R","?","E","R","BOSS","M","M","?","M","?","E","R","E","T","E","?","M","E","$","R","BOSS","M","?","?","?","M","E","R","E","T","E","M","E","?","?","R","BOSS","BOSS","R","$","E","BOSS"],"build_version":"2019-01-23","purchased_purges":0,"victory":true,"max_hp_per_floor":[75,75,75,75,75,75,75,75,75,78,81,81,85,85,85,89,89,89,93,93,93,93,97,97,101,101,101,101,105,109,109,109,113,113,117,117,117,117,121,121,121,125,125,125,129,129,143,153,153,153,161,161,161,161,161,161],"card_choices":[{"not_picked":["Rampage","Warcry","Perfected Strike"],"picked":"SKIP","floor":1.0},{"not_picked":["Evolve","Havoc","Burning Pact"],"picked":"Cleave","floor":3.0},{"not_picked":["Impervious","Fiend Fire","Exhume"],"picked":"Reaper","floor":6.0},{"not_picked":["Double Tap","Reaper","Berserk"],"picked":"Feed","floor":8.0},{"not_picked":["Brutality","Offering","Demon Form"],"picked":"Reaper","floor":10.0},{"not_picked":["Evolve","Perfected Strike","True Grit","Warcry"],"picked":"SKIP","floor":11.0},{"not_picked":["Cleave","Wild Strike","Reckless Charge","Armaments"],"picked":"SKIP","floor":13.0},{"not_picked":["Offering","Feed","Reaper"],"picked":"Limit Break","floor":14.0},{"not_picked":["Berserk","Dark Embrace","Limit Break"],"picked":"Impervious","floor":16.0},{"not_picked":["Body Slam","Rupture","Pommel Strike","Havoc"],"picked":"SKIP","floor":18.0},{"not_picked":["Wild Strike","Warcry","Pommel Strike","Feel No Pain"],"picked":"SKIP","floor":19.0},{"not_picked":["Blood for Blood","True Grit","Carnage"],"picked":"Pummel+1","floor":21.0},{"not_picked":["Bludgeon","Demon Form","Fiend Fire","Reaper"],"picked":"SKIP","floor":23.0},{"not_picked":["Immolate","Demon Form","Double Tap","Fiend Fire"],"picked":"SKIP","floor":25.0},{"not_picked":["Immolate","Fiend Fire","Feed","Brutality"],"picked":"SKIP","floor":27.0},{"not_picked":["Immolate","Fiend Fire","Feed"],"picked":"Brutality","floor":27.0},{"not_picked":["Heavy Blade","Pommel Strike","True Grit","Twin Strike"],"picked":"SKIP","floor":29.0},{"not_picked":["Berserk","Immolate","Barricade"],"picked":"Exhume","floor":30.0},{"not_picked":["Barricade","Demon Form","Brutality"],"picked":"Limit Break","floor":33.0},{"not_picked":["Sentinel+1","Power Through","Pommel Strike"],"picked":"Shrug It Off","floor":35.0},{"not_picked":["Warcry+1","Seeing Red+1","Body Slam+1","Headbutt"],"picked":"SKIP","floor":39.0},{"not_picked":["Berserk","Juggernaut","Demon Form","Dark Embrace"],"picked":"SKIP","floor":40.0},{"not_picked":["Bludgeon+1","Double Tap","Feed+1"],"picked":"Impervious","floor":42.0},{"not_picked":["Impervious","Exhume","Reaper+1","Double Tap"],"picked":"SKIP","floor":44.0},{"not_picked":["Havoc","Wild Strike+1","True Grit"],"picked":"Heavy Blade+1","floor":45.0},{"not_picked":["Berserk","Impervious","Immolate+1","Fiend Fire+1"],"picked":"SKIP","floor":46.0},{"not_picked":["Double Tap","Berserk","Fiend Fire+1","Barricade"],"picked":"SKIP","floor":55.0}],"player_experience":638262,"relics_obtained":[{"floor":6.0,"key":"Thread and Needle"},{"floor":8.0,"key":"MawBank"},{"floor":9.0,"key":"Sundial"},{"floor":10.0,"key":"Red Skull"},{"floor":14.0,"key":"Art of War"},{"floor":23.0,"key":"Pantograph"},{"floor":23.0,"key":"Juzu Bracelet"},{"floor":25.0,"key":"Pen Nib"},{"floor":25.0,"key":"Gremlin Horn"},{"floor":26.0,"key":"FossilizedHelix"},{"floor":27.0,"key":"Calipers"},{"floor":27.0,"key":"Torii"},{"floor":30.0,"key":"Dream Catcher"},{"floor":30.0,"key":"Bottled Lightning"},{"floor":40.0,"key":"Regal Pillow"},{"floor":40.0,"key":"Molten Egg 2"},{"floor":42.0,"key":"Ancient Tea Set"},{"floor":42.0,"key":"Orichalcum"},{"floor":44.0,"key":"Blood Vial"},{"floor":44.0,"key":"Bag of Marbles"},{"floor":46.0,"key":"Meat on the Bone"},{"floor":46.0,"key":"Old Coin"},{"floor":55.0,"key":"Nunchaku"},{"floor":55.0,"key":"Bottled Flame"}],"event_choices":[{"damage_healed":0.0,"max_hp_gain":0.0,"max_hp_loss":0.0,"gold_gain":0.0,"event_name":"Scrap Ooze","player_choice":"Success","floor":2.0,"gold_loss":0.0,"damage_taken":18.0,"relics_obtained":["Question Card"]},{"damage_healed":0.0,"max_hp_gain":0.0,"max_hp_loss":0.0,"gold_gain":0.0,"event_name":"Shining Light","player_choice":"Entered Light","floor":4.0,"gold_loss":0.0,"damage_taken":23.0,"cards_upgraded":["Clothesline","Shrug It Off"]},{"damage_healed":0.0,"max_hp_gain":0.0,"max_hp_loss":0.0,"gold_gain":0.0,"event_name":"Lab","player_choice":"Got Potions","floor":5.0,"gold_loss":0.0,"damage_taken":0.0},{"damage_healed":0.0,"max_hp_gain":0.0,"max_hp_loss":0.0,"gold_gain":0.0,"event_name":"Ghosts","player_choice":"Ignored","floor":20.0,"gold_loss":0.0,"damage_taken":0.0},{"damage_healed":0.0,"max_hp_gain":0.0,"max_hp_loss":0.0,"gold_gain":0.0,"event_name":"The Mausoleum","player_choice":"Ignored","floor":22.0,"gold_loss":0.0,"damage_taken":0.0},{"damage_healed":0.0,"max_hp_gain":0.0,"max_hp_loss":0.0,"gold_gain":0.0,"event_name":"Addict","player_choice":"Obtained Relic","floor":28.0,"gold_loss":85.0,"damage_taken":0.0,"relics_obtained":["Peace Pipe"]},{"damage_healed":0.0,"max_hp_gain":0.0,"max_hp_loss":0.0,"gold_gain":0.0,"event_name":"Winding Halls","player_choice":"Embrace Madness","floor":36.0,"gold_loss":0.0,"damage_taken":21.0,"cards_obtained":["Madness","Madness"]},{"damage_healed":0.0,"max_hp_gain":0.0,"max_hp_loss":0.0,"gold_gain":0.0,"event_name":"Duplicator","player_choice":"Copied","floor":37.0,"gold_loss":0.0,"damage_taken":0.0,"cards_obtained":["Impervious"]},{"damage_healed":0.0,"max_hp_gain":0.0,"max_hp_loss":0.0,"gold_gain":0.0,"event_name":"Upgrade Shrine","player_choice":"Upgraded","floor":38.0,"gold_loss":0.0,"damage_taken":0.0,"cards_upgraded":["Battle Trance"]},{"cards_removed":["Brutality"],"damage_healed":63.0,"max_hp_gain":10.0,"max_hp_loss":0.0,"gold_gain":0.0,"event_name":"Bonfire Elementals","player_choice":"Offered Rare","floor":48.0,"gold_loss":0.0,"damage_taken":0.0}],"is_beta":false,"boss_relics":[{"not_picked":["Eternal Feather","Calling Bell"],"picked":"Black Star"},{"not_picked":["Velvet Choker","Empty Cage"],"picked":"Sozu"}],"items_purged_floors":[],"is_endless":false,"potions_floor_spawned":[1,8,11,19,21,33,35,42,45,46],"ascension_level":20}