{"gold_per_floor":[110,122,141,141,152,152,152,181,181,211,5,23,23,23,23,121,121,133,232,332,349,359,359,388,348,395,395,420,431,431,3,3,99,99,117,0,14,25,25,25],"floor_reached":40,"playtime":1145,"items_purged":["Strike_B"],"score":456,"play_id":"d3dcfbf3-320e-426d-ac34-6e59b0df29db","local_time":"20190602052350","is_ascension_mode":true,"campfire_choices":[{"data":"Static Discharge","floor":6.0,"key":"SMITH"},{"data":"Go for the Eyes","floor":13.0,"key":"SMITH"},{"data":"Darkness","floor":15.0,"key":"SMITH"},{"data":"Dualcast","floor":23.0,"key":"SMITH"},{"floor":27,"key":"REST"},{"data":"Hologram","floor":30,"key":"SMITH"},{"data":"Hologram","floor":32,"key":"SMITH"}],"neow_cost":"NONE","seed_source_timestamp":7842235834319,"circlet_count":0,"master_deck":["Strike_B","Strike_B","Strike_B","Defend_B","Defend_B","Defend_B","Zap+1","Dualcast+1","Self Repair","Glacier","Static Discharge+1","Compile Driver+1","Sweeping Beam","Go for the Eyes+1","Capacitor","Sweeping Beam","Darkness+1","All For One","Capacitor","FTL+1","Sweeping Beam","Hologram+1","Gash","Hologram+1","All For One","Machine Learning","Hologram+1","Conserve Battery+1"],"special_seed":0,"relics":["Cracked Core","Dodecahedron","Mummified Hand","Matryoshka","Shuriken","Philosopher\u0027s Stone","The Courier","Blood Vial","Dream Catcher","Incense Burner","DollysMirror","Sozu","Omamori"],"potions_floor_usage":[28,28,40],"damage_taken":[{"damage":1.0,"enemies":"Jaw Worm","floor":1.0,"turns":3.0},{"damage":0.0,"enemies":"Small Slimes","floor":2.0,"turns":2.0},{"damage":0.0,"enemies":"Cultist","floor":3.0,"turns":4.0},{"damage":8.0,"enemies":"Blue Slaver","floor":5.0,"turns":4.0},{"damage":16.0,"enemies":"3 Sentries","floor":8.0,"turns":6.0},{"damage":28.0,"enemies":"Gremlin Nob","floor":10.0,"turns":4.0},{"damage":0.0,"enemies":"Large Slime","floor":12.0,"turns":4.0},{"damage":6.0,"enemies":"The Guardian","floor":16.0,"turns":12.0},{"damage":21.0,"enemies":"3 Byrds","floor":18.0,"turns":2.0},{"damage":19.0,"enemies":"Spheric Guardian","floor":21.0,"turns":4.0},{"damage":18.0,"enemies":"Cultist and Chosen","floor":22.0,"turns":4.0},{"damage":42.0,"enemies":"Gremlin Leader","floor":24.0,"turns":5.0},{"damage":9,"enemies":"Book of Stabbing","floor":28,"turns":3},{"damage":6,"enemies":"Shelled Parasite and Fungi","floor":29,"turns":5},{"damage":42,"enemies":"Automaton","floor":33,"turns":6},{"damage":8,"enemies":"3 Shapes","floor":35,"turns":6},{"damage":21,"enemies":"3 Darklings","floor":37,"turns":4},{"damage":36,"enemies":"Jaw Worm Horde","floor":38,"turns":3},{"damage":61,"enemies":"Reptomancer","floor":40,"turns":2}],"seed_played":"5182054573816209327","potions_obtained":[{"floor":2.0,"key":"Swift Potion"},{"floor":8.0,"key":"LiquidBronze"},{"floor":10.0,"key":"Regen Potion"},{"floor":12.0,"key":"Explosive Potion"},{"floor":25.0,"key":"Poison Potion"},{"floor":25.0,"key":"Dexterity Potion"},{"floor":25.0,"key":"Poison Potion"},{"floor":28,"key":"Swift Potion"},{"floor":29,"key":"Energy Potion"}],"is_trial":false,"path_per_floor":["M","M","M","?","M","R","?","E","T","E","$","M","R","?","R","B",null,"M","?","?","M","M","R","E","?","T","R","E","M","R","$","R","B",null,"M","$","M","M","?","E"],"character_chosen":"DEFECT","items_purchased":["Capacitor","Sweeping Beam","Hologram","Incense Burner","DollysMirror","Omamori"],"campfire_rested":1,"item_purchase_floors":[11,11,31,31,31,36],"current_hp_per_floor":[74,75,75,72,71,71,71,62,62,41,41,48,48,53,53,54,80,59,59,59,47,50,50,15,15,15,39,39,42,42,42,42,9,80,79,79,66,39,39,0],"gold":25,"neow_bonus":"UPGRADE_CARD","is_prod":false,"is_daily":false,"chose_seed":false,"campfire_upgraded":6,"win_rate":0,"timestamp":1559445830,"path_taken":["M","M","M","?","M","R","?","E","T","E","$","?","R","?","R","BOSS","M","?","?","?","M","R","E","?","T","R","E","?","R","?","R","BOSS","M","$","M","M","?","E"],"build_version":"2019-05-31","purchased_purges":1,"victory":false,"max_hp_per_floor":[75,75,75,75,75,75,75,75,75,75,75,75,75,80,80,80,80,80,80,80,80,80,80,80,80,80,80,80,80,80,80,80,80,80,80,80,80,80,80,80],"card_choices":[{"not_picked":["Conserve Battery","Leap"],"picked":"Self Repair","floor":1.0},{"not_picked":["Sweeping Beam","Gash"],"picked":"Glacier","floor":2.0},{"not_picked":["Thunder Strike","Chill"],"picked":"Static Discharge","floor":3.0},{"not_picked":["Streamline","Conserve Battery"],"picked":"Compile Driver","floor":5.0},{"not_picked":["Hologram","Steam Power"],"picked":"Sweeping Beam","floor":8.0},{"not_picked":["Scrape","Melter"],"picked":"Go for the Eyes","floor":10.0},{"not_picked":["Aggregate","Gash"],"picked":"Darkness","floor":12.0},{"not_picked":["Multi-Cast","Thunder Strike"],"picked":"All For One","floor":16.0},{"not_picked":["Ball Lightning","Redo+1"],"picked":"Capacitor","floor":18.0},{"not_picked":["Genetic Algorithm","Sunder+1"],"picked":"FTL+1","floor":21.0},{"not_picked":["Stack","White Noise"],"picked":"Sweeping Beam","floor":22.0},{"not_picked":["Streamline","Gash"],"picked":"Hologram","floor":24.0},{"not_picked":["Ball Lightning+1","Blizzard","Gash"],"picked":"SKIP","floor":28},{"not_picked":["Ball Lightning+1","Blizzard"],"picked":"Gash","floor":28},{"not_picked":["Sweeping Beam","Stack","Reboot"],"picked":"SKIP","floor":29},{"not_picked":["Fission","Amplify"],"picked":"Machine Learning","floor":33},{"not_picked":["Heatsinks","Sweeping Beam","Barrage"],"picked":"SKIP","floor":35},{"not_picked":["Conserve Battery","Leap"],"picked":"Hologram+1","floor":37},{"not_picked":["Static Discharge","Capacitor+1"],"picked":"Conserve Battery+1","floor":38}],"player_experience":1655296,"relics_obtained":[{"floor":8.0,"key":"Mummified Hand"},{"floor":9.0,"key":"Matryoshka"},{"floor":10.0,"key":"Shuriken"},{"floor":24.0,"key":"The Courier"},{"floor":26,"key":"Blood Vial"},{"floor":28,"key":"Dream Catcher"}],"event_choices":[{"damage_healed":0.0,"max_hp_gain":0.0,"max_hp_loss":0.0,"gold_gain":0.0,"event_name":"Scrap Ooze","player_choice":"Success","floor":4.0,"gold_loss":0.0,"damage_taken":3.0,"relics_obtained":["Dodecahedron"]},{"damage_healed":0.0,"max_hp_gain":0.0,"max_hp_loss":0.0,"gold_gain":0.0,"event_name":"Upgrade Shrine","player_choice":"Upgraded","floor":7.0,"gold_loss":0.0,"damage_taken":0.0,"cards_upgraded":["Compile Driver"]},{"damage_healed":0.0,"max_hp_gain":5.0,"max_hp_loss":0.0,"gold_gain":0.0,"event_name":"Big Fish","player_choice":"Donut","floor":14.0,"gold_loss":0.0,"damage_taken":0.0},{"damage_healed":0.0,"max_hp_gain":0.0,"max_hp_loss":0.0,"gold_gain":99.0,"event_name":"Nest","player_choice":"Stole From Cult","floor":19.0,"gold_loss":0.0,"damage_taken":0.0},{"damage_healed":0.0,"max_hp_gain":0.0,"max_hp_loss":0.0,"gold_gain":100.0,"event_name":"Golden Shrine","player_choice":"Pray","floor":20.0,"gold_loss":0.0,"damage_taken":0.0},{"damage_healed":0.0,"max_hp_gain":0.0,"max_hp_loss":0.0,"gold_gain":0.0,"event_name":"The Woman in Blue","player_choice":"Bought 3 Potions","floor":25.0,"gold_loss":0.0,"damage_taken":0.0},{"cards_removed":["Defend_B"],"damage_healed":0,"gold_gain":0,"player_choice":"Removed Skill","damage_taken":0,"max_hp_gain":0,"max_hp_loss":0,"event_name":"Falling","floor":39,"gold_loss":0}],"is_beta":true,"boss_relics":[{"not_picked":["Pandora\u0027s Box","Inserter"],"picked":"Philosopher\u0027s Stone"},{"not_picked":["Tiny House","White Beast Statue"],"picked":"Sozu"}],"items_purged_floors":[11],"is_endless":false,"potions_floor_spawned":[2,8,10,12,28,29,33,35,37],"killed_by":"Reptomancer","ascension_level":1}