{"gold_per_floor":[113,113,263,41,41,41,67,67,67,67,83,110,43,77,77,151,151,164,190,190,202,58,58,92,17,17,48,48,76,91,105,105,176,176,196,196,206,220,32,32,32,32,32,32,32,44,44,44,44,44],"floor_reached":51,"playtime":3194,"items_purged":["Doubt","Strike_G"],"score":1302,"play_id":"148c6f2d-3ee2-45fd-aafb-b0b8e5a9f972","local_time":"20190629225650","is_ascension_mode":true,"campfire_choices":[{"data":"Footwork","floor":6,"key":"SMITH"},{"floor":8,"key":"REST"},{"data":"Dash","floor":10,"key":"SMITH"},{"data":"Footwork","floor":15,"key":"SMITH"},{"data":"Noxious Fumes","floor":23,"key":"SMITH"},{"data":"Dodge and Roll","floor":28,"key":"SMITH"},{"floor":32,"key":"REST"},{"data":"Dodge and Roll","floor":40,"key":"SMITH"},{"data":"PiercingWail","floor":42,"key":"SMITH"},{"data":"Backflip","floor":49,"key":"SMITH"}],"neow_cost":"TEN_PERCENT_HP_LOSS","seed_source_timestamp":1722106018700,"circlet_count":0,"master_deck":["AscendersBane","Defend_G","Defend_G","Defend_G","Defend_G","Defend_G","Survivor","Neutralize+1","Dagger Spray+1","Footwork+1","Dash+1","Sucker Punch","Poisoned Stab","Footwork+1","Adrenaline","Corpse Explosion","Dodge and Roll+1","Noxious Fumes+1","Choke","PiercingWail+1","PiercingWail+1","Backflip+1","Envenom","Backflip"],"relics":["Ring of the Snake","WingedGreaves","The Courier","Whetstone","Boot","Meat on the Bone","Bag of Preparation","Lantern","Snecko Eye","Red Mask","Omamori","Mango","Dead Branch","Coffee Dripper","Toy Ornithopter","Pantograph","Juzu Bracelet"],"potions_floor_usage":[16,50,50],"damage_taken":[{"damage":3,"enemies":"2 Louse","floor":1,"turns":3},{"damage":41,"enemies":"Gremlin Nob","floor":7,"turns":7},{"damage":0,"enemies":"Jaw Worm","floor":11,"turns":4},{"damage":14,"enemies":"3 Sentries","floor":12,"turns":7},{"damage":2,"enemies":"Gremlin Nob","floor":14,"turns":4},{"damage":11,"enemies":"Slime Boss","floor":16,"turns":12},{"damage":0,"enemies":"Chosen","floor":18,"turns":4},{"damage":23,"enemies":"Masked Bandits","floor":19,"turns":5},{"damage":14,"enemies":"Spheric Guardian","floor":21,"turns":8},{"damage":1,"enemies":"Gremlin Leader","floor":24,"turns":6},{"damage":32,"enemies":"Book of Stabbing","floor":27,"turns":8},{"damage":4,"enemies":"Gremlin Leader","floor":29,"turns":7},{"damage":1,"enemies":"Snecko","floor":30,"turns":4},{"damage":0,"enemies":"Chosen and Byrds","floor":31,"turns":3},{"damage":14,"enemies":"Automaton","floor":33,"turns":10},{"damage":5,"enemies":"3 Darklings","floor":35,"turns":3},{"damage":0,"enemies":"Orb Walker","floor":37,"turns":5},{"damage":9,"enemies":"4 Shapes","floor":38,"turns":4},{"damage":6,"enemies":"3 Darklings","floor":46,"turns":3},{"damage":3,"enemies":"Time Eater","floor":50,"turns":17}],"seed_played":"8946991039939005775","potions_obtained":[{"floor":1,"key":"SpeedPotion"},{"floor":12,"key":"Weak Potion"},{"floor":14,"key":"Fire Potion"},{"floor":18,"key":"Energy Potion"},{"floor":21,"key":"Weak Potion"}],"is_trial":false,"path_per_floor":["M","?","?","$","?","R","E","R","T","R","M","E","$","E","R","B",null,"M","?","?","M","$","R","E","?","T","E","R","E","M","M","R","B",null,"M","?","M","M","$","R","?","R","T","?","?","M","?","?","R","B",null],"character_chosen":"THE_SILENT","items_purchased":["Footwork","Whetstone","Footwork","GhostInAJar","Toy Ornithopter","Backflip"],"campfire_rested":2,"item_purchase_floors":[4,4,13,22,39,39],"current_hp_per_floor":[56,45,45,45,45,45,4,22,22,22,34,32,32,42,42,31,53,53,42,42,40,40,40,39,39,53,33,33,41,40,40,62,48,68,63,52,52,43,43,43,58,58,58,58,58,52,52,52,52,71],"gold":44,"neow_bonus":"ONE_RARE_RELIC","is_prod":false,"is_daily":false,"chose_seed":false,"campfire_upgraded":8,"win_rate":0,"timestamp":1561863410,"path_taken":["M","?","?","$","?","R","E","R","T","R","M","E","?","E","R","BOSS","M","?","?","M","$","R","E","?","T","E","R","E","M","M","R","BOSS","M","?","?","M","$","R","?","R","T","?","?","M","?","?","R","BOSS"],"build_version":"2019-01-23","purchased_purges":2,"victory":true,"max_hp_per_floor":[60,60,60,60,60,60,60,60,60,60,60,60,60,60,60,60,60,60,60,60,60,60,60,60,60,74,74,74,74,74,74,74,74,74,74,74,74,74,74,74,74,74,74,74,74,74,74,74,74,74],"card_choices":[{"not_picked":["Leg Sweep","Deadly Poison"],"picked":"Dagger Spray","floor":1},{"not_picked":["Prepared","Tactician"],"picked":"Dash","floor":7},{"not_picked":["Deflect","Prepared"],"picked":"Sucker Punch","floor":11},{"not_picked":["Slice","Expertise"],"picked":"Poisoned Stab","floor":12},{"not_picked":["Dagger Spray","Flying Knee"],"picked":"Adrenaline","floor":14},{"not_picked":["Doppelganger","Grand Finale"],"picked":"Corpse Explosion","floor":16},{"not_picked":["Sucker Punch","Flechettes"],"picked":"Dodge and Roll","floor":18},{"not_picked":["Flechettes","Flying Knee"],"picked":"Noxious Fumes","floor":19},{"not_picked":["Dagger Throw","Expertise+1"],"picked":"PiercingWail","floor":21},{"not_picked":["Dagger Throw","Skewer+1","Slice"],"picked":"SKIP","floor":24},{"not_picked":["Tools of the Trade","Deadly Poison","Deflect"],"picked":"SKIP","floor":27},{"not_picked":["Backflip","Masterful Stab"],"picked":"PiercingWail","floor":29},{"not_picked":["Underhanded Strike","Dagger Spray","Reflex"],"picked":"SKIP","floor":30},{"not_picked":["Outmaneuver","Quick Slash"],"picked":"Backflip","floor":31},{"not_picked":["Doppelganger","Glass Knife"],"picked":"Envenom","floor":33},{"not_picked":["Deflect","Concentrate","Quick Slash+1"],"picked":"SKIP","floor":35},{"not_picked":["Caltrops","Outmaneuver+1"],"picked":"Dodge and Roll","floor":37},{"not_picked":["Dagger Spray+1","Sucker Punch","Prepared+1"],"picked":"SKIP","floor":38},{"not_picked":["Quick Slash","Underhanded Strike","Escape Plan"],"picked":"SKIP","floor":46}],"player_experience":962354,"relics_obtained":[{"floor":7,"key":"Boot"},{"floor":9,"key":"Meat on the Bone"},{"floor":12,"key":"Bag of Preparation"},{"floor":14,"key":"Lantern"},{"floor":19,"key":"Red Mask"},{"floor":24,"key":"Omamori"},{"floor":26,"key":"Mango"},{"floor":29,"key":"Dead Branch"},{"floor":43,"key":"Pantograph"}],"event_choices":[{"damage_healed":0,"gold_gain":0,"player_choice":"Success","damage_taken":11,"relics_obtained":["The Courier"],"max_hp_gain":0,"max_hp_loss":0,"event_name":"Scrap Ooze","floor":2,"gold_loss":0},{"damage_healed":0,"gold_gain":150,"player_choice":"AGREE","damage_taken":0,"max_hp_gain":0,"max_hp_loss":0,"event_name":"Liars Game","floor":3,"gold_loss":0,"cards_obtained":["Doubt"]},{"cards_removed":["Strike_G"],"damage_healed":0,"gold_gain":0,"player_choice":"Forget","damage_taken":0,"max_hp_gain":0,"max_hp_loss":0,"event_name":"Living Wall","floor":5,"gold_loss":0},{"damage_healed":0,"gold_gain":0,"player_choice":"Fought Bandits","damage_taken":0,"max_hp_gain":0,"max_hp_loss":0,"event_name":"Masked Bandits","floor":19,"gold_loss":0},{"damage_healed":0,"gold_gain":0,"player_choice":"Read","damage_taken":0,"max_hp_gain":0,"max_hp_loss":0,"event_name":"The Library","floor":20,"gold_loss":0,"cards_obtained":["Choke"]},{"cards_removed":["Strike_G"],"damage_healed":0,"gold_gain":0,"player_choice":"Gave Gold","damage_taken":0,"max_hp_gain":0,"max_hp_loss":0,"event_name":"Beggar","floor":25,"gold_loss":75},{"damage_healed":0,"gold_gain":0,"player_choice":"Damaged","damage_taken":11,"max_hp_gain":0,"max_hp_loss":0,"event_name":"Wheel of Change","floor":36,"gold_loss":0},{"damage_healed":15,"gold_gain":0,"player_choice":"Writhe","damage_taken":0,"max_hp_gain":0,"max_hp_loss":0,"event_name":"Winding Halls","floor":41,"gold_loss":0,"cards_obtained":["Writhe"]},{"cards_removed":["Dodge and Roll"],"damage_healed":0,"gold_gain":0,"player_choice":"Gave Card","damage_taken":0,"relics_obtained":["Juzu Bracelet"],"max_hp_gain":0,"max_hp_loss":0,"event_name":"WeMeetAgain","floor":44,"gold_loss":0},{"cards_removed":["Strike_G"],"damage_healed":0,"gold_gain":0,"player_choice":"Removed Attack","damage_taken":0,"max_hp_gain":0,"max_hp_loss":0,"event_name":"Falling","floor":45,"gold_loss":0},{"damage_healed":0,"gold_gain":0,"player_choice":"Forge","damage_taken":0,"max_hp_gain":0,"max_hp_loss":0,"event_name":"Accursed Blacksmith","floor":47,"gold_loss":0,"cards_upgraded":["PiercingWail"]},{"cards_removed":["Strike_G"],"damage_healed":0,"gold_gain":0,"player_choice":"Purged","damage_taken":0,"max_hp_gain":0,"max_hp_loss":0,"event_name":"Purifier","floor":48,"gold_loss":0}],"is_beta":false,"boss_relics":[{"not_picked":["Orrery","Sozu"],"picked":"Snecko Eye"},{"not_picked":["Pandora\u0027s Box","Lizard Tail"],"picked":"Coffee Dripper"}],"items_purged_floors":[4,22],"is_endless":false,"potions_floor_spawned":[1,12,14,18,21,27,31,33,35],"ascension_level":17}