{"gold_per_floor":[214,21,31,47,67,97,109,139,203,228,260,347,359,387,399,411],"floor_reached":16,"playtime":1023,"items_purged":[],"score":133,"play_id":"95738262-a8b1-42f1-aebb-2ffc02d075e4","local_time":"20190515174346","is_ascension_mode":true,"campfire_choices":[{"floor":7,"key":"REST"},{"floor":15,"key":"REST"}],"neow_cost":"NONE","seed_source_timestamp":1005591221047300,"circlet_count":0,"master_deck":["Defend_G","Defend_G","Defend_G","Defend_G","Defend_G","Strike_G","Strike_G","Strike_G","Strike_G","Strike_G","Survivor","Neutralize","Dash","Well Laid Plans","Madness","Sucker Punch","Rebound","Choke","Dagger Spray","Injury"],"relics":["Ring of the Snake","PrismaticShard","MawBank","Snake Skull","Golden Idol"],"potions_floor_usage":[16,16],"damage_taken":[{"damage":3,"enemies":"Cultist","floor":1,"turns":6},{"damage":2,"enemies":"Jaw Worm","floor":3,"turns":4},{"damage":1,"enemies":"Small Slimes","floor":4,"turns":5},{"damage":1,"enemies":"Blue Slaver","floor":5,"turns":4},{"damage":35,"enemies":"Lagavulin","floor":6,"turns":11},{"damage":11,"enemies":"Large Slime","floor":8,"turns":7},{"damage":2,"enemies":"Exordium Wildlife","floor":10,"turns":2},{"damage":6,"enemies":"Exordium Thugs","floor":11,"turns":6},{"damage":4,"enemies":"Lots of Slimes","floor":14,"turns":3},{"damage":50,"enemies":"Slime Boss","floor":16,"turns":10}],"seed_played":"-644095937943807496","potions_obtained":[{"floor":1,"key":"SpeedPotion"},{"floor":5,"key":"Swift Potion"},{"floor":10,"key":"SpeedPotion"}],"is_trial":false,"path_per_floor":["M","$","M","M","M","E","R","M","T","M","M","?","?","M","R","B"],"character_chosen":"THE_SILENT","items_purchased":["PrismaticShard"],"campfire_rested":2,"item_purchase_floors":[2],"current_hp_per_floor":[67,67,65,64,63,28,49,38,38,36,30,19,19,15,36,0],"gold":411,"neow_bonus":"HUNDRED_GOLD","is_prod":false,"is_daily":false,"chose_seed":false,"campfire_upgraded":0,"win_rate":0,"timestamp":1557967426,"path_taken":["M","$","?","M","M","E","R","M","T","?","M","?","?","M","R","BOSS"],"build_version":"2019-01-23","purchased_purges":0,"victory":false,"max_hp_per_floor":[70,70,70,70,70,70,70,70,70,70,70,70,70,70,70,70],"card_choices":[{"not_picked":["Slice","Distraction"],"picked":"Dash","floor":1},{"not_picked":["Flying Knee","Deflect"],"picked":"Well Laid Plans","floor":3},{"not_picked":["Static Discharge","Acrobatics"],"picked":"Madness","floor":4},{"not_picked":["Flying Knee","Redo"],"picked":"Sucker Punch","floor":5},{"not_picked":["Magnetism","Skim"],"picked":"Rebound","floor":6},{"not_picked":["Outmaneuver","Underhanded Strike"],"picked":"Choke","floor":8},{"not_picked":["Iron Wave","Underhanded Strike","Armaments"],"picked":"SKIP","floor":10},{"not_picked":["Pommel Strike","Underhanded Strike"],"picked":"Dagger Spray","floor":11},{"not_picked":["Quick Slash","Dagger Spray","Clash"],"picked":"SKIP","floor":14}],"player_experience":311505,"relics_obtained":[{"floor":6,"key":"MawBank"},{"floor":9,"key":"Snake Skull"}],"event_choices":[{"damage_healed":0,"gold_gain":75,"player_choice":"Gather Gold","damage_taken":11,"max_hp_gain":0,"max_hp_loss":0,"event_name":"World of Goop","floor":12,"gold_loss":0},{"damage_healed":0,"gold_gain":0,"player_choice":"Take Wound","damage_taken":0,"relics_obtained":["Golden Idol"],"max_hp_gain":0,"max_hp_loss":0,"event_name":"Golden Idol","floor":13,"gold_loss":0,"cards_obtained":["Injury"]}],"is_beta":false,"boss_relics":[],"items_purged_floors":[],"is_endless":false,"potions_floor_spawned":[1,5,10,14],"killed_by":"Slime Boss","ascension_level":5}