{"gold_per_floor":[110,110,120,120,135,165,165,192,240,297,315,341,341,352,352,429,429,449,466,55,69,69,69,69,69,93,106,106],"floor_reached":28,"playtime":926,"items_purged":["Strike_B"],"score":501,"play_id":"8e082db2-a9ba-4cf6-aeda-c045dc3a7780","local_time":"20190518182303","is_ascension_mode":true,"campfire_choices":[{"data":"Coolheaded","floor":7.0,"key":"SMITH"},{"data":"Coolheaded","floor":13.0,"key":"SMITH"},{"data":"Coolheaded","floor":15.0,"key":"SMITH"},{"data":"Double Energy","floor":23.0,"key":"SMITH"},{"data":"Recycle","floor":25.0,"key":"SMITH"}],"neow_cost":"NONE","seed_source_timestamp":9723885940702,"circlet_count":0,"master_deck":["AscendersBane","Strike_B","Strike_B","Strike_B","Defend_B","Defend_B+1","Defend_B","Defend_B+1","Zap","Dualcast","Streamline+1","Self Repair","Coolheaded+1","Leap","Coolheaded+1","Coolheaded+1","Stack","Biased Cognition","Ball Lightning","Reinforced Body","Double Energy+1","Recycle+1","Coolheaded"],"special_seed":0,"relics":["Cracked Core","NeowsBlessing","Darkstone Periapt","War Paint","Lantern","DataDisk","Sundial","Runic Pyramid","Bag of Preparation","Omamori","Bag of Marbles","Strawberry"],"potions_floor_usage":[28,28],"damage_taken":[{"damage":0.0,"enemies":"Small Slimes","floor":1.0,"turns":1.0},{"damage":0.0,"enemies":"Cultist","floor":3.0,"turns":1.0},{"damage":0.0,"enemies":"2 Louse","floor":5.0,"turns":1.0},{"damage":13.0,"enemies":"Lagavulin","floor":6.0,"turns":6.0},{"damage":28.0,"enemies":"Gremlin Nob","floor":8.0,"turns":4.0},{"damage":39.0,"enemies":"Gremlin Nob","floor":10.0,"turns":4.0},{"damage":3.0,"enemies":"Looter","floor":11.0,"turns":4.0},{"damage":2.0,"enemies":"3 Sentries","floor":12.0,"turns":9.0},{"damage":6.0,"enemies":"2 Fungi Beasts","floor":14.0,"turns":5.0},{"damage":24.0,"enemies":"The Guardian","floor":16.0,"turns":16.0},{"damage":2.0,"enemies":"Chosen","floor":18.0,"turns":7.0},{"damage":1.0,"enemies":"Spheric Guardian","floor":19.0,"turns":4.0},{"damage":6.0,"enemies":"Chosen and Byrds","floor":21.0,"turns":7.0},{"damage":8.0,"enemies":"Snecko","floor":27.0,"turns":7.0},{"damage":74,"enemies":"Slavers","floor":28,"turns":9}],"seed_played":"-4646063611069622447","potions_obtained":[{"floor":4.0,"key":"EssenceOfSteel"},{"floor":4.0,"key":"Block Potion"},{"floor":6.0,"key":"Fire Potion"},{"floor":10.0,"key":"Regen Potion"},{"floor":11.0,"key":"Fire Potion"},{"floor":12.0,"key":"EssenceOfSteel"},{"floor":19.0,"key":"GamblersBrew"},{"floor":21.0,"key":"Block Potion"},{"floor":27.0,"key":"PowerPotion"}],"is_trial":false,"path_per_floor":["M","?","M","?","M","E","R","E","T","?","M","E","R","M","R","B",null,"M","M","$","M","?","R","?","R","T","M","E"],"character_chosen":"DEFECT","items_purchased":["Bag of Preparation","Omamori"],"campfire_rested":0,"item_purchase_floors":[20,20],"current_hp_per_floor":[64,64,64,64,71,65,65,44,44,12,28,33,33,34,34,17,58,63,62,62,63,63,63,63,63,70,69,0],"gold":106,"neow_bonus":"THREE_ENEMY_KILL","is_prod":false,"is_daily":false,"chose_seed":false,"campfire_upgraded":5,"win_rate":0,"timestamp":1558196583,"path_taken":["M","?","M","?","?","E","R","E","T","?","M","E","R","M","R","BOSS","M","M","$","M","?","R","?","R","T","M","E"],"build_version":"2019-05-07","purchased_purges":1,"victory":false,"max_hp_per_floor":[71,71,71,71,71,71,71,71,71,71,71,71,71,71,71,71,71,71,71,71,71,71,71,71,71,78,78,78],"card_choices":[{"not_picked":["Redo","Beam Cell"],"picked":"Streamline","floor":1.0},{"not_picked":["Lockon","Cold Snap"],"picked":"Self Repair","floor":3.0},{"not_picked":["Redo","BootSequence"],"picked":"Coolheaded","floor":5.0},{"not_picked":["Reprogram","Redo"],"picked":"Leap","floor":6.0},{"not_picked":["Hello World","Rip and Tear","FTL"],"picked":"SKIP","floor":8.0},{"not_picked":["Streamline","Scrape"],"picked":"Coolheaded","floor":10.0},{"not_picked":["Barrage","Compile Driver"],"picked":"Coolheaded","floor":11.0},{"not_picked":["Thunder Strike","Streamline","Rebound"],"picked":"SKIP","floor":12.0},{"not_picked":["Leap","Double Energy"],"picked":"Stack","floor":14.0},{"not_picked":["Rainbow","Thunder Strike"],"picked":"Biased Cognition","floor":16.0},{"not_picked":["Leap","Storm"],"picked":"Ball Lightning","floor":18.0},{"not_picked":["Hologram","Barrage"],"picked":"Reinforced Body","floor":19.0},{"not_picked":["Doom and Gloom","Turbo"],"picked":"Double Energy","floor":21.0},{"not_picked":["Leap","Heatsinks"],"picked":"Coolheaded","floor":27.0}],"player_experience":1557121,"relics_obtained":[{"floor":6.0,"key":"Darkstone Periapt"},{"floor":8.0,"key":"War Paint"},{"floor":9.0,"key":"Lantern"},{"floor":10.0,"key":"DataDisk"},{"floor":12.0,"key":"Sundial"},{"floor":26.0,"key":"Strawberry"}],"event_choices":[{"damage_healed":0.0,"max_hp_gain":0.0,"max_hp_loss":0.0,"gold_gain":0.0,"event_name":"Living Wall","player_choice":"Grow","floor":2.0,"gold_loss":0.0,"damage_taken":0.0,"cards_upgraded":["Streamline"]},{"damage_healed":0.0,"max_hp_gain":0.0,"max_hp_loss":0.0,"gold_gain":0.0,"event_name":"Lab","player_choice":"Got Potions","floor":4.0,"gold_loss":0.0,"damage_taken":0.0},{"damage_healed":0.0,"max_hp_gain":0.0,"max_hp_loss":0.0,"gold_gain":0.0,"event_name":"Dead Adventurer","player_choice":"Searched \u00271\u0027 times","floor":10.0,"gold_loss":0.0,"damage_taken":0.0},{"damage_healed":0.0,"max_hp_gain":0.0,"max_hp_loss":0.0,"gold_gain":0.0,"event_name":"Addict","player_choice":"Stole Relic","floor":22.0,"gold_loss":0.0,"damage_taken":0.0,"relics_obtained":["Bag of Marbles"],"cards_obtained":["Shame"]},{"damage_healed":0.0,"max_hp_gain":0.0,"max_hp_loss":0.0,"gold_gain":0.0,"event_name":"The Library","player_choice":"Read","floor":24.0,"gold_loss":0.0,"damage_taken":0.0,"cards_obtained":["Recycle"]}],"is_beta":true,"boss_relics":[{"not_picked":["Lizard Tail","Orrery"],"picked":"Runic Pyramid"}],"items_purged_floors":[20],"is_endless":false,"potions_floor_spawned":[6,10,11,12,19,21,27],"killed_by":"Slavers","ascension_level":20}