{"gold_per_floor":[115,131,149,5,5,33,50,79,79,95,95,95,123,135,135,212,212,223,233,233,233,233],"floor_reached":22,"playtime":920,"items_purged":[],"score":404,"play_id":"87671ba3-750f-462a-89a8-7b24e6699c2a","local_time":"20190522032732","is_ascension_mode":true,"campfire_choices":[{"floor":12,"key":"REST"},{"data":"Coolheaded","floor":15,"key":"SMITH"}],"neow_cost":"NONE","seed_source_timestamp":5331902136508,"circlet_count":0,"master_deck":["AscendersBane","Zap","Dualcast","Recycle","Genetic Algorithm","White Noise","Force Field","Double Energy","Multi-Cast","Genetic Algorithm","Lockon+1","Glacier","Sunder+1","Self Repair","Compile Driver","Sweeping Beam","Coolheaded+1","Cold Snap","Creative AI","Turbo","BootSequence"],"special_seed":0,"relics":["Pandora\u0027s Box","Whetstone","Juzu Bracelet","Boot","Mercury Hourglass","Unceasing Top","Busted Crown"],"potions_floor_usage":[13],"damage_taken":[{"damage":14.0,"enemies":"2 Louse","floor":1.0,"turns":2.0},{"damage":4.0,"enemies":"Small Slimes","floor":2.0,"turns":5.0},{"damage":0.0,"enemies":"Cultist","floor":3.0,"turns":3.0},{"damage":5.0,"enemies":"Lagavulin","floor":6.0,"turns":7.0},{"damage":17.0,"enemies":"Exordium Thugs","floor":7.0,"turns":5.0},{"damage":37.0,"enemies":"Gremlin Nob","floor":8.0,"turns":6.0},{"damage":2,"enemies":"Looter","floor":10,"turns":4},{"damage":0,"enemies":"3 Sentries","floor":13,"turns":5},{"damage":15,"enemies":"Gremlin Gang","floor":14,"turns":5},{"damage":6,"enemies":"The Guardian","floor":16,"turns":14},{"damage":17,"enemies":"2 Thieves","floor":18,"turns":3},{"damage":3,"enemies":"Shell Parasite","floor":19,"turns":9},{"damage":30,"enemies":"Snake Plant","floor":22,"turns":2}],"seed_played":"-4374889479104610720","potions_obtained":[{"floor":3.0,"key":"Strength Potion"},{"floor":6.0,"key":"FocusPotion"},{"floor":8.0,"key":"Strength Potion"},{"floor":13,"key":"Weak Potion"}],"is_trial":false,"path_per_floor":["M","M","M","$","?","E","M","E","T","M","?","R","E","M","R","B",null,"M","M","?","?","M"],"character_chosen":"DEFECT","items_purchased":["Whetstone"],"campfire_rested":1,"item_purchase_floors":[4],"current_hp_per_floor":[50,46,46,46,46,48,38,8,8,6,6,27,34,26,26,27,60,43,47,27,27,0],"gold":233,"neow_bonus":"BOSS_RELIC","is_prod":false,"is_daily":false,"chose_seed":false,"campfire_upgraded":1,"win_rate":0,"timestamp":1558488452,"path_taken":["M","M","M","$","?","E","M","E","T","M","?","R","E","M","R","BOSS","M","M","?","?","M"],"build_version":"2019-05-07","purchased_purges":0,"victory":false,"max_hp_per_floor":[71,71,71,71,71,71,71,71,71,71,71,71,71,71,71,71,71,71,71,76,76,76],"card_choices":[{"not_picked":["Steam","Redo"],"picked":"Glacier","floor":1.0},{"not_picked":["Steam Power","Steam"],"picked":"Sunder","floor":2.0},{"not_picked":["Static Discharge","Redo"],"picked":"Self Repair","floor":3.0},{"not_picked":["Steam","Stack"],"picked":"Compile Driver","floor":6.0},{"not_picked":["Go for the Eyes","Turbo"],"picked":"Sweeping Beam","floor":7.0},{"not_picked":["Hologram","Barrage","Melter"],"picked":"SKIP","floor":8.0},{"not_picked":["Go for the Eyes","Barrage"],"picked":"Coolheaded","floor":10},{"not_picked":["Stack","Hello World"],"picked":"Cold Snap","floor":13},{"not_picked":["Amplify","Streamline","Go for the Eyes"],"picked":"SKIP","floor":14},{"not_picked":["All For One","Core Surge"],"picked":"Creative AI","floor":16},{"not_picked":[],"picked":"Turbo","floor":18},{"not_picked":["Lockon"],"picked":"SKIP","floor":19}],"player_experience":1581953,"relics_obtained":[{"floor":6.0,"key":"Juzu Bracelet"},{"floor":8.0,"key":"Boot"},{"floor":9.0,"key":"Mercury Hourglass"},{"floor":13,"key":"Unceasing Top"}],"event_choices":[{"damage_healed":0.0,"max_hp_gain":0.0,"max_hp_loss":0.0,"gold_gain":0.0,"event_name":"The Cleric","player_choice":"Leave","floor":5.0,"gold_loss":0.0,"damage_taken":0.0},{"damage_healed":0,"gold_gain":0,"player_choice":"Ignored","damage_taken":0,"max_hp_gain":0,"max_hp_loss":0,"event_name":"Shining Light","floor":11,"gold_loss":0},{"damage_healed":0,"gold_gain":0,"player_choice":"Shed Blood","damage_taken":25,"max_hp_gain":5,"max_hp_loss":0,"event_name":"Forgotten Altar","floor":20,"gold_loss":0},{"damage_healed":0,"gold_gain":0,"player_choice":"Read","damage_taken":0,"max_hp_gain":0,"max_hp_loss":0,"event_name":"The Library","floor":21,"gold_loss":0,"cards_obtained":["BootSequence"]}],"is_beta":true,"boss_relics":[{"not_picked":["Cursed Key","Fusion Hammer"],"picked":"Busted Crown"}],"items_purged_floors":[],"is_endless":false,"potions_floor_spawned":[3,6,7,8,13],"killed_by":"Snake Plant","ascension_level":15}