{"gold_per_floor":[116,130,29,29,29,61,74,74,74,109,109,109,132,34,34,162,162,180,180,80,80,96,139,69,69,94,109,130,148,148,148,148,148],"floor_reached":33,"playtime":1741,"items_purged":["Defend_G","Injury"],"score":427,"play_id":"8f274cf0-af09-409b-b7f3-69d76295928a","local_time":"20190617153903","is_ascension_mode":true,"campfire_choices":[{"data":"Corpse Explosion","floor":8,"key":"SMITH"},{"floor":11,"key":"REST"},{"data":"Footwork","floor":15,"key":"SMITH"},{"floor":30,"key":"REST"},{"data":"Blade Dance","floor":32,"key":"SMITH"}],"neow_cost":"NONE","seed_source_timestamp":254608308215100,"circlet_count":0,"master_deck":["Defend_G","Defend_G","Defend_G","Defend_G","Survivor","Neutralize","Dodge and Roll+1","Footwork+1","Dagger Spray","Corpse Explosion+1","Blade Dance+1","Infinite Blades","Bane","After Image","Backflip","Bouncing Flask","Eviscerate","Leg Sweep","Bite","Bite","Bite","Bite","Bite"],"relics":["Ring of the Snake","NeowsBlessing","Kunai","Singing Bowl","Bronze Scales","Golden Idol","Snecko Eye","Enchiridion","Bag of Preparation","Anchor"],"potions_floor_usage":[16,18,19,29,33],"damage_taken":[{"damage":0,"enemies":"Small Slimes","floor":1,"turns":1},{"damage":0,"enemies":"2 Louse","floor":2,"turns":1},{"damage":0,"enemies":"Lagavulin","floor":6,"turns":2},{"damage":2,"enemies":"Jaw Worm","floor":7,"turns":6},{"damage":19,"enemies":"3 Sentries","floor":10,"turns":4},{"damage":4,"enemies":"Large Slime","floor":13,"turns":8},{"damage":30,"enemies":"The Guardian","floor":16,"turns":9},{"damage":0,"enemies":"3 Byrds","floor":18,"turns":2},{"damage":0,"enemies":"Colosseum Slavers","floor":19,"turns":4},{"damage":0,"enemies":"2 Thieves","floor":22,"turns":3},{"damage":17,"enemies":"Book of Stabbing","floor":23,"turns":7},{"damage":0,"enemies":"Chosen and Byrds","floor":27,"turns":4},{"damage":1,"enemies":"Centurion and Healer","floor":28,"turns":4},{"damage":12,"enemies":"Sentry and Sphere","floor":29,"turns":5},{"damage":54,"enemies":"Collector","floor":33,"turns":7}],"seed_played":"-4620173516352364499","potions_obtained":[{"floor":6,"key":"AttackPotion"},{"floor":7,"key":"GhostInAJar"},{"floor":13,"key":"Strength Potion"},{"floor":16,"key":"Block Potion"},{"floor":22,"key":"LiquidBronze"}],"is_trial":false,"path_per_floor":["M","M","$","?","?","E","M","R","T","E","R","?","M","$","R","B",null,"M","?","$","?","M","E","$","?","T","M","M","M","R","?","R","B"],"character_chosen":"THE_SILENT","items_purchased":["Dagger Spray","Infinite Blades","Bane","Bouncing Flask"],"campfire_rested":2,"item_purchase_floors":[3,14,14,24],"current_hp_per_floor":[63,63,63,56,42,42,40,40,40,23,44,44,40,40,40,10,57,57,57,57,41,43,28,28,28,28,30,31,19,43,43,43,0],"gold":148,"neow_bonus":"THREE_ENEMY_KILL","is_prod":false,"is_daily":false,"chose_seed":false,"campfire_upgraded":3,"win_rate":0,"timestamp":1560811143,"path_taken":["M","M","$","?","?","E","M","R","T","E","R","?","M","$","R","BOSS","M","?","$","?","M","E","$","?","T","M","M","M","R","?","R","BOSS"],"build_version":"2019-01-23","purchased_purges":2,"victory":false,"max_hp_per_floor":[70,70,70,70,70,70,70,70,70,72,72,72,72,72,72,72,72,72,72,72,72,74,76,76,76,76,78,80,80,80,56,56,56],"card_choices":[{"not_picked":["Blade Dance","PiercingWail"],"picked":"Dodge and Roll","floor":1},{"not_picked":["Reflex","Dodge and Roll"],"picked":"Footwork","floor":2},{"not_picked":["Catalyst","Distraction"],"picked":"Corpse Explosion","floor":6},{"not_picked":["Masterful Stab","Predator","Deadly Poison"],"picked":"SKIP","floor":7},{"not_picked":["Bouncing Flask","Dagger Spray","Distraction"],"picked":"Singing Bowl","floor":10},{"not_picked":["Calculated Gamble","Bane"],"picked":"Blade Dance","floor":13},{"not_picked":["Unload","Malaise"],"picked":"After Image","floor":16},{"not_picked":["Deflect+1","Underhanded Strike"],"picked":"Backflip","floor":18},{"not_picked":["Flying Knee+1","Quick Slash","Deflect"],"picked":"Singing Bowl","floor":22},{"not_picked":["Blur","Reflex","Dagger Spray+1"],"picked":"Singing Bowl","floor":23},{"not_picked":["Deflect","Blade Dance","Dagger Throw+1"],"picked":"Singing Bowl","floor":27},{"not_picked":["Backstab+1","Slice","Acrobatics"],"picked":"Singing Bowl","floor":28},{"not_picked":["Infinite Blades","Dagger Throw"],"picked":"Leg Sweep","floor":29}],"player_experience":360654,"relics_obtained":[{"floor":6,"key":"Kunai"},{"floor":9,"key":"Singing Bowl"},{"floor":10,"key":"Bronze Scales"},{"floor":21,"key":"Enchiridion"},{"floor":23,"key":"Bag of Preparation"},{"floor":26,"key":"Anchor"}],"event_choices":[{"cards_removed":["Strike_G"],"damage_healed":0,"gold_gain":0,"player_choice":"Card Removal","damage_taken":7,"max_hp_gain":0,"max_hp_loss":0,"event_name":"Golden Wing","floor":4,"gold_loss":0},{"damage_healed":0,"gold_gain":0,"player_choice":"Entered Light","damage_taken":14,"max_hp_gain":0,"max_hp_loss":0,"event_name":"Shining Light","floor":5,"gold_loss":0,"cards_upgraded":["Dodge and Roll","Strike_G"]},{"damage_healed":0,"gold_gain":0,"player_choice":"Take Wound","damage_taken":0,"relics_obtained":["Golden Idol"],"max_hp_gain":0,"max_hp_loss":0,"event_name":"Golden Idol","floor":12,"gold_loss":0,"cards_obtained":["Injury"]},{"damage_healed":0,"gold_gain":0,"player_choice":"Fight","damage_taken":0,"max_hp_gain":0,"max_hp_loss":0,"event_name":"Colosseum","floor":19,"gold_loss":0},{"damage_healed":0,"gold_gain":0,"player_choice":"Fled From Nobs","damage_taken":0,"max_hp_gain":0,"max_hp_loss":0,"event_name":"Colosseum","floor":19,"gold_loss":0},{"damage_healed":0,"gold_gain":0,"player_choice":"Obtained Book","damage_taken":16,"max_hp_gain":0,"max_hp_loss":0,"event_name":"Cursed Tome","floor":21,"gold_loss":0},{"damage_healed":0,"gold_gain":0,"player_choice":"Read","damage_taken":0,"max_hp_gain":0,"max_hp_loss":0,"event_name":"The Library","floor":25,"gold_loss":0,"cards_obtained":["Eviscerate"]},{"damage_healed":0,"gold_gain":0,"player_choice":"Became a vampire","damage_taken":0,"max_hp_gain":0,"max_hp_loss":24,"event_name":"Vampires","floor":31,"gold_loss":0,"cards_obtained":["Bite","Bite","Bite","Bite","Bite"]}],"is_beta":false,"boss_relics":[{"not_picked":["HoveringKite","WristBlade"],"picked":"Snecko Eye"}],"items_purged_floors":[3,20],"is_endless":false,"potions_floor_spawned":[6,7,13,16,22],"killed_by":"Collector","ascension_level":7}