{"gold_per_floor":[211,222,238,238,17,17,17,17,17,17,30,30,49,67,67,139,139,156,167,51,63,83,83,101,101,170,30,30,30,30],"floor_reached":30,"playtime":878,"items_purged":["Glacier"],"score":377,"play_id":"7eef235e-a516-4f4c-b8db-9ead9d0b7ae7","local_time":"20190526125551","is_ascension_mode":true,"campfire_choices":[{"data":"Beam Cell","floor":6.0,"key":"SMITH"},{"data":"Strike_B","floor":10.0,"key":"PURGE"},{"data":"Zap","floor":12.0,"key":"SMITH"},{"data":"Dualcast","floor":15,"key":"SMITH"},{"floor":23,"key":"REST"},{"data":"Streamline","floor":25,"key":"PURGE"},{"data":"Hologram","floor":28,"key":"SMITH"}],"neow_cost":"NONE","seed_source_timestamp":759370957643811,"circlet_count":0,"master_deck":["AscendersBane","Strike_B+1","Defend_B","Defend_B","Defend_B","Zap+1","Dualcast+1","Beam Cell+1","Streamline","Gash","Core Surge","Conserve Battery","FTL","All For One","Hologram+1","Steam"],"special_seed":0,"relics":["Cracked Core","Whetstone","The Courier","Peace Pipe","Empty Cage","Pantograph","Dodecahedron"],"potions_floor_usage":[14,16,22],"damage_taken":[{"damage":0.0,"enemies":"Cultist","floor":1.0,"turns":4.0},{"damage":7.0,"enemies":"Jaw Worm","floor":2.0,"turns":3.0},{"damage":1.0,"enemies":"2 Louse","floor":3.0,"turns":2.0},{"damage":1.0,"enemies":"Looter","floor":11.0,"turns":4.0},{"damage":3,"enemies":"Exordium Thugs","floor":13,"turns":4},{"damage":8,"enemies":"Blue Slaver","floor":14,"turns":2},{"damage":18,"enemies":"The Guardian","floor":16,"turns":10},{"damage":27,"enemies":"3 Byrds","floor":18,"turns":4},{"damage":7,"enemies":"Chosen","floor":19,"turns":5},{"damage":10,"enemies":"Centurion and Healer","floor":21,"turns":7},{"damage":0,"enemies":"Cultist and Chosen","floor":22,"turns":3},{"damage":12,"enemies":"Shelled Parasite and Fungi","floor":24,"turns":5},{"damage":25,"enemies":"Snake Plant","floor":30,"turns":2}],"seed_played":"635567856980542023","potions_obtained":[{"floor":11.0,"key":"GamblersBrew"},{"floor":13,"key":"SteroidPotion"},{"floor":16,"key":"SteroidPotion"},{"floor":21,"key":"PowerPotion"}],"is_trial":false,"path_per_floor":["M","M","M","?","$","R","?","T","T","R","M","R","M","M","R","B",null,"M","M","$","M","M","R","M","R","T","$","R","T","M"],"character_chosen":"DEFECT","items_purchased":["Glacier","Whetstone","All For One","Hologram","Steam"],"campfire_rested":1,"item_purchase_floors":[5,5,20,27,27],"current_hp_per_floor":[64,57,56,56,56,56,56,56,56,56,55,55,52,44,44,26,60,33,26,26,16,16,37,25,25,25,25,25,25,0],"gold":30,"neow_bonus":"HUNDRED_GOLD","is_prod":false,"is_daily":false,"chose_seed":false,"campfire_upgraded":4,"win_rate":0,"timestamp":1558868151,"path_taken":["M","?","M","?","?","R","?","?","T","R","M","R","M","M","R","BOSS","M","M","$","?","M","R","?","R","T","$","R","?","M"],"build_version":"2019-01-23","purchased_purges":1,"victory":false,"max_hp_per_floor":[71,71,71,71,71,71,71,71,71,71,71,71,71,71,71,71,71,71,71,71,71,71,71,71,71,71,71,71,71,71],"card_choices":[{"not_picked":["Cold Snap","Steam"],"picked":"Streamline","floor":1.0},{"not_picked":["Fusion","Steam"],"picked":"Beam Cell","floor":2.0},{"not_picked":["Coolheaded","Storm"],"picked":"Streamline","floor":3.0},{"not_picked":["Undo","Stack"],"picked":"Gash","floor":11.0},{"not_picked":["Stack","Streamline","Doom and Gloom"],"picked":"SKIP","floor":13},{"not_picked":["Compile Driver","Fusion","Sunder"],"picked":"SKIP","floor":14},{"not_picked":["Meteor Strike","Rainbow"],"picked":"Core Surge","floor":16},{"not_picked":["Redo","Leap"],"picked":"Conserve Battery","floor":18},{"not_picked":["Reprogram","Stack+1"],"picked":"FTL","floor":19},{"not_picked":["Storm","Stack","Steam Power"],"picked":"SKIP","floor":21},{"not_picked":["Beam Cell","Rip and Tear","Doom and Gloom"],"picked":"SKIP","floor":22},{"not_picked":["Conserve Battery","White Noise","Beam Cell"],"picked":"SKIP","floor":24}],"player_experience":416639,"relics_obtained":[{"floor":8.0,"key":"The Courier"},{"floor":9.0,"key":"Peace Pipe"},{"floor":26,"key":"Pantograph"},{"floor":29,"key":"Dodecahedron"}],"event_choices":[{"cards_removed":["Strike_B"],"damage_healed":0.0,"max_hp_gain":0.0,"max_hp_loss":0.0,"gold_gain":0.0,"event_name":"Wheel of Change","player_choice":"Card Removal","floor":4.0,"gold_loss":0.0,"damage_taken":0.0},{"damage_healed":0.0,"max_hp_gain":0.0,"max_hp_loss":0.0,"gold_gain":0.0,"event_name":"The Cleric","player_choice":"Leave","floor":7.0,"gold_loss":0.0,"damage_taken":0.0}],"is_beta":false,"boss_relics":[{"not_picked":["Black Star","Tiny House"],"picked":"Empty Cage"}],"items_purged_floors":[27],"is_endless":false,"potions_floor_spawned":[11,13,16,21],"killed_by":"Snake Plant","ascension_level":14}