{"gold_per_floor":[116,116,39,39,55,55,86,86,113,144,26,26,45,65,65,170,170,183,183,183,202,218,218,249,249,274,274,289,52,52,69,69,168,168,184,184,201,201,215,215,244,244,244,273,30,55,55,85,85,85,85,85,21,46,46],"floor_reached":56,"playtime":3384,"items_purged":["Strike_R"],"score":1863,"play_id":"8c738b56-21fb-4f66-9e06-7a31c9ed7d7c","local_time":"20190517181251","is_ascension_mode":true,"campfire_choices":[{"data":"Body Slam","floor":6.0,"key":"SMITH"},{"floor":8.0,"key":"REST"},{"floor":15.0,"key":"REST"},{"floor":23.0,"key":"REST"},{"data":"J.A.X.","floor":25.0,"key":"SMITH"},{"floor":32.0,"key":"REST"},{"floor":40.0,"key":"RECALL"},{"data":"Corruption","floor":47.0,"key":"SMITH"},{"data":"Seeing Red","floor":49.0,"key":"SMITH"},{"floor":52,"key":"REST"}],"neow_cost":"NONE","seed_source_timestamp":0,"circlet_count":0,"master_deck":["Defend_R","Defend_R+1","Bash","Shockwave","Inflame","Body Slam+1","Feed","Heavy Blade","Seeing Red+1","Shrug It Off","Ghostly Armor","Fiend Fire","Ghostly Armor","J.A.X.+1","Corruption+1","Headbutt","Exhume+1","Heavy Blade+1","Pommel Strike+1","Shockwave","Bandage Up","Reaper","Havoc","Havoc+1","Burning Pact","Dual Wield"],"special_seed":0,"relics":["Burning Blood","Dream Catcher","The Courier","PreservedInsect","Dead Branch","Vajra","Nloth\u0027s Gift","Magic Flower","Bronze Scales","Bag of Preparation","Sozu","War Paint","Self Forming Clay","Bottled Tornado","Torii","Oddly Smooth Stone","Ancient Tea Set","Paper Frog"],"potions_floor_usage":[],"damage_taken":[{"damage":2.0,"enemies":"2 Louse","floor":1.0,"turns":4.0},{"damage":2.0,"enemies":"Cultist","floor":5.0,"turns":4.0},{"damage":45.0,"enemies":"3 Sentries","floor":7.0,"turns":12.0},{"damage":13.0,"enemies":"Gremlin Nob","floor":10.0,"turns":3.0},{"damage":0.0,"enemies":"Small Slimes","floor":13.0,"turns":2.0},{"damage":12.0,"enemies":"Gremlin Gang","floor":14.0,"turns":5.0},{"damage":63.0,"enemies":"The Guardian","floor":16.0,"turns":15.0},{"damage":19.0,"enemies":"3 Byrds","floor":18.0,"turns":7.0},{"damage":20.0,"enemies":"2 Thieves","floor":21.0,"turns":3.0},{"damage":11.0,"enemies":"Shelled Parasite and Fungi","floor":22.0,"turns":4.0},{"damage":31.0,"enemies":"Slavers","floor":24.0,"turns":5.0},{"damage":21.0,"enemies":"Snake Plant","floor":28.0,"turns":4.0},{"damage":6.0,"enemies":"3 Cultists","floor":31.0,"turns":3.0},{"damage":10.0,"enemies":"Champ","floor":33.0,"turns":6.0},{"damage":0.0,"enemies":"Orb Walker","floor":35.0,"turns":2.0},{"damage":6.0,"enemies":"3 Darklings","floor":37.0,"turns":3.0},{"damage":20.0,"enemies":"4 Shapes","floor":39.0,"turns":3.0},{"damage":0.0,"enemies":"Reptomancer","floor":41.0,"turns":2.0},{"damage":3.0,"enemies":"Nemesis","floor":44.0,"turns":3.0},{"damage":0.0,"enemies":"Giant Head","floor":46.0,"turns":2.0},{"damage":9.0,"enemies":"Nemesis","floor":48.0,"turns":1.0},{"damage":84,"enemies":"Time Eater","floor":50,"turns":7},{"damage":3,"enemies":"Shield and Spear","floor":54,"turns":2},{"damage":37,"enemies":"The Heart","floor":55,"turns":3}],"seed_played":"5213817697905336192","potions_obtained":[{"floor":1.0,"key":"Fire Potion"},{"floor":5.0,"key":"Dexterity Potion"},{"floor":16.0,"key":"SkillPotion"},{"floor":18.0,"key":"Energy Potion"},{"floor":28.0,"key":"Ancient Potion"}],"is_trial":false,"path_per_floor":["M","?","$","?","M","R","E","R","T","E","$","?","M","M","R","B",null,"M","?","?","M","M","R","E","R","T","$","M","$","?","M","R","B",null,"M","?","M","T","M","R","E","?","T","E","$","E","R","E","R","B",null,"R","$","E","B",null],"character_chosen":"IRONCLAD","items_purchased":["Inflame","Vajra","Corruption","Bag of Preparation","Torii","Burning Pact"],"campfire_rested":5,"item_purchase_floors":[3,11,29,29,45,53],"current_hp_per_floor":[76,76,76,76,80,80,41,65,65,61,61,54,66,60,86,32,77,67,67,67,56,54,84,62,62,62,62,50,50,50,53,84,88,102,107,107,110,110,104,104,113,113,113,113,113,113,113,113,113,38,94,113,113,113,90],"gold":46,"neow_bonus":"RANDOM_COMMON_RELIC","is_prod":false,"is_daily":false,"chose_seed":false,"campfire_upgraded":4,"win_rate":0,"timestamp":1558141971,"path_taken":["M","?","$","?","?","R","E","R","T","E","$","?","M","M","R","BOSS","M","?","?","M","?","R","E","R","T","$","M","$","?","?","R","BOSS","M","?","M","?","?","R","E","?","T","E","$","E","R","E","R","BOSS","R","$","E","BOSS"],"build_version":"2019-01-23","purchased_purges":1,"victory":true,"max_hp_per_floor":[80,80,80,80,80,80,80,80,80,83,83,83,89,89,89,92,92,95,95,95,98,101,101,104,104,104,104,104,104,104,104,104,107,107,107,107,110,110,113,113,113,113,113,113,113,113,113,113,113,113,113,113,113,113,113],"card_choices":[{"not_picked":["Flex","Infernal Blade"],"picked":"Shockwave","floor":1.0},{"not_picked":["Sentinel","Blood for Blood"],"picked":"Body Slam","floor":5.0},{"not_picked":["Armaments","True Grit"],"picked":"Feed","floor":7.0},{"not_picked":["Fire Breathing","Headbutt"],"picked":"Heavy Blade","floor":8.0},{"not_picked":["True Grit","Wild Strike"],"picked":"Seeing Red","floor":10.0},{"not_picked":["Carnage","Infernal Blade"],"picked":"Shrug It Off","floor":13.0},{"not_picked":["Body Slam","Clothesline","Iron Wave"],"picked":"SKIP","floor":14.0},{"not_picked":["Carnage","Warcry"],"picked":"Ghostly Armor","floor":15.0},{"not_picked":["Offering","Brutality"],"picked":"Fiend Fire","floor":16.0},{"not_picked":["Headbutt","Pommel Strike"],"picked":"Ghostly Armor","floor":18.0},{"not_picked":["Infernal Blade","Iron Wave","Hemokinesis"],"picked":"SKIP","floor":21.0},{"not_picked":["Thunderclap+1","Entrench+1","Iron Wave"],"picked":"SKIP","floor":22.0},{"not_picked":["Rupture","Clothesline","Inflame+1"],"picked":"SKIP","floor":24.0},{"not_picked":["Heavy Blade","Berserk","Anger+1"],"picked":"SKIP","floor":28.0},{"not_picked":["Twin Strike","Anger","Perfected Strike"],"picked":"SKIP","floor":31.0},{"not_picked":["Bloodletting","Reckless Charge"],"picked":"Headbutt","floor":32.0},{"not_picked":["Juggernaut","Barricade"],"picked":"Exhume","floor":33.0},{"not_picked":["Shockwave","Perfected Strike"],"picked":"Heavy Blade+1","floor":35.0},{"not_picked":["Headbutt+1","Clash+1"],"picked":"Pommel Strike+1","floor":37.0},{"not_picked":["Headbutt+1","Armaments+1","Wild Strike"],"picked":"SKIP","floor":39.0},{"not_picked":["Uppercut","Immolate"],"picked":"Shockwave","floor":41.0},{"not_picked":["HandOfGreed","Flash of Steel"],"picked":"Bandage Up","floor":42.0},{"not_picked":["Double Tap","Armaments"],"picked":"Reaper","floor":44.0},{"not_picked":["Blood for Blood","Body Slam+1","Fiend Fire"],"picked":"SKIP","floor":46.0},{"not_picked":["Sword Boomerang","Havoc","Berserk"],"picked":"SKIP","floor":48.0},{"not_picked":["Sword Boomerang","Berserk"],"picked":"Havoc","floor":48.0},{"not_picked":["Sword Boomerang","True Grit+1"],"picked":"Havoc+1","floor":52},{"not_picked":["Inflame","Wild Strike+1"],"picked":"Dual Wield","floor":54}],"player_experience":334546,"relics_obtained":[{"floor":7.0,"key":"The Courier"},{"floor":9.0,"key":"PreservedInsect"},{"floor":10.0,"key":"Dead Branch"},{"floor":24.0,"key":"Magic Flower"},{"floor":26.0,"key":"Bronze Scales"},{"floor":41.0,"key":"War Paint"},{"floor":43.0,"key":"Self Forming Clay"},{"floor":44.0,"key":"Bottled Tornado"},{"floor":46.0,"key":"Oddly Smooth Stone"},{"floor":48.0,"key":"Ancient Tea Set"},{"floor":54,"key":"Paper Frog"}],"event_choices":[{"cards_removed":["Strike_R"],"damage_healed":0.0,"max_hp_gain":0.0,"max_hp_loss":0.0,"gold_gain":0.0,"event_name":"Living Wall","player_choice":"Forget","floor":2.0,"gold_loss":0.0,"damage_taken":0.0},{"cards_removed":["Strike_R"],"damage_healed":0.0,"max_hp_gain":0.0,"max_hp_loss":0.0,"gold_gain":0.0,"event_name":"Purifier","player_choice":"Purged","floor":4.0,"gold_loss":0.0,"damage_taken":0.0},{"cards_removed":["Strike_R"],"damage_healed":0.0,"max_hp_gain":0.0,"max_hp_loss":0.0,"gold_gain":0.0,"event_name":"Golden Wing","player_choice":"Card Removal","floor":12.0,"gold_loss":0.0,"damage_taken":7.0},{"damage_healed":0.0,"max_hp_gain":0.0,"max_hp_loss":0.0,"gold_gain":0.0,"event_name":"Drug Dealer","player_choice":"Obtain J.A.X.","floor":19.0,"gold_loss":0.0,"damage_taken":0.0,"cards_obtained":["J.A.X."]},{"damage_healed":0.0,"max_hp_gain":0.0,"max_hp_loss":0.0,"gold_gain":0.0,"event_name":"N\u0027loth","player_choice":"Traded Relic","floor":20.0,"relics_lost":["Empty Cage"],"gold_loss":0.0,"damage_taken":0.0,"relics_obtained":["Nloth\u0027s Gift"]},{"cards_removed":["Strike_R"],"damage_healed":0.0,"max_hp_gain":0.0,"max_hp_loss":0.0,"gold_gain":0.0,"event_name":"Bonfire Elementals","player_choice":"Offered Basic","floor":30.0,"gold_loss":0.0,"damage_taken":0.0},{"damage_healed":0.0,"max_hp_gain":0.0,"max_hp_loss":0.0,"gold_gain":0.0,"event_name":"Tomb of Lord Red Mask","player_choice":"Ignored","floor":36.0,"gold_loss":0.0,"damage_taken":0.0},{"damage_healed":0.0,"max_hp_gain":0.0,"max_hp_loss":0.0,"gold_gain":0.0,"event_name":"SensoryStone","player_choice":"Memory 1","floor":42.0,"gold_loss":0.0,"damage_taken":0.0}],"is_beta":false,"boss_relics":[{"not_picked":["Coffee Dripper","Lizard Tail"],"picked":"Empty Cage"},{"not_picked":["Astrolabe","Eternal Feather"],"picked":"Sozu"}],"items_purged_floors":[29],"is_endless":false,"potions_floor_spawned":[1,5,16,18,28,39,41,46],"ascension_level":7}