{"gold_per_floor":[119,133,133,133,151,151,184,201,253,253,285,111,111,137,137,214,214,224,224,237,237],"floor_reached":21,"playtime":636,"items_purged":[],"score":494,"play_id":"9fe4372b-6952-4356-8153-b0ccb8c635bd","local_time":"20190626160416","is_ascension_mode":true,"campfire_choices":[{"data":"Perfected Strike","floor":6.0,"key":"SMITH"},{"data":"Perfected Strike","floor":10.0,"key":"SMITH"},{"data":"Bash","floor":13.0,"key":"SMITH"},{"floor":15.0,"key":"REST"}],"neow_cost":"NONE","seed_source_timestamp":87674563774729,"circlet_count":0,"master_deck":["AscendersBane","Strike_R","Strike_R","Strike_R","Strike_R","Strike_R","Defend_R","Defend_R+1","Defend_R","Bash+1","Perfected Strike+1","Perfected Strike+1","Evolve","Rage+1","Thunderclap","Shrug It Off","Berserk","Twin Strike","Perfected Strike"],"special_seed":0,"relics":["Burning Blood","PreservedInsect","Letter Opener","Anchor","War Paint","Pear","Red Skull","White Beast Statue"],"potions_floor_usage":[],"damage_taken":[{"damage":8.0,"enemies":"2 Louse","floor":1.0,"turns":3.0},{"damage":5.0,"enemies":"Small Slimes","floor":2.0,"turns":4.0},{"damage":12.0,"enemies":"Jaw Worm","floor":5.0,"turns":2.0},{"damage":18.0,"enemies":"Lagavulin","floor":7.0,"turns":6.0},{"damage":6.0,"enemies":"Exordium Wildlife","floor":8.0,"turns":4.0},{"damage":5.0,"enemies":"3 Sentries","floor":11.0,"turns":6.0},{"damage":20.0,"enemies":"Lagavulin","floor":14.0,"turns":3.0},{"damage":0.0,"enemies":"Slime Boss","floor":16.0,"turns":6.0},{"damage":21.0,"enemies":"Spheric Guardian","floor":18.0,"turns":5.0},{"damage":10.0,"enemies":"3 Byrds","floor":20.0,"turns":3.0},{"damage":67,"enemies":"3 Cultists","floor":21,"turns":5}],"seed_played":"-848358609620097175","potions_obtained":[{"floor":2.0,"key":"SteroidPotion"},{"floor":5.0,"key":"Block Potion"},{"floor":7.0,"key":"AttackPotion"},{"floor":18.0,"key":"SkillPotion"},{"floor":20.0,"key":"LiquidBronze"}],"is_trial":false,"path_per_floor":["M","M","?","?","M","R","E","M","T","R","E","$","R","E","R","B",null,"M","?","M","M"],"character_chosen":"IRONCLAD","items_purchased":["Berserk"],"campfire_rested":1,"item_purchase_floors":[12],"current_hp_per_floor":[66,67,60,42,36,36,24,24,24,24,35,35,35,21,46,52,77,62,62,58,0],"gold":237,"neow_bonus":"RANDOM_COMMON_RELIC","is_prod":false,"is_daily":false,"chose_seed":false,"campfire_upgraded":3,"win_rate":0,"timestamp":1561557856,"path_taken":["M","M","?","?","M","R","E","?","T","R","E","$","R","E","R","BOSS","M","?","M","M"],"build_version":"2019-01-23","purchased_purges":0,"victory":false,"max_hp_per_floor":[75,75,75,75,75,75,75,75,75,75,85,85,85,85,85,85,85,85,85,85,85],"card_choices":[{"not_picked":["Cleave","Sentinel"],"picked":"Perfected Strike","floor":1.0},{"not_picked":["Bloodletting","Anger"],"picked":"Perfected Strike","floor":2.0},{"not_picked":["Anger","Sever Soul"],"picked":"Evolve","floor":5.0},{"not_picked":["Dropkick","Headbutt"],"picked":"Rage","floor":7.0},{"not_picked":["Seeing Red","Bloodletting"],"picked":"Thunderclap","floor":8.0},{"not_picked":["Warcry","Searing Blow"],"picked":"Shrug It Off","floor":11.0},{"not_picked":["Spot Weakness","Power Through"],"picked":"Twin Strike","floor":14.0},{"not_picked":["Entrench","Iron Wave","Second Wind"],"picked":"SKIP","floor":18.0},{"not_picked":["Thunderclap","Metallicize"],"picked":"Perfected Strike","floor":20.0}],"player_experience":667043,"relics_obtained":[{"floor":7.0,"key":"Anchor"},{"floor":9.0,"key":"War Paint"},{"floor":11.0,"key":"Pear"},{"floor":14.0,"key":"Red Skull"}],"event_choices":[{"cards_removed":["Defend_R"],"damage_healed":0.0,"max_hp_gain":0.0,"max_hp_loss":0.0,"gold_gain":0.0,"event_name":"Golden Wing","player_choice":"Card Removal","floor":3.0,"gold_loss":0.0,"damage_taken":7.0},{"damage_healed":0.0,"max_hp_gain":0.0,"max_hp_loss":0.0,"gold_gain":0.0,"event_name":"Scrap Ooze","player_choice":"Success","floor":4.0,"gold_loss":0.0,"damage_taken":18.0,"relics_obtained":["Letter Opener"]},{"damage_healed":0.0,"max_hp_gain":0.0,"max_hp_loss":0.0,"gold_gain":0.0,"event_name":"Beggar","player_choice":"Ignored","floor":19.0,"gold_loss":0.0,"damage_taken":0.0}],"is_beta":false,"boss_relics":[{"not_picked":["Empty Cage","Runic Cube"],"picked":"White Beast Statue"}],"items_purged_floors":[],"is_endless":false,"potions_floor_spawned":[2,5,7,18,20],"killed_by":"3 Cultists","ascension_level":20}