{"gold_per_floor":[15,15,15,15,15,15,32,63,111,111,130,130,145,180,180,180],"floor_reached":16,"playtime":478,"items_purged":[],"score":216,"play_id":"bcb49947-494d-4fa5-a6c4-2006fde374df","local_time":"20190523233418","is_ascension_mode":true,"campfire_choices":[{"data":"Bash","floor":6.0,"key":"SMITH"},{"data":"Double Tap","floor":10.0,"key":"SMITH"},{"data":"Seeing Red","floor":12.0,"key":"SMITH"},{"floor":15.0,"key":"REST"}],"neow_cost":"NO_GOLD","seed_source_timestamp":538853011339687,"circlet_count":0,"master_deck":["AscendersBane","Strike_R","Strike_R","Strike_R","Strike_R","Strike_R","Defend_R","Defend_R","Defend_R","Defend_R","Bash+1","Double Tap+1","Inflame","Clothesline","Seeing Red+1","Shrug It Off","Twin Strike"],"special_seed":0,"relics":["Burning Blood","Matryoshka","Frozen Egg 2","Dream Catcher","Lantern","Omamori","Strawberry"],"potions_floor_usage":[16],"damage_taken":[{"damage":12.0,"enemies":"Jaw Worm","floor":1.0,"turns":2.0},{"damage":4.0,"enemies":"Small Slimes","floor":7.0,"turns":4.0},{"damage":27.0,"enemies":"Lagavulin","floor":8.0,"turns":8.0},{"damage":4.0,"enemies":"Cultist","floor":11.0,"turns":3.0},{"damage":1.0,"enemies":"2 Fungi Beasts","floor":13.0,"turns":3.0},{"damage":30.0,"enemies":"3 Sentries","floor":14.0,"turns":9.0},{"damage":68,"enemies":"The Guardian","floor":16,"turns":11}],"seed_played":"-3962458895545127675","potions_obtained":[{"floor":8.0,"key":"Explosive Potion"},{"floor":14.0,"key":"Regen Potion"}],"is_trial":false,"path_per_floor":["M","?","T","$","?","R","M","E","T","R","M","R","M","E","R","B"],"character_chosen":"IRONCLAD","items_purchased":[],"campfire_rested":1,"item_purchase_floors":[],"current_hp_per_floor":[62,67,67,67,56,56,58,37,37,37,39,39,44,27,53,0],"gold":180,"neow_bonus":"THREE_RARE_CARDS","is_prod":false,"is_daily":false,"chose_seed":false,"campfire_upgraded":3,"win_rate":0,"timestamp":1558647258,"path_taken":["M","?","?","$","?","R","M","E","T","R","M","R","M","E","R","BOSS"],"build_version":"2019-01-23","purchased_purges":0,"victory":false,"max_hp_per_floor":[75,80,80,80,80,80,80,80,80,80,80,80,80,87,87,87],"card_choices":[{"not_picked":["Dark Embrace","Brutality"],"picked":"Double Tap","floor":0.0},{"not_picked":["Wild Strike","Clothesline"],"picked":"Inflame","floor":1.0},{"not_picked":["Heavy Blade","Brutality+1"],"picked":"Clothesline","floor":7.0},{"not_picked":["Bloodletting","Uppercut"],"picked":"Seeing Red","floor":8.0},{"not_picked":["Thunderclap","Pummel"],"picked":"Shrug It Off","floor":11.0},{"not_picked":["Burning Pact","Rampage","Clash"],"picked":"SKIP","floor":13.0},{"not_picked":["Burning Pact","Rampage","Clash"],"picked":"SKIP","floor":13.0},{"not_picked":["Seeing Red","Evolve+1"],"picked":"Twin Strike","floor":14.0}],"player_experience":376889,"relics_obtained":[{"floor":3.0,"key":"Matryoshka"},{"floor":8.0,"key":"Dream Catcher"},{"floor":9.0,"key":"Lantern"},{"floor":9.0,"key":"Omamori"},{"floor":14.0,"key":"Strawberry"}],"event_choices":[{"damage_healed":0.0,"max_hp_gain":5.0,"max_hp_loss":0.0,"gold_gain":0.0,"event_name":"Big Fish","player_choice":"Donut","floor":2.0,"gold_loss":0.0,"damage_taken":0.0},{"damage_healed":0.0,"max_hp_gain":0.0,"max_hp_loss":0.0,"gold_gain":0.0,"event_name":"Scrap Ooze","player_choice":"Success","floor":5.0,"gold_loss":0.0,"damage_taken":11.0,"relics_obtained":["Frozen Egg 2"]}],"is_beta":false,"boss_relics":[],"items_purged_floors":[],"is_endless":false,"potions_floor_spawned":[8,14],"killed_by":"The Guardian","ascension_level":20}