{"gold_per_floor":[14,34,44,62,62,94,94,107,137,153,165,20,20,33,33,132,132,146,159,84,94,19,44,56,56,56,56,109,125,152,29,29,130,130,144,144,0,15,29,29,29,39,66,66,66,101,101,113,113,113,113,113,63,89,89],"floor_reached":56,"playtime":3417,"items_purged":["Strike_R"],"score":1271,"play_id":"99c9941b-d7d0-4efb-bfe8-9e1e4a317508","local_time":"20190328180923","is_ascension_mode":false,"campfire_choices":[{"data":"Whirlwind","floor":7,"key":"SMITH"},{"data":"Uppercut","floor":13,"key":"SMITH"},{"floor":15,"key":"REST"},{"floor":25,"key":"REST"},{"floor":27,"key":"REST"},{"floor":32,"key":"REST"},{"floor":40,"key":"RECALL"},{"data":"Corruption","floor":45,"key":"SMITH"},{"data":"Demon Form","floor":47,"key":"SMITH"},{"floor":49,"key":"REST"},{"data":"Heavy Blade","floor":52,"key":"SMITH"}],"neow_cost":"NO_GOLD","seed_source_timestamp":6515872521900,"circlet_count":0,"master_deck":["Strike_R","Strike_R","Strike_R","Strike_R","Defend_R","Defend_R","Defend_R","Defend_R","Bash","Whirlwind+1","True Grit","Body Slam","Heavy Blade+1","Demon Form+1","Seeing Red","Uppercut+1","Pommel Strike","Twin Strike","Double Tap","Burning Pact+1","Corruption+1","True Grit","Exhume","Trip","Flex+1","Warcry","Warcry+1"],"relics":["Burning Blood","Ice Cream","GremlinMask","Meat on the Bone","Tiny Chest","Happy Flower","Busted Crown","Bronze Scales","Dead Branch","Shuriken","Sozu","Red Mask","Art of War","Champion Belt","Oddly Smooth Stone"],"potions_floor_usage":[11,21,23,30,30,54,55],"damage_taken":[{"damage":4,"enemies":"Cultist","floor":1,"turns":4},{"damage":8,"enemies":"Jaw Worm","floor":2,"turns":3},{"damage":2,"enemies":"Small Slimes","floor":3,"turns":4},{"damage":7,"enemies":"2 Fungi Beasts","floor":4,"turns":4},{"damage":40,"enemies":"3 Sentries","floor":6,"turns":6},{"damage":14,"enemies":"Blue Slaver","floor":8,"turns":5},{"damage":5,"enemies":"Looter","floor":10,"turns":4},{"damage":24,"enemies":"Exordium Wildlife","floor":11,"turns":6},{"damage":2,"enemies":"2 Fungi Beasts","floor":14,"turns":3},{"damage":46,"enemies":"The Guardian","floor":16,"turns":9},{"damage":20,"enemies":"2 Thieves","floor":18,"turns":3},{"damage":16,"enemies":"3 Byrds","floor":19,"turns":4},{"damage":26,"enemies":"Shelled Parasite and Fungi","floor":21,"turns":3},{"damage":51,"enemies":"Slavers","floor":23,"turns":4},{"damage":17,"enemies":"Snecko","floor":24,"turns":4},{"damage":21,"enemies":"Snake Plant","floor":29,"turns":4},{"damage":66,"enemies":"Gremlin Leader","floor":30,"turns":4},{"damage":0,"enemies":"Collector","floor":33,"turns":6},{"damage":23,"enemies":"Orb Walker","floor":35,"turns":3},{"damage":6,"enemies":"3 Shapes","floor":38,"turns":4},{"damage":4,"enemies":"3 Darklings","floor":39,"turns":3},{"damage":0,"enemies":"Jaw Worm Horde","floor":42,"turns":3},{"damage":14,"enemies":"Nemesis","floor":46,"turns":3},{"damage":1,"enemies":"Maw","floor":48,"turns":5},{"damage":22,"enemies":"Time Eater","floor":50,"turns":5},{"damage":19,"enemies":"Shield and Spear","floor":54,"turns":4},{"damage":61,"enemies":"The Heart","floor":55,"turns":7}],"seed_played":"-7818691864084661892","potions_obtained":[{"floor":4,"key":"Poison Potion"},{"floor":6,"key":"Dexterity Potion"},{"floor":8,"key":"Poison Potion"},{"floor":10,"key":"Energy Potion"},{"floor":16,"key":"PowerPotion"},{"floor":21,"key":"Regen Potion"},{"floor":23,"key":"Energy Potion"},{"floor":30,"key":"Weak Potion"},{"floor":33,"key":"Weak Potion"}],"is_trial":false,"path_per_floor":["M","M","M","M","?","E","R","M","T","M","M","$","R","M","R","B",null,"M","M","$","M","$","E","M","R","T","R","T","M","E","$","R","B",null,"M","?","?","M","M","R","?","M","T","$","R","E","R","M","R","B",null,"R","$","E","B",null],"character_chosen":"IRONCLAD","items_purchased":["Happy Flower","Regen Potion","Corruption","True Grit","Warcry"],"campfire_rested":5,"item_purchase_floors":[12,22,31,31,53],"current_hp_per_floor":[80,78,80,79,79,45,45,49,49,50,44,44,44,48,72,44,80,66,56,56,48,48,27,28,52,52,76,76,61,25,25,49,55,80,63,63,63,63,65,65,65,71,71,71,71,63,63,68,80,64,80,80,80,67,24],"gold":89,"neow_bonus":"ONE_RARE_RELIC","is_prod":false,"is_daily":false,"chose_seed":false,"campfire_upgraded":5,"win_rate":0,"timestamp":1553821763,"path_taken":["M","M","M","M","?","E","R","?","T","M","M","$","R","M","R","BOSS","M","?","$","M","$","E","M","R","T","R","?","M","E","$","R","BOSS","M","?","?","M","M","R","?","M","T","?","R","E","R","M","R","BOSS","R","$","E","BOSS"],"build_version":"2019-01-23","purchased_purges":1,"victory":true,"max_hp_per_floor":[80,80,80,80,80,80,80,80,80,80,80,80,80,80,80,80,80,80,80,80,80,80,80,80,80,80,80,80,80,80,80,80,80,80,80,80,80,80,80,80,80,80,80,80,80,80,80,80,80,80,80,80,80,80,80],"card_choices":[{"not_picked":["Heavy Blade","Cleave"],"picked":"Whirlwind","floor":1},{"not_picked":["Fire Breathing","Flame Barrier"],"picked":"True Grit","floor":2},{"not_picked":["Fire Breathing","Clash"],"picked":"Body Slam","floor":3},{"not_picked":["True Grit","Rage"],"picked":"Heavy Blade","floor":4},{"not_picked":["Flex","Intimidate"],"picked":"Demon Form","floor":6},{"not_picked":["Flame Barrier","Havoc"],"picked":"Seeing Red","floor":8},{"not_picked":["Cleave","Reckless Charge"],"picked":"Uppercut","floor":10},{"not_picked":["Intimidate","Armaments"],"picked":"Pommel Strike","floor":11},{"not_picked":["Flex","Thunderclap"],"picked":"Twin Strike","floor":14},{"not_picked":["Impervious","Bludgeon"],"picked":"Double Tap","floor":16},{"not_picked":["Sever Soul"],"picked":"SKIP","floor":18},{"not_picked":["Twin Strike"],"picked":"SKIP","floor":19},{"not_picked":[],"picked":"Burning Pact+1","floor":21},{"not_picked":["Exhume"],"picked":"SKIP","floor":23},{"not_picked":["Evolve"],"picked":"SKIP","floor":24},{"not_picked":["Body Slam+1"],"picked":"SKIP","floor":29},{"not_picked":["Sword Boomerang+1"],"picked":"SKIP","floor":30},{"not_picked":[],"picked":"Exhume","floor":33},{"not_picked":["Pommel Strike"],"picked":"SKIP","floor":35},{"not_picked":["Wild Strike"],"picked":"SKIP","floor":38},{"not_picked":["Wild Strike+1"],"picked":"SKIP","floor":39},{"not_picked":[],"picked":"Trip","floor":41},{"not_picked":["Headbutt"],"picked":"SKIP","floor":42},{"not_picked":["Double Tap"],"picked":"SKIP","floor":46},{"not_picked":[],"picked":"Flex+1","floor":48},{"not_picked":[],"picked":"Warcry+1","floor":54}],"player_experience":179996,"relics_obtained":[{"floor":6,"key":"Meat on the Bone"},{"floor":9,"key":"Tiny Chest"},{"floor":23,"key":"Bronze Scales"},{"floor":26,"key":"Dead Branch"},{"floor":30,"key":"Shuriken"},{"floor":43,"key":"Art of War"},{"floor":46,"key":"Champion Belt"},{"floor":54,"key":"Oddly Smooth Stone"}],"event_choices":[{"damage_healed":0,"gold_gain":0,"player_choice":"Trade","damage_taken":0,"relics_obtained":["GremlinMask"],"max_hp_gain":0,"max_hp_loss":0,"event_name":"FaceTrader","floor":5,"gold_loss":0},{"damage_healed":0,"gold_gain":0,"player_choice":"Ignored","damage_taken":0,"max_hp_gain":0,"max_hp_loss":0,"event_name":"Mysterious Sphere","floor":36,"gold_loss":0},{"damage_healed":0,"gold_gain":0,"player_choice":"Paid","damage_taken":0,"relics_obtained":["Red Mask"],"max_hp_gain":0,"max_hp_loss":0,"event_name":"Tomb of Lord Red Mask","floor":37,"gold_loss":144},{"damage_healed":0,"gold_gain":0,"player_choice":"Memory 1","damage_taken":0,"max_hp_gain":0,"max_hp_loss":0,"event_name":"SensoryStone","floor":41,"gold_loss":0}],"is_beta":false,"boss_relics":[{"not_picked":["Ectoplasm","Fusion Hammer"],"picked":"Busted Crown"},{"not_picked":["Black Blood","Cursed Key"],"picked":"Sozu"}],"items_purged_floors":[20],"is_endless":false,"potions_floor_spawned":[4,6,8,10,16,21,23,30,33,38,46],"ascension_level":0}