{"gold_per_floor":[119,130,130,130,146,146,162,187,187,217,229,248,248,262,262,336,336,346,364,289,17,36,36,62,77,77,77,102,102,27,44,44,44],"floor_reached":33,"playtime":1311,"items_purged":[],"score":598,"play_id":"efbc9390-adb5-4432-a138-8e6293d292f7","local_time":"20190524214226","is_ascension_mode":true,"campfire_choices":[{"data":"Immolate","floor":6,"key":"SMITH"},{"data":"True Grit","floor":13,"key":"SMITH"},{"data":"True Grit","floor":15,"key":"SMITH"},{"data":"Bash","floor":23,"key":"SMITH"},{"data":"Shockwave","floor":27,"key":"SMITH"},{"floor":32,"key":"REST"}],"neow_cost":"NONE","seed_source_timestamp":617740193977255,"circlet_count":0,"master_deck":["AscendersBane","Strike_R","Strike_R","Strike_R","Strike_R","Defend_R","Defend_R","Defend_R","Bash+1","Immolate+1","Shrug It Off","Battle Trance","Impervious","True Grit+1","Evolve","True Grit+1","Wild Strike","Rupture+1","Shockwave+1","Seeing Red","Spot Weakness","Feel No Pain"],"relics":["Burning Blood","Blue Candle","Singing Bowl","Bag of Preparation","Sozu","Bottled Flame","Molten Egg 2","PreservedInsect","Letter Opener"],"potions_floor_usage":[7,8,31,31],"damage_taken":[{"damage":7,"enemies":"Jaw Worm","floor":1,"turns":2},{"damage":0,"enemies":"Small Slimes","floor":2,"turns":2},{"damage":2,"enemies":"2 Louse","floor":5,"turns":2},{"damage":6,"enemies":"Exordium Thugs","floor":7,"turns":3},{"damage":10,"enemies":"3 Sentries","floor":8,"turns":3},{"damage":44,"enemies":"Lagavulin","floor":10,"turns":8},{"damage":0,"enemies":"2 Fungi Beasts","floor":11,"turns":2},{"damage":6,"enemies":"Blue Slaver","floor":12,"turns":4},{"damage":0,"enemies":"Large Slime","floor":14,"turns":4},{"damage":9,"enemies":"Slime Boss","floor":16,"turns":10},{"damage":15,"enemies":"2 Thieves","floor":18,"turns":5},{"damage":9,"enemies":"3 Byrds","floor":19,"turns":6},{"damage":9,"enemies":"Cultist and Chosen","floor":22,"turns":6},{"damage":18,"enemies":"Gremlin Leader","floor":24,"turns":7},{"damage":5,"enemies":"Centurion and Healer","floor":25,"turns":5},{"damage":40,"enemies":"Book of Stabbing","floor":28,"turns":5},{"damage":0,"enemies":"Snake Plant","floor":31,"turns":2},{"damage":72,"enemies":"Automaton","floor":33,"turns":8}],"seed_played":"3903004940136123629","potions_obtained":[{"floor":2,"key":"Explosive Potion"},{"floor":5,"key":"SteroidPotion"},{"floor":10,"key":"Swift Potion"},{"floor":11,"key":"Fire Potion"}],"is_trial":false,"path_per_floor":["M","M","?","?","M","R","M","E","T","E","M","M","R","M","R","B",null,"M","M","?","$","M","R","E","M","T","R","E","?","$","M","R","B"],"character_chosen":"IRONCLAD","items_purchased":["Bottled Flame","Feel No Pain"],"campfire_rested":1,"item_purchase_floors":[21,30],"current_hp_per_floor":[67,73,66,71,75,75,75,71,71,33,39,39,39,47,47,46,75,66,65,65,65,64,64,54,55,55,55,21,21,21,29,56,0],"gold":44,"neow_bonus":"ONE_RANDOM_RARE_CARD","is_prod":false,"is_daily":false,"chose_seed":false,"campfire_upgraded":5,"win_rate":0,"timestamp":1558726946,"path_taken":["M","M","?","?","M","R","M","E","T","E","M","M","R","M","R","BOSS","M","M","?","$","M","R","E","M","T","R","E","?","$","M","R","BOSS"],"build_version":"2019-01-23","purchased_purges":0,"victory":false,"max_hp_per_floor":[75,75,75,80,80,80,80,80,80,80,80,80,80,82,82,84,84,84,86,86,86,88,88,90,90,90,90,90,90,90,92,92,92],"card_choices":[{"not_picked":["Infernal Blade","Feel No Pain"],"picked":"Shrug It Off","floor":1},{"not_picked":["Clothesline","Wild Strike"],"picked":"Battle Trance","floor":2},{"not_picked":["Metallicize","Anger"],"picked":"Impervious","floor":5},{"not_picked":["Clothesline","Armaments","Clash"],"picked":"SKIP","floor":7},{"not_picked":["Wild Strike","Clothesline"],"picked":"True Grit","floor":8},{"not_picked":["Dropkick","Heavy Blade"],"picked":"Evolve","floor":10},{"not_picked":["Burning Pact","Armaments"],"picked":"True Grit","floor":11},{"not_picked":["Flame Barrier","Body Slam"],"picked":"Wild Strike","floor":12},{"not_picked":["Demon Form","Shrug It Off","Sword Boomerang"],"picked":"Singing Bowl","floor":14},{"not_picked":["Berserk","Feed","Juggernaut"],"picked":"Singing Bowl","floor":16},{"not_picked":["Shrug It Off","Cleave+1"],"picked":"Rupture+1","floor":18},{"not_picked":["Dropkick","Pummel","Flex"],"picked":"Singing Bowl","floor":19},{"not_picked":["Carnage","Havoc+1","Flex"],"picked":"Singing Bowl","floor":22},{"not_picked":["Warcry","Perfected Strike","Disarm"],"picked":"Singing Bowl","floor":24},{"not_picked":["Body Slam+1","Perfected Strike+1"],"picked":"Shockwave","floor":25},{"not_picked":["Burning Pact","Anger+1"],"picked":"Seeing Red","floor":28},{"not_picked":["Bloodletting+1","Berserk","Body Slam+1"],"picked":"Singing Bowl","floor":31}],"player_experience":389959,"relics_obtained":[{"floor":8,"key":"Blue Candle"},{"floor":9,"key":"Singing Bowl"},{"floor":10,"key":"Bag of Preparation"},{"floor":24,"key":"Molten Egg 2"},{"floor":26,"key":"PreservedInsect"},{"floor":28,"key":"Letter Opener"}],"event_choices":[{"cards_removed":["Defend_R"],"damage_healed":0,"gold_gain":0,"player_choice":"Card Removal","damage_taken":7,"max_hp_gain":0,"max_hp_loss":0,"event_name":"Golden Wing","floor":3,"gold_loss":0},{"damage_healed":0,"gold_gain":0,"player_choice":"Donut","damage_taken":0,"max_hp_gain":5,"max_hp_loss":0,"event_name":"Big Fish","floor":4,"gold_loss":0},{"cards_removed":["Strike_R"],"damage_healed":0,"gold_gain":0,"player_choice":"Gave Gold","damage_taken":0,"max_hp_gain":0,"max_hp_loss":0,"event_name":"Beggar","floor":20,"gold_loss":75},{"damage_healed":0,"gold_gain":0,"player_choice":"1 cards matched","damage_taken":0,"max_hp_gain":0,"max_hp_loss":0,"event_name":"Match and Keep!","floor":29,"gold_loss":0,"cards_obtained":["Spot Weakness"]}],"is_beta":false,"boss_relics":[{"not_picked":["Black Star","Coffee Dripper"],"picked":"Sozu"}],"items_purged_floors":[],"is_endless":false,"potions_floor_spawned":[2,5,10,11,16,25,28],"killed_by":"Automaton","ascension_level":20}