{"gold_per_floor":[110,35,110,127,27,27,38,49,49,49,149,160,180,180,180,280,280,290,290],"floor_reached":19,"playtime":599,"items_purged":["Strike_R","Strike_R"],"score":159,"play_id":"2af9dbec-83f2-422e-8af9-41c98190a0bf","local_time":"20190609171910","is_ascension_mode":false,"campfire_choices":[{"data":"Bash","floor":6,"key":"SMITH"},{"data":"Strike_R","floor":15,"key":"SMITH"}],"neow_cost":"NONE","seed_source_timestamp":12893987836248,"circlet_count":0,"master_deck":["Strike_R","Strike_R+1","Defend_R","Defend_R","Defend_R","Bash+1","Thunderclap"],"relics":["Empty Cage"],"potions_floor_usage":[12,16,18],"damage_taken":[{"damage":5,"enemies":"Small Slimes","floor":1,"turns":3},{"damage":2,"enemies":"2 Louse","floor":4,"turns":3},{"damage":5,"enemies":"Cultist","floor":7,"turns":4},{"damage":7,"enemies":"Looter","floor":8,"turns":4},{"damage":9,"enemies":"Gremlin Gang","floor":12,"turns":4},{"damage":11,"enemies":"Lots of Slimes","floor":13,"turns":3},{"damage":53,"enemies":"The Guardian","floor":16,"turns":15},{"damage":42,"enemies":"3 Byrds","floor":18,"turns":8},{"damage":35,"enemies":"Spheric Guardian","floor":19,"turns":4}],"seed_played":"977977021551017108","potions_obtained":[{"floor":4,"key":"Strength Potion"},{"floor":8,"key":"SneckoOil"},{"floor":13,"key":"Regen Potion"}],"is_trial":false,"path_per_floor":["M","$","?","M","$","R","M","M","T","?","?","M","M","?","R","B",null,"M","M"],"character_chosen":"IRONCLAD","items_purchased":[],"campfire_rested":0,"item_purchase_floors":[],"current_hp_per_floor":[75,75,64,62,62,62,57,50,50,70,70,61,50,50,50,12,77,35,0],"gold":290,"neow_bonus":"BOSS_RELIC","is_prod":false,"is_daily":false,"chose_seed":false,"campfire_upgraded":2,"win_rate":0,"timestamp":1560093550,"path_taken":["M","$","?","M","$","R","M","M","T","?","?","M","?","?","R","BOSS","M","?"],"build_version":"2019-01-23","purchased_purges":2,"victory":false,"max_hp_per_floor":[80,80,80,80,80,80,80,80,80,80,80,80,80,77,77,77,77,77,77],"card_choices":[{"not_picked":["Armaments","Reckless Charge","Perfected Strike"],"picked":"SKIP","floor":1},{"not_picked":["Whirlwind","Heavy Blade","Clothesline"],"picked":"SKIP","floor":4},{"not_picked":["Second Wind","Twin Strike"],"picked":"Thunderclap","floor":7},{"not_picked":["Feel No Pain","Shrug It Off","Heavy Blade"],"picked":"SKIP","floor":8},{"not_picked":["Twin Strike","Iron Wave","Heavy Blade"],"picked":"SKIP","floor":12},{"not_picked":["Headbutt","Armaments","Sword Boomerang"],"picked":"SKIP","floor":13},{"not_picked":["Clothesline","Fire Breathing","Havoc"],"picked":"SKIP","floor":18}],"player_experience":548982,"relics_obtained":[],"event_choices":[{"damage_healed":0,"gold_gain":75,"player_choice":"Gather Gold","damage_taken":11,"max_hp_gain":0,"max_hp_loss":0,"event_name":"World of Goop","floor":3,"gold_loss":0},{"damage_healed":20,"gold_gain":0,"player_choice":"Healed and dodged fight","damage_taken":0,"max_hp_gain":0,"max_hp_loss":0,"event_name":"Mushrooms","floor":10,"gold_loss":0,"cards_obtained":["Parasite"]},{"damage_healed":0,"gold_gain":100,"player_choice":"Pray","damage_taken":0,"max_hp_gain":0,"max_hp_loss":0,"event_name":"Golden Shrine","floor":11,"gold_loss":0},{"cards_removed":["Parasite"],"damage_healed":0,"gold_gain":0,"player_choice":"Purged","damage_taken":0,"max_hp_gain":0,"max_hp_loss":0,"event_name":"Purifier","floor":14,"gold_loss":0}],"is_beta":false,"boss_relics":[{"not_picked":["Snecko Eye","Pandora\u0027s Box","Astrolabe"]}],"items_purged_floors":[2,5],"is_endless":false,"potions_floor_spawned":[4,8,13],"killed_by":"Spheric Guardian","ascension_level":0}