{"gold_per_floor":[118,68,83,9,9,9,34,49,49,49,49,49,3,3,3,123,123,147,0,0,19,40,40,55,55,55,105,124,147,147,166,166,296,296,315,315,440,458,120,120,20,55,106,106,142,142,156,174,174,174],"floor_reached":51,"playtime":2085,"items_purged":["Strike_B","Strike_B"],"score":1075,"play_id":"e81fca5a-a632-476a-95ad-f37538686d6f","local_time":"20190507134442","is_ascension_mode":true,"campfire_choices":[{"data":"Zap","floor":6.0,"key":"SMITH"},{"data":"Beam Cell","floor":10.0,"key":"SMITH"},{"data":"Dualcast","floor":12.0,"key":"SMITH"},{"floor":15.0,"key":"REST"},{"data":"Gash","floor":23.0,"key":"SMITH"},{"data":"Gash","floor":30,"key":"SMITH"},{"floor":32,"key":"REST"},{"data":"1","floor":40,"key":"LIFT"},{"data":"Chill","floor":44,"key":"SMITH"},{"data":"Coolheaded","floor":46,"key":"SMITH"},{"data":"Go for the Eyes","floor":49,"key":"SMITH"}],"neow_cost":"PERCENT_DAMAGE","seed_source_timestamp":1737776799108254,"circlet_count":0,"master_deck":["AscendersBane","Defend_B","Defend_B","Defend_B","Zap+1","Dualcast+1","All For One","Sweeping Beam","Glacier","Go for the Eyes+1","Coolheaded+1","Beam Cell+1","Gash+1","Reboot","Hologram+1","Beam Cell+1","Scrape+1","All For One","Self Repair","Gash+1","Seek","Reinforced Body+1","Chill+1","Reprogram"],"special_seed":0,"relics":["Cracked Core","Golden Idol","Cables","Mercury Hourglass","Runic Pyramid","Emotion Chip","Coffee Dripper","Girya","Runic Capacitor","Boot","Pen Nib","Happy Flower"],"potions_floor_usage":[28,35,38,42,45,50],"damage_taken":[{"damage":2.0,"enemies":"Jaw Worm","floor":1.0,"turns":3.0},{"damage":6.0,"enemies":"2 Louse","floor":3.0,"turns":2.0},{"damage":0.0,"enemies":"Cultist","floor":7.0,"turns":3.0},{"damage":9.0,"enemies":"3 Louse","floor":8.0,"turns":3.0},{"damage":21.0,"enemies":"The Guardian","floor":16.0,"turns":10.0},{"damage":27.0,"enemies":"Shell Parasite","floor":18.0,"turns":4.0},{"damage":1.0,"enemies":"3 Byrds","floor":21.0,"turns":3.0},{"damage":2.0,"enemies":"Snecko","floor":22.0,"turns":6.0},{"damage":5.0,"enemies":"Centurion and Healer","floor":24.0,"turns":4.0},{"damage":0,"enemies":"Shelled Parasite and Fungi","floor":28,"turns":4},{"damage":0,"enemies":"Snecko","floor":29,"turns":3},{"damage":2,"enemies":"Chosen and Byrds","floor":31,"turns":3},{"damage":53,"enemies":"Collector","floor":33,"turns":7},{"damage":5,"enemies":"Orb Walker","floor":35,"turns":2},{"damage":8,"enemies":"Mind Bloom Boss Battle","floor":37,"turns":3},{"damage":11,"enemies":"3 Darklings","floor":38,"turns":2},{"damage":13,"enemies":"Nemesis","floor":42,"turns":3},{"damage":17,"enemies":"Reptomancer","floor":45,"turns":4},{"damage":2,"enemies":"Sphere and 2 Shapes","floor":47,"turns":3},{"damage":2,"enemies":"Transient","floor":48,"turns":5},{"damage":9,"enemies":"Awakened One","floor":50,"turns":8}],"seed_played":"6754558937532991818","potions_obtained":[{"floor":3.0,"key":"Fruit Juice"},{"floor":7.0,"key":"Regen Potion"},{"floor":8.0,"key":"Swift Potion"},{"floor":18.0,"key":"AttackPotion"},{"floor":20.0,"key":"EssenceOfSteel"},{"floor":20.0,"key":"FocusPotion"},{"floor":22.0,"key":"GamblersBrew"},{"floor":31,"key":"AttackPotion"},{"floor":35,"key":"EssenceOfSteel"},{"floor":42,"key":"Strength Potion"},{"floor":48,"key":"SteroidPotion"}],"is_trial":false,"path_per_floor":["M","?","M","$","?","R","M","M","T","R","$","R","$","?","R","B",null,"M","?","?","M","M","R","M","?","T","?","M","M","R","M","R","B",null,"M","?","?","M","$","R","$","E","T","R","E","R","M","M","R","B",null],"character_chosen":"DEFECT","items_purchased":["Go for the Eyes","Coolheaded","Gash","Runic Capacitor","Reprogram"],"campfire_rested":2,"item_purchase_floors":[4,4,13,39,39],"current_hp_per_floor":[48,48,42,42,42,42,42,38,38,38,38,38,38,20,42,36,65,38,38,38,37,35,35,30,30,30,30,37,44,44,49,71,25,62,64,64,63,59,59,59,59,46,46,46,36,36,41,46,46,44],"gold":174,"neow_bonus":"THREE_RARE_CARDS","is_prod":false,"is_daily":false,"chose_seed":false,"campfire_upgraded":8,"win_rate":0,"timestamp":1557229482,"path_taken":["M","?","M","$","?","R","M","M","T","R","?","R","?","?","R","BOSS","M","?","?","M","M","R","?","?","T","?","M","?","R","M","R","BOSS","M","?","?","?","$","R","?","E","T","R","E","R","M","M","R","BOSS"],"build_version":"2019-01-23","purchased_purges":2,"victory":true,"max_hp_per_floor":[75,75,75,75,69,69,69,74,74,74,74,74,74,74,74,74,74,74,74,74,74,74,74,74,74,74,74,74,74,74,74,74,74,74,74,74,74,74,74,74,74,74,74,74,74,74,74,74,74,74],"card_choices":[{"not_picked":["Echo Form","Fission"],"picked":"All For One","floor":0.0},{"not_picked":["Compile Driver","Coolheaded"],"picked":"Sweeping Beam","floor":1.0},{"not_picked":["Leap","Undo"],"picked":"Glacier","floor":3.0},{"not_picked":["Leap","Buffer"],"picked":"Beam Cell","floor":7.0},{"not_picked":["Consume","Ball Lightning","Turbo"],"picked":"SKIP","floor":8.0},{"not_picked":["Meteor Strike","Buffer"],"picked":"Reboot","floor":16.0},{"not_picked":["Cold Snap+1","Sunder"],"picked":"Hologram+1","floor":18.0},{"not_picked":["Capacitor","Go for the Eyes+1"],"picked":"Beam Cell+1","floor":21.0},{"not_picked":["Melter","Chaos+1","Tempest"],"picked":"SKIP","floor":22.0},{"not_picked":["Coolheaded","Barrage"],"picked":"Scrape+1","floor":24.0},{"not_picked":["Conserve Battery","Turbo+1","Loop+1"],"picked":"SKIP","floor":28},{"not_picked":["Skim","Machine Learning"],"picked":"Gash","floor":29},{"not_picked":["Tempest","Compile Driver+1","Hello World"],"picked":"SKIP","floor":31},{"not_picked":["Hyperbeam","Amplify"],"picked":"Seek","floor":33},{"not_picked":["Melter+1","Tempest+1","Capacitor+1"],"picked":"SKIP","floor":35},{"not_picked":["Hologram","Compile Driver+1"],"picked":"Reinforced Body+1","floor":37},{"not_picked":["Hologram","Turbo"],"picked":"Chill","floor":38},{"not_picked":["Auto Shields+1","Conserve Battery+1","Rebound+1"],"picked":"SKIP","floor":42},{"not_picked":["Leap+1","Multi-Cast","Compile Driver"],"picked":"SKIP","floor":45},{"not_picked":["Rebound","Recycle","Lockon+1"],"picked":"SKIP","floor":47},{"not_picked":["Fusion+1","Ball Lightning","Stack+1"],"picked":"SKIP","floor":48}],"player_experience":263880,"relics_obtained":[{"floor":9.0,"key":"Cables"},{"floor":26.0,"key":"Emotion Chip"},{"floor":37,"key":"Girya"},{"floor":42,"key":"Boot"},{"floor":43,"key":"Pen Nib"},{"floor":45,"key":"Happy Flower"}],"event_choices":[{"cards_removed":["Strike_B"],"damage_healed":0.0,"max_hp_gain":0.0,"max_hp_loss":0.0,"gold_gain":0.0,"event_name":"The Cleric","player_choice":"Card Removal","floor":2.0,"gold_loss":50.0,"damage_taken":0.0},{"damage_healed":0.0,"max_hp_gain":0.0,"max_hp_loss":6.0,"gold_gain":0.0,"event_name":"Golden Idol","player_choice":"Lose Max HP","floor":5.0,"gold_loss":0.0,"damage_taken":0.0,"relics_obtained":["Golden Idol"]},{"damage_healed":0.0,"max_hp_gain":0.0,"max_hp_loss":0.0,"gold_gain":0.0,"event_name":"Scrap Ooze","player_choice":"Success","floor":14.0,"gold_loss":0.0,"damage_taken":18.0,"relics_obtained":["Mercury Hourglass"]},{"damage_healed":0.0,"max_hp_gain":0.0,"max_hp_loss":0.0,"gold_gain":0.0,"event_name":"Masked Bandits","player_choice":"Paid Fearfully","floor":19.0,"gold_loss":147.0,"damage_taken":0.0},{"damage_healed":0.0,"max_hp_gain":0.0,"max_hp_loss":0.0,"gold_gain":0.0,"event_name":"Lab","player_choice":"Got Potions","floor":20.0,"gold_loss":0.0,"damage_taken":0.0},{"damage_healed":0.0,"max_hp_gain":0.0,"max_hp_loss":0.0,"gold_gain":0.0,"cards_transformed":["Strike_B","Defend_B"],"event_name":"Drug Dealer","player_choice":"Became Test Subject","floor":25.0,"gold_loss":0.0,"damage_taken":0.0,"cards_obtained":["All For One","Self Repair"]},{"damage_healed":0.0,"max_hp_gain":0.0,"max_hp_loss":0.0,"gold_gain":100.0,"event_name":"The Joust","player_choice":"Bet on Murderer","floor":27.0,"gold_loss":50.0,"damage_taken":0.0},{"damage_healed":0,"gold_gain":0,"player_choice":"Ignored","damage_taken":0,"max_hp_gain":0,"max_hp_loss":0,"event_name":"Tomb of Lord Red Mask","floor":36,"gold_loss":0},{"damage_healed":0,"gold_gain":0,"player_choice":"Fight","damage_taken":0,"max_hp_gain":0,"max_hp_loss":0,"event_name":"MindBloom","floor":37,"gold_loss":0}],"is_beta":false,"boss_relics":[{"not_picked":["Cursed Key","Fusion Hammer"],"picked":"Runic Pyramid"},{"not_picked":["Velvet Choker","White Beast Statue"],"picked":"Coffee Dripper"}],"items_purged_floors":[39,41],"is_endless":false,"potions_floor_spawned":[3,7,8,18,22,31,35,42,48],"ascension_level":11}