{"gold_per_floor":[110,125,142,112,112,124,124,136,217,217,236,236,261,88,88,162,162,172,72,90,40,40,40,72,72,123,65,65,65,79,90,90,90],"floor_reached":33,"playtime":1074,"items_purged":["Strike_R","Brutality"],"score":559,"play_id":"260415a6-cc64-4b2e-91ac-803cb8bd8eac","local_time":"20190623155118","is_ascension_mode":true,"campfire_choices":[{"data":"Bash","floor":7.0,"key":"SMITH"},{"floor":10.0,"key":"REST"},{"data":"Sword Boomerang","floor":15.0,"key":"SMITH"},{"floor":23.0,"key":"REST"},{"data":"Blind","floor":25.0,"key":"SMITH"},{"data":"Rage","floor":29.0,"key":"SMITH"},{"floor":32.0,"key":"REST"}],"neow_cost":"NONE","seed_source_timestamp":103728777747414,"circlet_count":0,"master_deck":["AscendersBane","Strike_R","Defend_R+1","Defend_R","Defend_R+1","Defend_R","Bash+1","Spot Weakness+1","Dropkick+1","Cleave","Anger","Rage+1","Sword Boomerang+1","True Grit","Blind+1","Anger","Anger","Flex","Anger"],"special_seed":0,"relics":["Burning Blood","Orichalcum","Pear","Unceasing Top","Empty Cage","Juzu Bracelet","War Paint"],"potions_floor_usage":[],"damage_taken":[{"damage":15.0,"enemies":"Small Slimes","floor":1.0,"turns":3.0},{"damage":3.0,"enemies":"Jaw Worm","floor":2.0,"turns":3.0},{"damage":9.0,"enemies":"Cultist","floor":3.0,"turns":4.0},{"damage":30.0,"enemies":"Exordium Thugs","floor":4.0,"turns":4.0},{"damage":11.0,"enemies":"Gremlin Gang","floor":6.0,"turns":4.0},{"damage":9.0,"enemies":"Blue Slaver","floor":8.0,"turns":3.0},{"damage":3.0,"enemies":"3 Louse","floor":11.0,"turns":4.0},{"damage":29.0,"enemies":"Lagavulin","floor":13.0,"turns":6.0},{"damage":19.0,"enemies":"Hexaghost","floor":16.0,"turns":7.0},{"damage":27.0,"enemies":"Shell Parasite","floor":18.0,"turns":4.0},{"damage":17.0,"enemies":"2 Thieves","floor":20.0,"turns":4.0},{"damage":16.0,"enemies":"Book of Stabbing","floor":24.0,"turns":4.0},{"damage":11.0,"enemies":"Centurion and Healer","floor":30.0,"turns":5.0},{"damage":22.0,"enemies":"Sentry and Sphere","floor":31.0,"turns":4.0},{"damage":61,"enemies":"Collector","floor":33,"turns":5}],"seed_played":"1999946909372433593","potions_obtained":[{"floor":1.0,"key":"SteroidPotion"},{"floor":3.0,"key":"LiquidBronze"},{"floor":11.0,"key":"Explosive Potion"},{"floor":18.0,"key":"GamblersBrew"}],"is_trial":false,"path_per_floor":["M","M","M","M","?","M","R","M","T","R","M","?","E","$","R","B",null,"M","$","M","?","$","R","E","R","T","$","?","R","M","M","R","B"],"character_chosen":"IRONCLAD","items_purchased":["Blind","Flex"],"campfire_rested":3,"item_purchase_floors":[14,27],"current_hp_per_floor":[59,62,59,35,17,12,12,9,19,44,47,47,24,24,24,11,67,46,46,35,35,35,60,50,50,50,50,50,50,45,29,54,0],"gold":90,"neow_bonus":"ONE_RANDOM_RARE_CARD","is_prod":false,"is_daily":false,"chose_seed":false,"campfire_upgraded":4,"win_rate":0,"timestamp":1561297878,"path_taken":["M","M","M","M","?","M","R","M","T","R","M","?","E","$","R","BOSS","M","$","M","?","?","R","E","R","T","$","?","R","M","M","R","BOSS"],"build_version":"2019-01-23","purchased_purges":2,"victory":false,"max_hp_per_floor":[75,75,75,75,75,75,75,75,85,85,85,85,85,85,85,85,85,85,85,85,85,85,85,85,85,85,85,85,85,85,85,85,85],"card_choices":[{"not_picked":["Heavy Blade","Clothesline"],"picked":"Spot Weakness","floor":1.0},{"not_picked":["True Grit","Wild Strike"],"picked":"Dropkick","floor":2.0},{"not_picked":["Evolve","Warcry"],"picked":"Cleave","floor":3.0},{"not_picked":["Cleave","Iron Wave"],"picked":"Anger","floor":4.0},{"not_picked":["Warcry","Uppercut"],"picked":"Rage","floor":6.0},{"not_picked":["True Grit","Armaments"],"picked":"Sword Boomerang","floor":8.0},{"not_picked":["Immolate","Evolve","Bloodletting"],"picked":"SKIP","floor":11.0},{"not_picked":["Metallicize","Body Slam"],"picked":"True Grit","floor":13.0},{"not_picked":["Twin Strike","Sentinel","Clothesline"],"picked":"SKIP","floor":18.0},{"not_picked":["Twin Strike","Intimidate"],"picked":"Anger","floor":20.0},{"not_picked":["Heavy Blade","Whirlwind"],"picked":"Anger","floor":24.0},{"not_picked":["Searing Blow","Sever Soul","Armaments"],"picked":"SKIP","floor":30.0},{"not_picked":["Cleave","Inflame"],"picked":"Anger","floor":31.0}],"player_experience":651553,"relics_obtained":[{"floor":9.0,"key":"Pear"},{"floor":13.0,"key":"Unceasing Top"},{"floor":24.0,"key":"Juzu Bracelet"},{"floor":26.0,"key":"War Paint"}],"event_choices":[{"damage_healed":0.0,"max_hp_gain":0.0,"max_hp_loss":0.0,"gold_gain":0.0,"event_name":"Scrap Ooze","player_choice":"Success","floor":5.0,"gold_loss":0.0,"damage_taken":18.0,"relics_obtained":["Orichalcum"]},{"cards_removed":["Strike_R"],"damage_healed":0.0,"max_hp_gain":0.0,"max_hp_loss":0.0,"gold_gain":0.0,"event_name":"Wheel of Change","player_choice":"Card Removal","floor":12.0,"gold_loss":0.0,"damage_taken":0.0},{"damage_healed":0.0,"max_hp_gain":0.0,"max_hp_loss":0.0,"gold_gain":0.0,"event_name":"Designer","player_choice":"Upgraded Two","floor":21.0,"gold_loss":50.0,"damage_taken":0.0,"cards_upgraded":["Dropkick","Defend_R"]},{"damage_healed":0.0,"max_hp_gain":0.0,"max_hp_loss":0.0,"gold_gain":0.0,"event_name":"Vampires","player_choice":"Ignored","floor":28.0,"gold_loss":0.0,"damage_taken":0.0}],"is_beta":false,"boss_relics":[{"not_picked":["Runic Cube","Fusion Hammer"],"picked":"Empty Cage"}],"items_purged_floors":[14,19],"is_endless":false,"potions_floor_spawned":[1,3,11,18],"killed_by":"Collector","ascension_level":20}