{"gold_per_floor":[112,124,138,213,163,163,193,193,193,228,245,270,270,285,285,383,383,398,33,53,63,75,101,128,142,168,93,93,112,122,136,136,136],"floor_reached":33,"playtime":1908,"items_purged":["Strike_G"],"score":393,"play_id":"98eae772-32ae-42c6-9831-694cd03550dc","local_time":"20190619172952","is_ascension_mode":true,"campfire_choices":[{"data":"Caltrops","floor":6,"key":"SMITH"},{"floor":15,"key":"REST"},{"floor":28,"key":"REST"},{"floor":32,"key":"REST"}],"neow_cost":"NONE","seed_source_timestamp":433889660892500,"circlet_count":0,"master_deck":["Defend_G","Defend_G","Defend_G","Strike_G","Strike_G","Strike_G","Survivor","Neutralize","Dramatic Entrance","Caltrops+1","Cloak And Dagger","Leg Sweep","Blur","Accuracy","Dagger Throw","Bouncing Flask","Skewer+1","Glass Knife+1","Cloak And Dagger","Footwork","Noxious Fumes","Blur+1","Blade Dance","Slice+1","Slice+1"],"relics":["Ring of the Snake","Pear","Meat on the Bone","Du-Vu Doll","Molten Egg 2","Matryoshka","WristBlade","Paper Crane","Art of War","Centennial Puzzle","Snake Skull","Letter Opener","Juzu Bracelet"],"potions_floor_usage":[21,23,30,33],"damage_taken":[{"damage":0,"enemies":"2 Louse","floor":1,"turns":2},{"damage":2,"enemies":"Jaw Worm","floor":2,"turns":5},{"damage":1,"enemies":"Cultist","floor":3,"turns":4},{"damage":20,"enemies":"3 Sentries","floor":7,"turns":11},{"damage":24,"enemies":"Lagavulin","floor":10,"turns":15},{"damage":2,"enemies":"Large Slime","floor":11,"turns":9},{"damage":17,"enemies":"3 Sentries","floor":12,"turns":10},{"damage":0,"enemies":"Exordium Wildlife","floor":14,"turns":5},{"damage":35,"enemies":"Hexaghost","floor":16,"turns":10},{"damage":11,"enemies":"2 Thieves","floor":18,"turns":4},{"damage":3,"enemies":"Chosen","floor":20,"turns":5},{"damage":4,"enemies":"Centurion and Healer","floor":21,"turns":10},{"damage":19,"enemies":"Shelled Parasite and Fungi","floor":22,"turns":7},{"damage":41,"enemies":"Book of Stabbing","floor":23,"turns":6},{"damage":2,"enemies":"Snecko","floor":25,"turns":6},{"damage":2,"enemies":"Chosen and Byrds","floor":29,"turns":7},{"damage":8,"enemies":"Sentry and Sphere","floor":30,"turns":7},{"damage":14,"enemies":"Snecko","floor":31,"turns":4},{"damage":79,"enemies":"Champ","floor":33,"turns":13}],"seed_played":"-912118047076209004","potions_obtained":[{"floor":2,"key":"Energy Potion"},{"floor":12,"key":"Weak Potion"},{"floor":16,"key":"Energy Potion"},{"floor":18,"key":"SkillPotion"},{"floor":29,"key":"Regen Potion"},{"floor":31,"key":"SkillPotion"}],"is_trial":false,"path_per_floor":["M","M","M","?","?","R","E","?","T","E","M","E","?","M","R","B",null,"M","$","M","M","M","E","T","M","T","?","R","M","M","M","R","B"],"character_chosen":"THE_SILENT","items_purchased":["Footwork","Paper Crane"],"campfire_rested":3,"item_purchase_floors":[19,19],"current_hp_per_floor":[63,61,60,49,49,49,39,32,32,20,30,25,25,37,61,38,70,59,59,56,52,45,16,16,26,26,26,50,48,55,41,65,0],"gold":136,"neow_bonus":"RANDOM_COLORLESS","is_prod":false,"is_daily":false,"chose_seed":false,"campfire_upgraded":1,"win_rate":0,"timestamp":1560990592,"path_taken":["M","M","M","?","?","R","E","?","T","E","M","E","?","M","R","BOSS","M","$","M","M","M","E","?","M","T","?","R","M","M","M","R","BOSS"],"build_version":"2019-01-23","purchased_purges":1,"victory":false,"max_hp_per_floor":[70,70,70,70,70,70,80,80,80,80,80,80,80,80,80,80,80,80,80,80,80,80,80,80,80,80,80,80,80,80,80,80,80],"card_choices":[{"not_picked":["Expertise","Acrobatics"],"picked":"Caltrops","floor":1},{"not_picked":["Predator","Acrobatics"],"picked":"Cloak And Dagger","floor":2},{"not_picked":["Dodge and Roll","Expertise"],"picked":"Leg Sweep","floor":3},{"not_picked":["Backflip","Terror"],"picked":"Blur","floor":7},{"not_picked":["Reflex","Flying Knee"],"picked":"Accuracy","floor":10},{"not_picked":["Flying Knee","Predator"],"picked":"Dagger Throw","floor":11},{"not_picked":["Predator","Deflect"],"picked":"Bouncing Flask","floor":12},{"not_picked":["Deflect","Dodge and Roll"],"picked":"Skewer+1","floor":14},{"not_picked":["Venomology","Die Die Die+1"],"picked":"Glass Knife+1","floor":16},{"not_picked":["Expertise","Poisoned Stab+1"],"picked":"Cloak And Dagger","floor":18},{"not_picked":["Bane+1","Backflip"],"picked":"Noxious Fumes","floor":20},{"not_picked":["Outmaneuver","Wraith Form v2","Masterful Stab+1"],"picked":"SKIP","floor":21},{"not_picked":["Tactician","Caltrops","Distraction"],"picked":"SKIP","floor":22},{"not_picked":["Backstab+1","Dodge and Roll"],"picked":"Blur+1","floor":23},{"not_picked":["Prepared","Backflip"],"picked":"Blade Dance","floor":25},{"not_picked":["Quick Slash+1","Dagger Spray+1"],"picked":"Slice+1","floor":29},{"not_picked":["Acrobatics","Caltrops","Unload+1"],"picked":"SKIP","floor":30},{"not_picked":["Poisoned Stab+1","Caltrops+1"],"picked":"Slice+1","floor":31}],"player_experience":364606,"relics_obtained":[{"floor":7,"key":"Pear"},{"floor":9,"key":"Meat on the Bone"},{"floor":10,"key":"Du-Vu Doll"},{"floor":12,"key":"Molten Egg 2"},{"floor":23,"key":"Art of War"},{"floor":24,"key":"Centennial Puzzle"},{"floor":24,"key":"Snake Skull"},{"floor":26,"key":"Letter Opener"},{"floor":26,"key":"Juzu Bracelet"}],"event_choices":[{"damage_healed":0,"gold_gain":75,"player_choice":"Gather Gold","damage_taken":11,"max_hp_gain":0,"max_hp_loss":0,"event_name":"World of Goop","floor":4,"gold_loss":0},{"cards_removed":["Defend_G"],"damage_healed":0,"gold_gain":0,"player_choice":"Card Removal","damage_taken":0,"max_hp_gain":0,"max_hp_loss":0,"event_name":"The Cleric","floor":5,"gold_loss":50},{"cards_removed":["Defend_G"],"damage_healed":0,"gold_gain":0,"player_choice":"Card Removal","damage_taken":7,"max_hp_gain":0,"max_hp_loss":0,"event_name":"Golden Wing","floor":8,"gold_loss":0},{"damage_healed":0,"gold_gain":0,"player_choice":"Gave Potion","damage_taken":0,"relics_obtained":["Matryoshka"],"max_hp_gain":0,"max_hp_loss":0,"event_name":"WeMeetAgain","floor":13,"gold_loss":0},{"cards_removed":["Strike_G"],"damage_healed":0,"gold_gain":0,"player_choice":"Gave Gold","damage_taken":0,"max_hp_gain":0,"max_hp_loss":0,"event_name":"Beggar","floor":27,"gold_loss":75}],"is_beta":false,"boss_relics":[{"not_picked":["Tiny House","Runic Dome"],"picked":"WristBlade"}],"items_purged_floors":[19],"is_endless":false,"potions_floor_spawned":[2,12,16,18,20,29,31],"killed_by":"Champ","ascension_level":7}