{"gold_per_floor":[111,111,111,121,131,131,143,169,250,260,8,43,66,77,77,173,173,193,193,204,204,0,15,25,40,67,67,67],"floor_reached":28,"playtime":4597,"items_purged":["Strike_G"],"score":232,"play_id":"ea51127c-e05e-439f-87db-74df47266237","local_time":"20190612230522","is_ascension_mode":false,"campfire_choices":[{"floor":6,"key":"REST"},{"floor":15,"key":"REST"},{"floor":27,"key":"REST"}],"neow_cost":"PERCENT_DAMAGE","seed_source_timestamp":358674619759964,"circlet_count":0,"master_deck":["Defend_G","Defend_G","Defend_G","Defend_G","Strike_G","Strike_G","Survivor","Neutralize","Crippling Poison","Dagger Spray","Choke","Flechettes","Phantasmal Killer","Catalyst","Infinite Blades","Deadly Poison","Poisoned Stab","Noxious Fumes","Die Die Die","Deadly Poison","Calculated Gamble","Catalyst","Dagger Spray","Corpse Explosion","Necronomicurse","Footwork","Blur","Poisoned Stab","PiercingWail","Footwork"],"relics":["Ring of the Snake","Prayer Wheel","Sundial","Meat on the Bone","Happy Flower","Bag of Preparation","HoveringKite","Necronomicon","Boot"],"potions_floor_usage":[8,12,12,12,20,25],"damage_taken":[{"damage":0,"enemies":"Small Slimes","floor":1,"turns":6},{"damage":0,"enemies":"Cultist","floor":4,"turns":6},{"damage":0,"enemies":"Jaw Worm","floor":5,"turns":4},{"damage":1,"enemies":"Blue Slaver","floor":7,"turns":5},{"damage":32,"enemies":"3 Sentries","floor":8,"turns":9},{"damage":7,"enemies":"Gremlin Gang","floor":10,"turns":3},{"damage":35,"enemies":"Lagavulin","floor":12,"turns":8},{"damage":5,"enemies":"2 Fungi Beasts","floor":14,"turns":4},{"damage":25,"enemies":"Slime Boss","floor":16,"turns":10},{"damage":19,"enemies":"Spheric Guardian","floor":18,"turns":4},{"damage":5,"enemies":"3 Byrds","floor":20,"turns":3},{"damage":20,"enemies":"Centurion and Healer","floor":23,"turns":5},{"damage":8,"enemies":"Snecko","floor":24,"turns":4},{"damage":16,"enemies":"Snake Plant","floor":25,"turns":3},{"damage":48,"enemies":"Slavers","floor":28,"turns":3}],"seed_played":"1491568390024688661","potions_obtained":[{"floor":1,"key":"Weak Potion"},{"floor":3,"key":"SkillPotion"},{"floor":3,"key":"PowerPotion"},{"floor":3,"key":"SteroidPotion"},{"floor":8,"key":"Explosive Potion"},{"floor":10,"key":"Regen Potion"},{"floor":18,"key":"Explosive Potion"},{"floor":24,"key":"Poison Potion"}],"is_trial":false,"path_per_floor":["M","?","?","M","M","R","M","E","T","M","$","E","T","M","R","B",null,"M","?","M","?","$","M","M","M","T","R","E"],"character_chosen":"THE_SILENT","items_purchased":["Meat on the Bone","Footwork","SteroidPotion"],"campfire_rested":3,"item_purchase_floors":[11,22,22],"current_hp_per_floor":[49,42,42,42,42,63,62,30,30,23,23,15,15,22,43,30,70,51,51,46,30,30,22,26,22,22,43,0],"gold":67,"neow_bonus":"REMOVE_TWO","is_prod":false,"is_daily":false,"chose_seed":false,"campfire_upgraded":0,"win_rate":0.0,"timestamp":1560395122,"path_taken":["M","?","?","?","M","R","M","E","T","M","$","E","?","M","R","BOSS","M","?","?","?","$","M","M","M","T","R","E"],"build_version":"2019-01-23","purchased_purges":1,"victory":false,"max_hp_per_floor":[70,70,70,70,70,70,70,70,70,70,70,70,70,70,70,70,70,70,70,70,70,70,70,70,70,70,70,70],"card_choices":[{"not_picked":["Outmaneuver","Flying Knee"],"picked":"Crippling Poison","floor":1},{"not_picked":["Caltrops","Riddle With Holes"],"picked":"Dagger Spray","floor":4},{"not_picked":["Accuracy","Sucker Punch"],"picked":"Choke","floor":5},{"not_picked":["Finisher","Quick Slash"],"picked":"Flechettes","floor":7},{"not_picked":["Dodge and Roll","Distraction"],"picked":"Phantasmal Killer","floor":8},{"not_picked":["PiercingWail","Bane"],"picked":"Catalyst","floor":10},{"not_picked":["Slice","Choke"],"picked":"Infinite Blades","floor":10},{"not_picked":["Bane","Outmaneuver"],"picked":"Deadly Poison","floor":12},{"not_picked":["Acrobatics","Expertise"],"picked":"Poisoned Stab","floor":14},{"not_picked":["PiercingWail","Dagger Throw"],"picked":"Noxious Fumes","floor":14},{"not_picked":["Malaise","Grand Finale"],"picked":"Die Die Die","floor":16},{"not_picked":["Cloak And Dagger","Slice"],"picked":"Deadly Poison","floor":18},{"not_picked":["Quick Slash","Dagger Throw"],"picked":"Calculated Gamble","floor":18},{"not_picked":["PiercingWail","Choke"],"picked":"Dagger Spray","floor":20},{"not_picked":["Bouncing Flask+1","Leg Sweep+1"],"picked":"Corpse Explosion","floor":20},{"not_picked":["Quick Slash","Slice+1"],"picked":"Blur","floor":23},{"not_picked":["Riddle With Holes","Tactician","Dagger Throw"],"picked":"SKIP","floor":23},{"not_picked":["Outmaneuver","Sucker Punch+1"],"picked":"Poisoned Stab","floor":24},{"not_picked":["Slice","Acrobatics"],"picked":"PiercingWail","floor":24},{"not_picked":["Flying Knee+1","Acrobatics"],"picked":"Footwork","floor":25},{"not_picked":["Expertise","Underhanded Strike+1","Quick Slash"],"picked":"SKIP","floor":25}],"player_experience":1134760,"relics_obtained":[{"floor":8,"key":"Prayer Wheel"},{"floor":9,"key":"Sundial"},{"floor":12,"key":"Happy Flower"},{"floor":13,"key":"Bag of Preparation"},{"floor":21,"key":"Necronomicon"},{"floor":26,"key":"Boot"}],"event_choices":[{"cards_removed":["Defend_G"],"damage_healed":0,"gold_gain":0,"player_choice":"Card Removal","damage_taken":7,"max_hp_gain":0,"max_hp_loss":0,"event_name":"Golden Wing","floor":2,"gold_loss":0},{"damage_healed":0,"gold_gain":0,"player_choice":"Got Potions","damage_taken":0,"max_hp_gain":0,"max_hp_loss":0,"event_name":"Lab","floor":3,"gold_loss":0},{"damage_healed":0,"gold_gain":0,"player_choice":"Copied","damage_taken":0,"max_hp_gain":0,"max_hp_loss":0,"event_name":"Duplicator","floor":19,"gold_loss":0,"cards_obtained":["Catalyst"]},{"damage_healed":0,"gold_gain":0,"player_choice":"Obtained Book","damage_taken":16,"max_hp_gain":0,"max_hp_loss":0,"event_name":"Cursed Tome","floor":21,"gold_loss":0}],"is_beta":false,"boss_relics":[{"not_picked":["Philosopher\u0027s Stone","Orrery"],"picked":"HoveringKite"}],"items_purged_floors":[22],"is_endless":false,"potions_floor_spawned":[1,8,10,18,24],"killed_by":"Slavers","ascension_level":0}