{"gold_per_floor":[117,67,67,142,142,142,167,167,167,196,210,3,3,19,19,120,120,140,159,159],"floor_reached":20,"playtime":1189,"items_purged":[],"score":268,"play_id":"847fdc1c-23ea-469f-b3b0-4f68b781110d","local_time":"20190615031540","is_ascension_mode":true,"campfire_choices":[{"floor":6.0,"key":"DIG"},{"floor":8.0,"key":"REST"},{"floor":13,"key":"DIG"},{"floor":15,"key":"DIG"}],"neow_cost":"NONE","seed_source_timestamp":0,"circlet_count":0,"master_deck":["Defend_G","Defend_G","Defend_G","Defend_G","Defend_G","Strike_G","Strike_G","Strike_G","Survivor","Neutralize","Bullet Time","Poisoned Stab","Regret","Deflect","Die Die Die","Poisoned Stab","Dagger Spray","Prepared","Envenom","Blur","Cloak And Dagger+1"],"special_seed":0,"relics":["Ring of the Snake","Shovel","PreservedInsect","Gremlin Horn","Ornamental Fan","Pear","Lee\u0027s Waffle","Regal Pillow","Letter Opener","WristBlade"],"potions_floor_usage":[18,20],"damage_taken":[{"damage":6.0,"enemies":"Jaw Worm","floor":1.0,"turns":7.0},{"damage":33.0,"enemies":"3 Sentries","floor":7.0,"turns":15.0},{"damage":30,"enemies":"Lagavulin","floor":10,"turns":9},{"damage":3,"enemies":"2 Louse","floor":11,"turns":2},{"damage":0,"enemies":"Small Slimes","floor":14,"turns":1},{"damage":65,"enemies":"The Guardian","floor":16,"turns":14},{"damage":30,"enemies":"Spheric Guardian","floor":18,"turns":7},{"damage":1,"enemies":"3 Byrds","floor":19,"turns":4},{"damage":43,"enemies":"Sentry and Sphere","floor":20,"turns":7}],"seed_played":"1019455407613508040","potions_obtained":[{"floor":11,"key":"SpeedPotion"},{"floor":14,"key":"SpeedPotion"},{"floor":16,"key":"LiquidBronze"}],"is_trial":false,"path_per_floor":["M","?","?","?","?","R","E","R","T","E","M","$","R","M","R","B",null,"M","M","M"],"character_chosen":"THE_SILENT","items_purchased":["Lee\u0027s Waffle"],"campfire_rested":1,"item_purchase_floors":[12],"current_hp_per_floor":[57,57,57,46,46,46,13,34,34,14,11,87,87,87,87,22,71,41,40,0],"gold":159,"neow_bonus":"ONE_RANDOM_RARE_CARD","is_prod":false,"is_daily":false,"chose_seed":false,"campfire_upgraded":0,"win_rate":0,"timestamp":1560593740,"path_taken":["M","?","?","?","?","R","E","R","T","E","M","$","R","?","R","BOSS","M","M","M"],"build_version":"2019-01-23","purchased_purges":0,"victory":false,"max_hp_per_floor":[70,70,70,70,70,70,70,70,70,80,80,87,87,87,87,87,87,87,87,87],"card_choices":[{"not_picked":["Blade Dance","Bane"],"picked":"Poisoned Stab","floor":1.0},{"not_picked":["Blade Dance","Acrobatics"],"picked":"Die Die Die","floor":7.0},{"not_picked":["Terror","Infinite Blades"],"picked":"Poisoned Stab","floor":10},{"not_picked":["Outmaneuver","Concentrate"],"picked":"Dagger Spray","floor":11},{"not_picked":["Setup","Blade Dance"],"picked":"Prepared","floor":14},{"not_picked":["Burst","Unload"],"picked":"Envenom","floor":16},{"not_picked":["Dagger Throw","Masterful Stab"],"picked":"Blur","floor":18},{"not_picked":["Acrobatics+1","Bane+1"],"picked":"Cloak And Dagger+1","floor":19}],"player_experience":352139,"relics_obtained":[{"floor":6.0,"key":"PreservedInsect"},{"floor":7.0,"key":"Gremlin Horn"},{"floor":9,"key":"Ornamental Fan"},{"floor":10,"key":"Pear"},{"floor":13,"key":"Regal Pillow"},{"floor":15,"key":"Letter Opener"}],"event_choices":[{"cards_removed":["Strike_G"],"damage_healed":0.0,"max_hp_gain":0.0,"max_hp_loss":0.0,"gold_gain":0.0,"event_name":"The Cleric","player_choice":"Card Removal","floor":2.0,"gold_loss":50.0,"damage_taken":0.0},{"damage_healed":0.0,"max_hp_gain":0.0,"max_hp_loss":0.0,"gold_gain":0.0,"event_name":"Big Fish","player_choice":"Box","floor":3.0,"gold_loss":0.0,"damage_taken":0.0,"relics_obtained":["Shovel"],"cards_obtained":["Regret"]},{"damage_healed":0.0,"max_hp_gain":0.0,"max_hp_loss":0.0,"gold_gain":75.0,"event_name":"World of Goop","player_choice":"Gather Gold","floor":4.0,"gold_loss":0.0,"damage_taken":11.0},{"damage_healed":0.0,"max_hp_gain":0.0,"max_hp_loss":0.0,"gold_gain":0.0,"cards_transformed":["Strike_G"],"event_name":"Transmorgrifier","player_choice":"Transformed","floor":5.0,"gold_loss":0.0,"damage_taken":0.0,"cards_obtained":["Deflect"]}],"is_beta":false,"boss_relics":[{"not_picked":["Calling Bell","Runic Dome"],"picked":"WristBlade"}],"items_purged_floors":[],"is_endless":false,"potions_floor_spawned":[11,14,16],"killed_by":"Sentry and Sphere","ascension_level":7}