{"gold_per_floor":[217,228,14,31,48,48,382,382,382,392,392,408,436,436,436,514,514,527,248,248,0,0,0,0],"floor_reached":24,"playtime":683,"items_purged":["Strike_B"],"score":408,"play_id":"e0b0ea51-ff98-4b63-a1eb-6a3da6fed545","local_time":"20190602000552","is_ascension_mode":true,"campfire_choices":[{"data":"Apotheosis","floor":6,"key":"SMITH"},{"floor":8,"key":"REST"},{"data":"Coolheaded","floor":11,"key":"SMITH"},{"data":"Sweeping Beam","floor":15,"key":"SMITH"},{"floor":23,"key":"REST"}],"neow_cost":"NONE","seed_source_timestamp":582414177200,"circlet_count":0,"master_deck":["AscendersBane","Strike_B","Strike_B","Strike_B","Defend_B","Defend_B","Defend_B","Defend_B","Zap","Dualcast","Compile Driver","Sweeping Beam+1","Apotheosis+1","Coolheaded+1","Beam Cell","Genetic Algorithm","Electrodynamics","Ball Lightning","Glacier","Undo","Reboot","Reinforced Body","Necronomicurse"],"relics":["Cracked Core","Old Coin","StoneCalendar","Torii","Snecko Eye","Happy Flower","Necronomicon","Juzu Bracelet"],"potions_floor_usage":[13,13,24],"damage_taken":[{"damage":3,"enemies":"Small Slimes","floor":1,"turns":3},{"damage":4,"enemies":"Jaw Worm","floor":2,"turns":4},{"damage":0,"enemies":"2 Louse","floor":4,"turns":2},{"damage":13,"enemies":"Exordium Wildlife","floor":5,"turns":4},{"damage":8,"enemies":"Lagavulin","floor":7,"turns":7},{"damage":3,"enemies":"2 Fungi Beasts","floor":10,"turns":4},{"damage":32,"enemies":"Exordium Thugs","floor":12,"turns":6},{"damage":9,"enemies":"Gremlin Nob","floor":13,"turns":3},{"damage":10,"enemies":"Slime Boss","floor":16,"turns":7},{"damage":21,"enemies":"2 Thieves","floor":18,"turns":4},{"damage":56,"enemies":"Slavers","floor":24,"turns":2}],"seed_played":"7544316831908480066","potions_obtained":[{"floor":5,"key":"Strength Potion"},{"floor":10,"key":"Poison Potion"},{"floor":16,"key":"LiquidBronze"}],"is_trial":false,"path_per_floor":["M","M","$","M","M","R","E","R","T","M","R","M","E","?","R","B",null,"M","$","?","$","?","R","E"],"character_chosen":"DEFECT","items_purchased":["Apotheosis","Coolheaded","Happy Flower","Reinforced Body","Juzu Bracelet","Regen Potion"],"campfire_rested":2,"item_purchase_floors":[3,3,19,19,21,21],"current_hp_per_floor":[61,57,57,57,44,44,36,57,57,54,54,22,13,36,36,26,60,39,39,18,18,18,39,0],"gold":0,"neow_bonus":"HUNDRED_GOLD","is_prod":false,"is_daily":false,"chose_seed":false,"campfire_upgraded":3,"win_rate":0,"timestamp":1559426752,"path_taken":["M","M","$","M","M","R","E","R","T","M","R","M","E","?","R","BOSS","M","$","?","$","?","R","E"],"build_version":"2019-05-31","purchased_purges":1,"victory":false,"max_hp_per_floor":[71,71,71,71,71,71,71,71,71,71,71,71,71,71,71,71,71,71,71,71,71,71,71,71],"card_choices":[{"not_picked":["Barrage","Skim"],"picked":"Compile Driver","floor":1},{"not_picked":["Capacitor","Coolheaded"],"picked":"Sweeping Beam","floor":2},{"not_picked":["Leap","Coolheaded"],"picked":"Beam Cell","floor":4},{"not_picked":["Multi-Cast","Leap"],"picked":"Genetic Algorithm","floor":5},{"not_picked":["Rebound","Lockon"],"picked":"Electrodynamics","floor":7},{"not_picked":["Stack","Chaos"],"picked":"Ball Lightning","floor":10},{"not_picked":["Doom and Gloom","Streamline"],"picked":"Glacier","floor":12},{"not_picked":["Sweeping Beam","Sunder"],"picked":"Undo","floor":13},{"not_picked":["Electrodynamics","Meteor Strike"],"picked":"Reboot","floor":16},{"not_picked":["Coolheaded","Chill","FTL"],"picked":"SKIP","floor":18}],"player_experience":1649555,"relics_obtained":[{"floor":7,"key":"Old Coin"},{"floor":9,"key":"StoneCalendar"},{"floor":13,"key":"Torii"},{"floor":20,"key":"Necronomicon"}],"event_choices":[{"damage_healed":23,"gold_gain":0,"player_choice":"Banana","damage_taken":0,"max_hp_gain":0,"max_hp_loss":0,"event_name":"Big Fish","floor":14,"gold_loss":0},{"damage_healed":0,"gold_gain":0,"player_choice":"Obtained Book","damage_taken":21,"max_hp_gain":0,"max_hp_loss":0,"event_name":"Cursed Tome","floor":20,"gold_loss":0}],"is_beta":true,"boss_relics":[{"not_picked":["Orrery","Eternal Feather"],"picked":"Snecko Eye"}],"items_purged_floors":[19],"is_endless":false,"potions_floor_spawned":[5,10,16],"killed_by":"Slavers","ascension_level":20}