{"gold_per_floor":[110,127,142,160,180,180,197,220,288,288,302,318,318,348,348,419,419,436,52,52,62,62],"floor_reached":22,"playtime":1020,"items_purged":[],"score":380,"play_id":"5b14e40c-b8e2-4960-af63-11f0f5b5e0c5","local_time":"20190616224718","is_ascension_mode":true,"campfire_choices":[{"data":"Noxious Fumes","floor":6,"key":"SMITH"},{"data":"Noxious Fumes","floor":10,"key":"SMITH"},{"data":"Neutralize","floor":13,"key":"SMITH"},{"data":"Catalyst","floor":15,"key":"SMITH"}],"neow_cost":"NONE","seed_source_timestamp":197517278788420,"circlet_count":0,"master_deck":["AscendersBane","Defend_G","Defend_G","Defend_G","Defend_G","Defend_G","Strike_G","Strike_G","Strike_G","Strike_G","Strike_G","Survivor","Neutralize+1","Grand Finale","Noxious Fumes+1","Backflip","Dodge and Roll","Noxious Fumes+1","PiercingWail","Well Laid Plans","Catalyst+1","Glass Knife+1"],"relics":["Ring of the Snake","Odd Mushroom","Molten Egg 2","Sozu","Snake Skull","ClockworkSouvenir","Nloth\u0027s Gift"],"potions_floor_usage":[3,4,4,8,11],"damage_taken":[{"damage":2,"enemies":"Cultist","floor":1,"turns":4},{"damage":5,"enemies":"Small Slimes","floor":2,"turns":6},{"damage":3,"enemies":"2 Louse","floor":3,"turns":5},{"damage":0,"enemies":"Red Slaver","floor":4,"turns":5},{"damage":2,"enemies":"Exordium Wildlife","floor":5,"turns":3},{"damage":8,"enemies":"3 Louse","floor":7,"turns":3},{"damage":10,"enemies":"The Mushroom Lair","floor":8,"turns":6},{"damage":2,"enemies":"2 Fungi Beasts","floor":11,"turns":5},{"damage":13,"enemies":"Lots of Slimes","floor":12,"turns":4},{"damage":21,"enemies":"3 Sentries","floor":14,"turns":7},{"damage":18,"enemies":"The Guardian","floor":16,"turns":8},{"damage":10,"enemies":"2 Thieves","floor":18,"turns":4},{"damage":16,"enemies":"Shell Parasite","floor":21,"turns":6},{"damage":30,"enemies":"3 Cultists","floor":22,"turns":4}],"seed_played":"7275306305277998193","potions_obtained":[{"floor":1,"key":"Regen Potion"},{"floor":2,"key":"EntropicBrew"},{"floor":5,"key":"EssenceOfSteel"},{"floor":8,"key":"Regen Potion"},{"floor":16,"key":"Dexterity Potion"}],"is_trial":false,"path_per_floor":["M","M","M","M","M","R","M","?","T","R","M","M","R","E","R","B",null,"M","$","?","M","M"],"character_chosen":"THE_SILENT","items_purchased":["Snake Skull","ClockworkSouvenir"],"campfire_rested":0,"item_purchase_floors":[19,19],"current_hp_per_floor":[57,52,63,63,61,61,53,43,43,43,56,43,43,22,22,4,51,41,41,41,25,0],"gold":62,"neow_bonus":"ONE_RANDOM_RARE_CARD","is_prod":false,"is_daily":false,"chose_seed":false,"campfire_upgraded":4,"win_rate":0,"timestamp":1560718038,"path_taken":["M","M","?","M","M","R","M","?","T","R","M","M","R","E","R","BOSS","M","$","?","?","M"],"build_version":"2019-01-23","purchased_purges":0,"victory":false,"max_hp_per_floor":[66,66,66,66,66,66,66,66,66,66,66,66,66,66,66,66,66,66,66,66,66,66],"card_choices":[{"not_picked":["Footwork","Distraction"],"picked":"Noxious Fumes","floor":1},{"not_picked":["Heel Hook","Poisoned Stab","Deflect"],"picked":"SKIP","floor":2},{"not_picked":["Dodge and Roll","Crippling Poison"],"picked":"Backflip","floor":3},{"not_picked":["Heel Hook","Sucker Punch"],"picked":"Dodge and Roll","floor":4},{"not_picked":["Backstab","Envenom","Slice"],"picked":"SKIP","floor":5},{"not_picked":["Underhanded Strike","Prepared"],"picked":"Noxious Fumes","floor":7},{"not_picked":["Flying Knee+1","Acrobatics"],"picked":"PiercingWail","floor":11},{"not_picked":["Footwork","Underhanded Strike+1"],"picked":"Well Laid Plans","floor":12},{"not_picked":["Bane+1","Backstab+1"],"picked":"Catalyst","floor":14},{"not_picked":["Doppelganger","Night Terror"],"picked":"Glass Knife+1","floor":16},{"not_picked":["Deflect","Predator+1","All Out Attack+1"],"picked":"SKIP","floor":18},{"not_picked":["Flying Knee+1","Outmaneuver+1","Sucker Punch+1"],"picked":"SKIP","floor":21}],"player_experience":575248,"relics_obtained":[{"floor":8,"key":"Odd Mushroom"},{"floor":9,"key":"Molten Egg 2"},{"floor":14,"key":"Potion Belt"}],"event_choices":[{"damage_healed":0,"gold_gain":0,"player_choice":"Fought Mushrooms","damage_taken":0,"max_hp_gain":0,"max_hp_loss":0,"event_name":"Mushrooms","floor":8,"gold_loss":0},{"damage_healed":0,"gold_gain":0,"player_choice":"Traded Relic","damage_taken":0,"relics_obtained":["Nloth\u0027s Gift"],"max_hp_gain":0,"max_hp_loss":0,"event_name":"N\u0027loth","floor":20,"relics_lost":["Potion Belt"],"gold_loss":0}],"is_beta":false,"boss_relics":[{"not_picked":["Ectoplasm","Orrery"],"picked":"Sozu"}],"items_purged_floors":[],"is_endless":false,"potions_floor_spawned":[1,2,5,8,16],"killed_by":"3 Cultists","ascension_level":20}