{"gold_per_floor":[219,229,76,92,92,119,119,69,69,102,102,136,36,52,52,156,156,171,161,12,28,28,28,53,53,80,80,108,198,216,245,245,344,344,355,355,372,372,32,63,63,63,63,88,88,113,125,156,156,156,156,156,6,40,40],"floor_reached":56,"playtime":10505,"items_purged":["Strike_G","Strike_G","Defend_G","Defend_G"],"score":1729,"play_id":"d4175d44-0633-48d7-a7cb-32fc864125f8","local_time":"20190626164327","is_ascension_mode":true,"campfire_choices":[{"floor":11.0,"key":"REST"},{"data":"Footwork","floor":15.0,"key":"SMITH"},{"data":"Footwork","floor":23,"key":"SMITH"},{"data":"Malaise","floor":25,"key":"SMITH"},{"data":"Well Laid Plans","floor":27,"key":"SMITH"},{"data":"Corpse Explosion","floor":32,"key":"SMITH"},{"data":"Noxious Fumes","floor":41,"key":"SMITH"},{"data":"Burst","floor":42,"key":"SMITH"},{"floor":45,"key":"RECALL"},{"data":"Apotheosis","floor":49,"key":"SMITH"},{"data":"Adrenaline","floor":52,"key":"SMITH"}],"neow_cost":"NONE","seed_source_timestamp":93687171451000,"circlet_count":0,"master_deck":["Defend_G","Defend_G","Survivor","Neutralize","Backflip","Dash","Footwork+1","Backflip","Backflip","After Image","Footwork+1","Malaise+1","Adrenaline+1","Corpse Explosion+1","Well Laid Plans+1","Catalyst","Well Laid Plans","Burst+1","Backflip+1","Noxious Fumes+1","Apotheosis+1"],"special_seed":0,"relics":["Ring of the Snake","WingedGreaves","Nunchaku","Gambling Chip","Ice Cream","Ginger","Dodecahedron","Eternal Feather","Omamori","Happy Flower","Bottled Tornado","Gremlin Horn","Busted Crown","Unceasing Top","The Specimen","Juzu Bracelet","Anchor","Snake Skull"],"potions_floor_usage":[21,48,55,55,55],"damage_taken":[{"damage":1.0,"enemies":"Jaw Worm","floor":1.0,"turns":6.0},{"damage":0.0,"enemies":"2 Louse","floor":2.0,"turns":3.0},{"damage":0.0,"enemies":"Cultist","floor":4.0,"turns":4.0},{"damage":23.0,"enemies":"3 Sentries","floor":6.0,"turns":11.0},{"damage":40.0,"enemies":"Lagavulin","floor":10.0,"turns":19.0},{"damage":3.0,"enemies":"3 Sentries","floor":12.0,"turns":14.0},{"damage":0.0,"enemies":"Red Slaver","floor":14.0,"turns":4.0},{"damage":20.0,"enemies":"The Guardian","floor":16.0,"turns":18.0},{"damage":0,"enemies":"3 Byrds","floor":18,"turns":9},{"damage":2,"enemies":"2 Thieves","floor":19,"turns":5},{"damage":6,"enemies":"Snecko","floor":21,"turns":12},{"damage":0,"enemies":"Gremlin Leader","floor":24,"turns":10},{"damage":3,"enemies":"Slavers","floor":28,"turns":6},{"damage":7,"enemies":"Centurion and Healer","floor":30,"turns":6},{"damage":0,"enemies":"Book of Stabbing","floor":31,"turns":11},{"damage":20,"enemies":"Collector","floor":33,"turns":11},{"damage":0,"enemies":"3 Shapes","floor":35,"turns":3},{"damage":0,"enemies":"3 Darklings","floor":37,"turns":3},{"damage":0,"enemies":"Reptomancer","floor":40,"turns":2},{"damage":0,"enemies":"Giant Head","floor":44,"turns":4},{"damage":0,"enemies":"Nemesis","floor":46,"turns":3},{"damage":0,"enemies":"Spire Growth","floor":47,"turns":3},{"damage":0,"enemies":"Giant Head","floor":48,"turns":4},{"damage":14,"enemies":"Time Eater","floor":50,"turns":4},{"damage":0,"enemies":"Shield and Spear","floor":54,"turns":2},{"damage":29,"enemies":"The Heart","floor":55,"turns":6}],"seed_played":"1094583435296691037","potions_obtained":[{"floor":12.0,"key":"Energy Potion"},{"floor":14.0,"key":"AttackPotion"},{"floor":19,"key":"Fire Potion"},{"floor":21,"key":"SteroidPotion"},{"floor":30,"key":"EssenceOfSteel"},{"floor":37,"key":"Fruit Juice"},{"floor":44,"key":"Block Potion"},{"floor":48,"key":"Regen Potion"}],"is_trial":false,"path_per_floor":["M","M","$","M","?","E","T","?","T","E","R","E","$","M","R","B",null,"M","M","$","M","?","R","E","R","T","R","E","?","M","E","R","B",null,"M","?","M","?","$","E","R","R","T","E","R","E","M","E","R","B",null,"R","$","E","B",null],"character_chosen":"THE_SILENT","items_purchased":["Footwork","Malaise","Noxious Fumes","Apotheosis"],"campfire_rested":1,"item_purchase_floors":[3,20,39,39],"current_hp_per_floor":[69,69,69,69,66,43,43,43,43,3,24,21,21,21,21,1,70,70,68,68,62,62,70,70,70,70,70,67,53,46,46,58,38,70,70,70,70,70,70,70,70,70,70,70,70,70,70,75,75,61,75,75,75,75,60],"gold":40,"neow_bonus":"HUNDRED_GOLD","is_prod":false,"is_daily":false,"chose_seed":false,"campfire_upgraded":9,"win_rate":1,"timestamp":1561581807,"path_taken":["M","M","$","M","?","E","?","?","T","E","R","E","$","M","R","BOSS","M","M","$","M","?","R","E","R","T","R","E","?","?","E","R","BOSS","M","?","M","?","$","E","R","R","T","E","R","E","M","E","R","BOSS","R","$","E","BOSS"],"build_version":"2019-01-23","purchased_purges":4,"victory":true,"max_hp_per_floor":[70,70,70,70,70,70,70,70,70,70,70,70,70,70,70,70,70,70,70,70,70,70,70,70,70,70,70,70,70,70,70,70,70,70,70,70,70,70,70,70,70,70,70,70,70,70,70,75,75,75,75,75,75,75,75],"card_choices":[{"not_picked":["Reflex","Cloak And Dagger"],"picked":"Backflip","floor":1.0},{"not_picked":["Poisoned Stab","Slice"],"picked":"Dash","floor":2.0},{"not_picked":["Skewer","Deadly Poison","Accuracy"],"picked":"SKIP","floor":4.0},{"not_picked":["Acrobatics","Deadly Poison","Sucker Punch"],"picked":"SKIP","floor":6.0},{"not_picked":["Outmaneuver","Infinite Blades"],"picked":"Backflip","floor":10.0},{"not_picked":["Bane","Tactician"],"picked":"Backflip","floor":12.0},{"not_picked":["Underhanded Strike","Cloak And Dagger","Corpse Explosion"],"picked":"SKIP","floor":14.0},{"not_picked":["Bullet Time","Tools of the Trade"],"picked":"After Image","floor":16.0},{"not_picked":["Dagger Throw+1","Sucker Punch","Reflex+1"],"picked":"SKIP","floor":18},{"not_picked":["Dagger Throw+1","Prepared"],"picked":"Footwork","floor":19},{"not_picked":["Slice","Blade Dance","Flying Knee"],"picked":"SKIP","floor":21},{"not_picked":["Backstab+1","Poisoned Stab"],"picked":"Well Laid Plans","floor":24},{"not_picked":["Predator","Acrobatics","Dagger Throw"],"picked":"SKIP","floor":28},{"not_picked":["Underhanded Strike+1","Dodge and Roll"],"picked":"Catalyst","floor":30},{"not_picked":["Poisoned Stab","Flechettes"],"picked":"Well Laid Plans","floor":31},{"not_picked":["Die Die Die","Phantasmal Killer"],"picked":"Burst","floor":33},{"not_picked":["Bane"],"picked":"SKIP","floor":35},{"not_picked":[],"picked":"Backflip+1","floor":37},{"not_picked":["Flying Knee"],"picked":"SKIP","floor":40},{"not_picked":["Prepared"],"picked":"SKIP","floor":44},{"not_picked":["Dash+1"],"picked":"SKIP","floor":46},{"not_picked":["Dagger Spray"],"picked":"SKIP","floor":47},{"not_picked":["Underhanded Strike"],"picked":"SKIP","floor":48},{"not_picked":["Cloak And Dagger+1"],"picked":"SKIP","floor":54}],"player_experience":54430,"relics_obtained":[{"floor":6.0,"key":"Nunchaku"},{"floor":7.0,"key":"Gambling Chip"},{"floor":9.0,"key":"Ice Cream"},{"floor":10.0,"key":"Ginger"},{"floor":12.0,"key":"Dodecahedron"},{"floor":24,"key":"Omamori"},{"floor":26,"key":"Happy Flower"},{"floor":28,"key":"Bottled Tornado"},{"floor":31,"key":"Gremlin Horn"},{"floor":40,"key":"Unceasing Top"},{"floor":44,"key":"The Specimen"},{"floor":46,"key":"Juzu Bracelet"},{"floor":48,"key":"Anchor"},{"floor":54,"key":"Snake Skull"}],"event_choices":[{"damage_healed":0.0,"max_hp_gain":0.0,"max_hp_loss":0.0,"gold_gain":0.0,"event_name":"Scrap Ooze","player_choice":"Success","floor":5.0,"gold_loss":0.0,"damage_taken":3.0,"relics_obtained":["WingedGreaves"]},{"cards_removed":["Strike_G"],"damage_healed":0.0,"max_hp_gain":0.0,"max_hp_loss":0.0,"gold_gain":0.0,"event_name":"The Cleric","player_choice":"Card Removal","floor":8.0,"gold_loss":50.0,"damage_taken":0.0},{"damage_healed":0,"gold_gain":0,"cards_transformed":["Strike_G","Strike_G"],"player_choice":"Became Test Subject","damage_taken":0,"max_hp_gain":0,"max_hp_loss":0,"event_name":"Drug Dealer","floor":22,"gold_loss":0,"cards_obtained":["Adrenaline","Corpse Explosion"]},{"damage_healed":0,"gold_gain":90,"player_choice":"GOLD ","damage_taken":14,"max_hp_gain":0,"max_hp_loss":0,"event_name":"Knowing Skull","floor":29,"potions_obtained":[],"gold_loss":0,"cards_obtained":[]},{"cards_removed":["Defend_G"],"damage_healed":0,"gold_gain":0,"player_choice":"Removed Skill","damage_taken":0,"max_hp_gain":0,"max_hp_loss":0,"event_name":"Falling","floor":36,"gold_loss":0},{"damage_healed":0,"gold_gain":0,"player_choice":"Ignored","damage_taken":0,"max_hp_gain":0,"max_hp_loss":0,"event_name":"Tomb of Lord Red Mask","floor":38,"gold_loss":0}],"is_beta":false,"boss_relics":[{"not_picked":["Black Star","Tiny House"],"picked":"Eternal Feather"},{"not_picked":["Lizard Tail","Snecko Eye"],"picked":"Busted Crown"}],"items_purged_floors":[3,13,39,53],"is_endless":false,"potions_floor_spawned":[12,14,19,21,30,37,44,47,48],"ascension_level":4}