{"gold_per_floor":[110,110,120,120,45,73,73,107,107,107,125,143,172,172,172,277,277,295,315,326,28,45,71,71,99,99,130,149,165,94,109,109,212,212,225,225,225,237,237,272,172,172,172,204,223,223,256,276,276,276,276,276,31,60,60],"floor_reached":55,"playtime":3576,"items_purged":["Strike_G","Slice"],"score":1549,"play_id":"56a03af3-ead9-4f96-8eea-7c1a6a45f1dd","local_time":"20190328011316","is_ascension_mode":true,"campfire_choices":[{"data":"Neutralize","floor":7.0,"key":"SMITH"},{"data":"Predator","floor":10.0,"key":"SMITH"},{"data":"Dash","floor":15.0,"key":"SMITH"},{"floor":24.0,"key":"REST"},{"data":"Wraith Form v2","floor":32.0,"key":"SMITH"},{"floor":42.0,"key":"REST"},{"floor":49.0,"key":"RECALL"},{"data":"Wraith Form v2","floor":52.0,"key":"SMITH"}],"neow_cost":"NONE","seed_source_timestamp":120852601005928,"circlet_count":0,"master_deck":["Defend_G","Defend_G","Defend_G","Strike_G","Strike_G+1","Strike_G","Strike_G","Survivor+1","Neutralize+1","Dash+1","Predator+1","Dash","Quick Slash","Slice","Backflip","Wraith Form v2+1","Infinite Blades","Footwork+1","Bouncing Flask+1","Malaise+1","Crippling Poison+1","Backflip+1","Predator","Dash","Night Terror+1","Dash+1","Madness+1","Madness+1","Finesse+1","Clumsy","Wraith Form v2+1","Injury","Choke+1","Skewer+1","After Image"],"special_seed":0,"relics":["Ring of the Snake","Pen Nib","Question Card","Du-Vu Doll","Sundial","Strawberry","Snecko Eye","Mango","Toxic Egg 2","Pear","Dodecahedron","Bottled Lightning","Cursed Key","Incense Burner","Lantern","Singing Bowl","Boot","Molten Egg 2","Shuriken","Snake Skull"],"potions_floor_usage":[55],"damage_taken":[{"damage":1.0,"enemies":"2 Louse","floor":1.0,"turns":3.0},{"damage":0.0,"enemies":"Jaw Worm","floor":3.0,"turns":2.0},{"damage":5.0,"enemies":"3 Sentries","floor":6.0,"turns":12.0},{"damage":13.0,"enemies":"Lagavulin","floor":8.0,"turns":8.0},{"damage":0.0,"enemies":"Cultist","floor":11.0,"turns":2.0},{"damage":3.0,"enemies":"Lots of Slimes","floor":12.0,"turns":4.0},{"damage":12.0,"enemies":"Gremlin Nob","floor":13.0,"turns":3.0},{"damage":16.0,"enemies":"The Guardian","floor":16.0,"turns":10.0},{"damage":0.0,"enemies":"Chosen","floor":18.0,"turns":4.0},{"damage":3.0,"enemies":"2 Thieves","floor":19.0,"turns":4.0},{"damage":7.0,"enemies":"Cultist and Chosen","floor":20.0,"turns":6.0},{"damage":4.0,"enemies":"3 Cultists","floor":22.0,"turns":6.0},{"damage":45.0,"enemies":"Slavers","floor":23.0,"turns":8.0},{"damage":0.0,"enemies":"Gremlin Leader","floor":25.0,"turns":9.0},{"damage":21.0,"enemies":"Slavers","floor":27.0,"turns":4.0},{"damage":2.0,"enemies":"Snecko","floor":28.0,"turns":4.0},{"damage":0.0,"enemies":"Centurion and Healer","floor":29.0,"turns":4.0},{"damage":0.0,"enemies":"Snake Plant","floor":31.0,"turns":2.0},{"damage":17.0,"enemies":"Automaton","floor":33.0,"turns":9.0},{"damage":0.0,"enemies":"3 Shapes","floor":35.0,"turns":4.0},{"damage":0.0,"enemies":"Orb Walker","floor":38.0,"turns":3.0},{"damage":17.0,"enemies":"Reptomancer","floor":40.0,"turns":9.0},{"damage":7.0,"enemies":"Giant Head","floor":44.0,"turns":9.0},{"damage":10.0,"enemies":"3 Darklings","floor":45.0,"turns":7.0},{"damage":0.0,"enemies":"Reptomancer","floor":47.0,"turns":5.0},{"damage":0.0,"enemies":"Spire Growth","floor":48.0,"turns":4.0},{"damage":8.0,"enemies":"Donu and Deca","floor":50.0,"turns":11.0},{"damage":1.0,"enemies":"Shield and Spear","floor":54.0,"turns":6.0}],"seed_played":"-2224103668363175659","potions_obtained":[{"floor":1.0,"key":"GamblersBrew"},{"floor":6.0,"key":"Regen Potion"},{"floor":13.0,"key":"Regen Potion"},{"floor":16.0,"key":"Dexterity Potion"},{"floor":20.0,"key":"Fruit Juice"},{"floor":22.0,"key":"GamblersBrew"},{"floor":25.0,"key":"Dexterity Potion"},{"floor":27.0,"key":"SpeedPotion"},{"floor":31.0,"key":"PowerPotion"},{"floor":33.0,"key":"Strength Potion"},{"floor":38.0,"key":"Explosive Potion"}],"is_trial":false,"path_per_floor":["M","?","M","?","$","E","R","E","T","R","M","M","E","T","R","B",null,"M","M","M","$","M","E","R","E","T","E","M","M","$","M","R","B",null,"M","?","?","M","T","E","$","R","T","E","M","?","E","M","R","B",null,"R","$","E","B"],"character_chosen":"THE_SILENT","items_purchased":["Mango","Predator","Shuriken"],"campfire_rested":2,"item_purchase_floors":[21,30,53],"current_hp_per_floor":[62,62,62,48,48,43,43,45,45,45,45,42,37,37,37,36,67,67,64,57,71,67,27,55,65,65,44,42,42,42,42,42,25,86,86,73,73,73,73,56,56,87,87,82,72,72,72,74,74,66,99,99,99,98,0],"gold":60,"neow_bonus":"RANDOM_COMMON_RELIC","is_prod":false,"is_daily":false,"chose_seed":false,"campfire_upgraded":5,"win_rate":0,"timestamp":1553731996,"path_taken":["M","?","M","?","?","E","R","E","T","R","?","M","E","?","R","BOSS","M","M","M","?","M","E","R","E","T","E","?","M","$","M","R","BOSS","M","?","?","M","?","E","$","R","T","E","?","?","E","M","R","BOSS","R","$","E","BOSS"],"build_version":"2019-01-23","purchased_purges":2,"victory":false,"max_hp_per_floor":[70,70,70,70,70,70,70,70,70,70,70,70,77,77,77,77,77,77,77,77,91,91,96,96,106,106,106,106,106,106,106,106,106,106,106,106,106,106,106,106,106,106,106,108,108,108,108,110,110,110,110,110,110,110,110],"card_choices":[{"not_picked":["Slice","Concentrate"],"picked":"Dash","floor":1.0},{"not_picked":["Flying Knee","Underhanded Strike"],"picked":"Predator","floor":3.0},{"not_picked":["All Out Attack","Predator"],"picked":"Dash","floor":6.0},{"not_picked":["Acrobatics","Footwork","Expertise"],"picked":"Slice","floor":8.0},{"not_picked":["Acrobatics","Night Terror","Bane"],"picked":"Quick Slash","floor":11.0},{"not_picked":["Acrobatics","Quick Slash","Bane"],"picked":"Slice","floor":12.0},{"not_picked":["Setup","Heel Hook","Choke"],"picked":"Backflip","floor":13.0},{"not_picked":["Burst","Grand Finale","Die Die Die"],"picked":"Wraith Form v2","floor":16.0},{"not_picked":["Prepared","Backflip","Cloak And Dagger+1","Expertise"],"picked":"SKIP","floor":18.0},{"not_picked":["Underhanded Strike","PiercingWail","Finisher","Quick Slash"],"picked":"SKIP","floor":19.0},{"not_picked":["Underhanded Strike","Deflect","Expertise"],"picked":"Infinite Blades","floor":20.0},{"not_picked":["Backflip","Poisoned Stab","Accuracy"],"picked":"Footwork+1","floor":22.0},{"not_picked":["Finisher","Blade Dance+1","Infinite Blades+1"],"picked":"Bouncing Flask","floor":23.0},{"not_picked":["Blur+1","Heel Hook","Sucker Punch"],"picked":"Malaise+1","floor":25.0},{"not_picked":["Flying Knee","Well Laid Plans","Endless Agony"],"picked":"Crippling Poison+1","floor":27.0},{"not_picked":["Setup+1","Backstab","Well Laid Plans"],"picked":"Backflip+1","floor":28.0},{"not_picked":["All Out Attack","Blade Dance+1","Dodge and Roll+1","Deflect+1"],"picked":"SKIP","floor":29.0},{"not_picked":["Setup+1","Skewer","Backflip+1"],"picked":"Dash","floor":31.0},{"not_picked":["Glass Knife","Burst+1","Phantasmal Killer+1"],"picked":"Night Terror+1","floor":33.0},{"not_picked":["Poisoned Stab","Concentrate+1","Underhanded Strike"],"picked":"Dash+1","floor":35.0},{"not_picked":["Dramatic Entrance","Flash of Steel","Panacea+1"],"picked":"Finesse+1","floor":37.0},{"not_picked":["Underhanded Strike","Blade Dance+1","Flechettes+1","Eviscerate"],"picked":"SKIP","floor":38.0},{"not_picked":["Slice","Dodge and Roll+1","All Out Attack"],"picked":"Wraith Form v2","floor":40.0},{"not_picked":["Dagger Spray+1","Bane+1","Terror+1","Quick Slash"],"picked":"Singing Bowl","floor":44.0},{"not_picked":["Sucker Punch+1","Prepared+1","Expertise+1"],"picked":"Choke+1","floor":45.0},{"not_picked":["Prepared+1","Deadly Poison+1","Slice+1"],"picked":"Skewer","floor":47.0},{"not_picked":["Deadly Poison+1","Infinite Blades","Catalyst+1","Deflect+1"],"picked":"Singing Bowl","floor":48.0},{"not_picked":["Distraction+1","Dodge and Roll+1","Underhanded Strike+1"],"picked":"After Image","floor":54.0}],"player_experience":157225,"relics_obtained":[{"floor":6.0,"key":"Question Card"},{"floor":8.0,"key":"Du-Vu Doll"},{"floor":9.0,"key":"Sundial"},{"floor":13.0,"key":"Strawberry"},{"floor":23.0,"key":"Toxic Egg 2"},{"floor":25.0,"key":"Pear"},{"floor":26.0,"key":"Dodecahedron"},{"floor":27.0,"key":"Bottled Lightning"},{"floor":39.0,"key":"Incense Burner"},{"floor":40.0,"key":"Lantern"},{"floor":43.0,"key":"Singing Bowl"},{"floor":44.0,"key":"Boot"},{"floor":47.0,"key":"Molten Egg 2"},{"floor":54.0,"key":"Snake Skull"}],"event_choices":[{"cards_removed":["Defend_G"],"damage_healed":0.0,"max_hp_gain":0.0,"max_hp_loss":0.0,"gold_gain":0.0,"event_name":"Living Wall","player_choice":"Forget","floor":2.0,"gold_loss":0.0,"damage_taken":0.0},{"damage_healed":0.0,"max_hp_gain":0.0,"max_hp_loss":0.0,"gold_gain":0.0,"event_name":"Shining Light","player_choice":"Entered Light","floor":4.0,"gold_loss":0.0,"damage_taken":14.0,"cards_upgraded":["Strike_G","Survivor"]},{"damage_healed":0.0,"max_hp_gain":0.0,"max_hp_loss":0.0,"gold_gain":0.0,"event_name":"Winding Halls","player_choice":"Embrace Madness","floor":36.0,"gold_loss":0.0,"damage_taken":13.0,"cards_obtained":["Madness","Madness"]},{"damage_healed":0.0,"max_hp_gain":0.0,"max_hp_loss":0.0,"gold_gain":0.0,"event_name":"SensoryStone","player_choice":"Memory 1","floor":37.0,"gold_loss":0.0,"damage_taken":0.0},{"cards_removed":["Defend_G"],"damage_healed":0.0,"max_hp_gain":0.0,"max_hp_loss":0.0,"gold_gain":0.0,"event_name":"Falling","player_choice":"Removed Skill","floor":46.0,"gold_loss":0.0,"damage_taken":0.0}],"is_beta":false,"boss_relics":[{"not_picked":["Astrolabe","Orrery"],"picked":"Snecko Eye"},{"not_picked":["Lizard Tail","Fusion Hammer"],"picked":"Cursed Key"}],"items_purged_floors":[5,41],"is_endless":false,"potions_floor_spawned":[1,6,13,16,20,22,25,27,31,33,38,45],"killed_by":"The Heart","ascension_level":8}