{"gold_per_floor":[119,119,119,134,148,173,193,218,267,267,282,282,299,334,334,334],"floor_reached":16,"playtime":517,"items_purged":[],"score":244,"play_id":"5da41626-de07-4660-b4bc-9dfcd2fef04b","local_time":"20190602142805","is_ascension_mode":true,"campfire_choices":[{"data":"Perfected Strike","floor":10,"key":"SMITH"},{"data":"Sword Boomerang","floor":12,"key":"SMITH"},{"data":"Perfected Strike","floor":15,"key":"SMITH"}],"neow_cost":"NONE","seed_source_timestamp":1370140018713734,"circlet_count":0,"master_deck":["AscendersBane","Strike_R","Strike_R","Strike_R","Strike_R","Strike_R","Defend_R","Defend_R","Defend_R","Defend_R","Bash","Perfected Strike+1","Flame Barrier","Intimidate","Flame Barrier","Wild Strike","Sword Boomerang+1","Perfected Strike+1","Sword Boomerang"],"special_seed":0,"relics":["Burning Blood","NeowsBlessing","Du-Vu Doll","Bottled Flame","Vajra","PreservedInsect","Gambling Chip"],"potions_floor_usage":[8],"damage_taken":[{"damage":0.0,"enemies":"Small Slimes","floor":1.0,"turns":1.0},{"damage":0.0,"enemies":"Cultist","floor":4.0,"turns":1.0},{"damage":0.0,"enemies":"Jaw Worm","floor":5.0,"turns":1.0},{"damage":40.0,"enemies":"Lagavulin","floor":6.0,"turns":9.0},{"damage":1,"enemies":"2 Fungi Beasts","floor":7,"turns":5},{"damage":30,"enemies":"3 Sentries","floor":8,"turns":8},{"damage":6,"enemies":"Blue Slaver","floor":11,"turns":4},{"damage":0,"enemies":"Red Slaver","floor":13,"turns":3},{"damage":6,"enemies":"Gremlin Nob","floor":14,"turns":3},{"damage":30,"enemies":"Hexaghost","floor":16,"turns":7}],"seed_played":"4652879243757884195","potions_obtained":[{"floor":1.0,"key":"BloodPotion"},{"floor":4.0,"key":"GamblersBrew"},{"floor":5.0,"key":"SmokeBomb"}],"is_trial":false,"path_per_floor":["M","?","?","M","M","E","M","E","T","R","M","R","M","E","R","B"],"character_chosen":"IRONCLAD","items_purchased":[],"campfire_rested":0,"item_purchase_floors":[],"current_hp_per_floor":[74,74,74,75,75,41,46,22,22,22,22,22,28,28,28,0],"gold":334,"neow_bonus":"THREE_ENEMY_KILL","is_prod":false,"is_daily":false,"chose_seed":false,"campfire_upgraded":3,"win_rate":0,"timestamp":1559478485,"path_taken":["M","?","?","?","?","E","?","E","T","R","M","R","?","E","R","BOSS"],"build_version":"2019-01-23","purchased_purges":0,"victory":false,"max_hp_per_floor":[75,75,75,75,75,75,75,75,75,75,75,75,75,75,75,75],"card_choices":[{"not_picked":["Rupture","Warcry"],"picked":"Perfected Strike","floor":1.0},{"not_picked":["Armaments","Searing Blow"],"picked":"Flame Barrier","floor":4.0},{"not_picked":["Warcry","Thunderclap"],"picked":"Intimidate","floor":5.0},{"not_picked":["Clothesline","Body Slam"],"picked":"Flame Barrier","floor":6},{"not_picked":["Headbutt","Havoc"],"picked":"Wild Strike","floor":7},{"not_picked":["Dropkick","Dark Embrace","Entrench"],"picked":"SKIP","floor":8},{"not_picked":["Warcry","Cleave"],"picked":"Sword Boomerang","floor":11},{"not_picked":["Corruption","Rage"],"picked":"Perfected Strike","floor":13},{"not_picked":["Seeing Red","Immolate"],"picked":"Sword Boomerang","floor":14}],"player_experience":496175,"relics_obtained":[{"floor":6,"key":"Bottled Flame"},{"floor":8,"key":"Vajra"},{"floor":9,"key":"PreservedInsect"},{"floor":14,"key":"Gambling Chip"}],"event_choices":[{"damage_healed":0.0,"max_hp_gain":0.0,"max_hp_loss":0.0,"gold_gain":0.0,"event_name":"The Cleric","player_choice":"Leave","floor":2.0,"gold_loss":0.0,"damage_taken":0.0},{"damage_healed":0.0,"max_hp_gain":0.0,"max_hp_loss":0.0,"gold_gain":0.0,"event_name":"WeMeetAgain","player_choice":"Gave Potion","floor":3.0,"gold_loss":0.0,"damage_taken":0.0,"relics_obtained":["Du-Vu Doll"]}],"is_beta":false,"boss_relics":[],"items_purged_floors":[],"is_endless":false,"potions_floor_spawned":[1,4,5],"killed_by":"Hexaghost","ascension_level":20}