{"gold_per_floor":[14,27,27,42,42,42,71,71,145,164,164,189,52,65,65,140,140,156,156,156,173,123,154,28,93,162,162,173,198,198,216,216,216],"floor_reached":33,"playtime":1229,"items_purged":["Strike_R","Strike_R","Strike_R"],"score":579,"play_id":"f197a974-61fc-4569-b25e-285b8c94e043","local_time":"20190523191657","is_ascension_mode":true,"campfire_choices":[{"data":"Bash","floor":6.0,"key":"SMITH"},{"data":"Pommel Strike","floor":8.0,"key":"SMITH"},{"data":"Pommel Strike","floor":11.0,"key":"SMITH"},{"data":"Disarm","floor":15.0,"key":"SMITH"},{"data":"Whirlwind","floor":27,"key":"SMITH"},{"floor":30,"key":"REST"},{"floor":32,"key":"REST"}],"neow_cost":"NO_GOLD","seed_source_timestamp":522669471536169,"circlet_count":0,"master_deck":["AscendersBane","Defend_R","Defend_R","Defend_R","Defend_R","Bash+1","Cleave","Headbutt","Pommel Strike+1","Pommel Strike+1","Disarm+1","Shockwave","Carnage","Double Tap","Infernal Blade","Disarm","Whirlwind+1"],"special_seed":0,"relics":["Burning Blood","Incense Burner","Ancient Tea Set","Smiling Mask","Question Card","Mango","Sozu","Bag of Marbles","Tiny Chest","Bottled Lightning","Shovel"],"potions_floor_usage":[23,33],"damage_taken":[{"damage":5.0,"enemies":"2 Louse","floor":1.0,"turns":3.0},{"damage":1.0,"enemies":"Cultist","floor":2.0,"turns":3.0},{"damage":0.0,"enemies":"Small Slimes","floor":4.0,"turns":2.0},{"damage":26.0,"enemies":"3 Sentries","floor":7.0,"turns":7.0},{"damage":7.0,"enemies":"Exordium Thugs","floor":10.0,"turns":4.0},{"damage":25.0,"enemies":"Lagavulin","floor":12.0,"turns":5.0},{"damage":6.0,"enemies":"Exordium Wildlife","floor":14.0,"turns":3.0},{"damage":31.0,"enemies":"The Guardian","floor":16.0,"turns":10.0},{"damage":12,"enemies":"2 Thieves","floor":18,"turns":4},{"damage":8,"enemies":"Shell Parasite","floor":21,"turns":3},{"damage":20,"enemies":"Slavers","floor":23,"turns":7},{"damage":22,"enemies":"Book of Stabbing","floor":25,"turns":5},{"damage":6,"enemies":"3 Cultists","floor":28,"turns":5},{"damage":30,"enemies":"Gremlin Leader","floor":29,"turns":7},{"damage":12,"enemies":"Cultist and Chosen","floor":31,"turns":5},{"damage":59,"enemies":"Automaton","floor":33,"turns":8}],"seed_played":"-6651253184758781904","potions_obtained":[{"floor":12.0,"key":"SpeedPotion"},{"floor":14.0,"key":"Fire Potion"}],"is_trial":false,"path_per_floor":["M","M","?","M","?","R","E","R","T","M","R","E","$","M","R","B",null,"M","?","?","M","$","E","$","E","T","R","M","E","R","M","R","B"],"character_chosen":"IRONCLAD","items_purchased":["Shockwave","Disarm"],"campfire_rested":2,"item_purchase_floors":[13,24],"current_hp_per_floor":[69,74,74,75,75,75,55,55,55,54,54,49,49,49,49,24,73,67,67,67,65,65,51,51,35,35,35,35,11,37,31,57,0],"gold":216,"neow_bonus":"ONE_RARE_RELIC","is_prod":false,"is_daily":false,"chose_seed":false,"campfire_upgraded":5,"win_rate":0,"timestamp":1558631817,"path_taken":["M","M","?","?","?","R","E","R","T","M","R","E","$","M","R","BOSS","M","?","?","M","$","E","$","E","T","R","?","E","R","M","R","BOSS"],"build_version":"2019-01-23","purchased_purges":3,"victory":false,"max_hp_per_floor":[75,75,75,75,75,75,75,75,75,75,75,89,89,89,89,89,89,89,89,89,89,89,89,89,89,89,89,89,89,89,89,89,89],"card_choices":[{"not_picked":["Flex","Heavy Blade"],"picked":"Cleave","floor":1.0},{"not_picked":["Corruption","Fire Breathing"],"picked":"Headbutt","floor":2.0},{"not_picked":["Sever Soul","Clothesline"],"picked":"Pommel Strike","floor":4.0},{"not_picked":["Wild Strike","Clash","Warcry"],"picked":"SKIP","floor":7.0},{"not_picked":["Sword Boomerang","Anger","Intimidate"],"picked":"Pommel Strike","floor":10.0},{"not_picked":["Armaments","Hemokinesis","Warcry"],"picked":"Disarm","floor":12.0},{"not_picked":["Blood for Blood","Pummel","Sword Boomerang"],"picked":"Carnage","floor":14.0},{"not_picked":["Berserk","Impervious","Offering"],"picked":"Double Tap","floor":16.0},{"not_picked":["Warcry","True Grit","Rupture"],"picked":"Infernal Blade","floor":18},{"not_picked":["Pommel Strike","Havoc+1","Clash","Sword Boomerang"],"picked":"SKIP","floor":21},{"not_picked":["Thunderclap","Havoc","Dark Embrace","Headbutt"],"picked":"SKIP","floor":23},{"not_picked":["Warcry","Metallicize","Uppercut"],"picked":"Whirlwind","floor":25},{"not_picked":["Pummel","Heavy Blade","Body Slam","True Grit"],"picked":"SKIP","floor":28},{"not_picked":["Armaments","Shrug It Off","Barricade","Shockwave"],"picked":"SKIP","floor":29},{"not_picked":["Carnage","Iron Wave","Wild Strike","Shrug It Off"],"picked":"SKIP","floor":31},{"not_picked":["Carnage","Iron Wave","Wild Strike","Shrug It Off"],"picked":"SKIP","floor":31}],"player_experience":362222,"relics_obtained":[{"floor":3.0,"key":"Ancient Tea Set"},{"floor":7.0,"key":"Smiling Mask"},{"floor":9.0,"key":"Question Card"},{"floor":12.0,"key":"Mango"},{"floor":23,"key":"Bag of Marbles"},{"floor":25,"key":"Tiny Chest"},{"floor":26,"key":"Bottled Lightning"},{"floor":29,"key":"Shovel"}],"event_choices":[{"damage_healed":0.0,"max_hp_gain":0.0,"max_hp_loss":0.0,"gold_gain":0.0,"event_name":"Wheel of Change","player_choice":"Relic","floor":3.0,"gold_loss":0.0,"damage_taken":0.0},{"cards_removed":["Strike_R"],"damage_healed":0.0,"max_hp_gain":0.0,"max_hp_loss":0.0,"gold_gain":0.0,"event_name":"Bonfire Elementals","player_choice":"Offered Basic","floor":5.0,"gold_loss":0.0,"damage_taken":0.0},{"cards_removed":["Strike_R"],"damage_healed":0,"gold_gain":0,"player_choice":"Elegance","damage_taken":0,"max_hp_gain":0,"max_hp_loss":0,"event_name":"Back to Basics","floor":19,"gold_loss":0},{"damage_healed":0,"gold_gain":0,"player_choice":"Ignored","damage_taken":0,"max_hp_gain":0,"max_hp_loss":0,"event_name":"N\u0027loth","floor":20,"gold_loss":0}],"is_beta":false,"boss_relics":[{"not_picked":["Eternal Feather","Pandora\u0027s Box"],"picked":"Sozu"}],"items_purged_floors":[13,22,24],"is_endless":false,"potions_floor_spawned":[12,14,21,28,31],"killed_by":"Automaton","ascension_level":17}