{"gold_per_floor":[117,135,145,155,165,194,194,209,257,257,273,273,307,325,325,422,422,439,439,539,553,290,290,319,319,319,110,143,159,159,174,174,270,270,288,303,351,351,155,181,192,192,218,12,27,27,27],"floor_reached":47,"playtime":2075,"items_purged":["Regret"],"score":782,"play_id":"1437eb41-b3c0-40f0-83fe-b3a8d3159a76","local_time":"20190321142557","is_ascension_mode":true,"campfire_choices":[{"data":"Zap","floor":10.0,"key":"SMITH"},{"data":"Barrage","floor":12.0,"key":"SMITH"},{"data":"Conserve Battery","floor":15.0,"key":"SMITH"},{"floor":23,"key":"REST"},{"data":"Defragment","floor":30,"key":"SMITH"},{"data":"Machine Learning","floor":32,"key":"SMITH"}],"neow_cost":"NONE","seed_source_timestamp":45590509129569,"circlet_count":0,"master_deck":["Strike_B","Strike_B","Defend_B","Defend_B","Defend_B","Defend_B","Zap+1","Barrage+1","Rip and Tear","Cold Snap","Conserve Battery+1","Cold Snap","Sweeping Beam","Cold Snap","Electrodynamics","Conserve Battery","Machine Learning+1","Genetic Algorithm","Ball Lightning","Defragment+1","Capacitor+1","Stack","Sunder","Self Repair","Glacier","Defragment+1","Echo Form","Reinforced Body","Apotheosis","Coolheaded+1","Bandage Up"],"special_seed":0,"relics":["Cracked Core","Centennial Puzzle","Turnip","Dodecahedron","Ancient Tea Set","Pear","Lizard Tail","Ginger","Bottled Lightning","DataDisk","Omamori","Art of War","Lee\u0027s Waffle","Bag of Marbles","Cursed Key","Nunchaku","Bronze Scales","Medical Kit"],"potions_floor_usage":[24,33,37,41,41,47],"damage_taken":[{"damage":1.0,"enemies":"Cultist","floor":1.0,"turns":4.0},{"damage":1.0,"enemies":"2 Louse","floor":2.0,"turns":2.0},{"damage":2.0,"enemies":"Jaw Worm","floor":3.0,"turns":3.0},{"damage":13.0,"enemies":"Large Slime","floor":4.0,"turns":5.0},{"damage":1.0,"enemies":"Blue Slaver","floor":5.0,"turns":4.0},{"damage":24.0,"enemies":"3 Sentries","floor":6.0,"turns":7.0},{"damage":2.0,"enemies":"2 Fungi Beasts","floor":8.0,"turns":3.0},{"damage":0.0,"enemies":"Looter","floor":11.0,"turns":2.0},{"damage":0.0,"enemies":"Gremlin Nob","floor":13.0,"turns":2.0},{"damage":0.0,"enemies":"Exordium Wildlife","floor":14.0,"turns":2.0},{"damage":30.0,"enemies":"Hexaghost","floor":16.0,"turns":11.0},{"damage":4.0,"enemies":"Spheric Guardian","floor":18.0,"turns":3.0},{"damage":17,"enemies":"Colosseum Slavers","floor":20,"turns":4},{"damage":28,"enemies":"Colosseum Nobs","floor":20,"turns":5},{"damage":15,"enemies":"3 Byrds","floor":21,"turns":3},{"damage":26,"enemies":"Book of Stabbing","floor":24,"turns":4},{"damage":49,"enemies":"Slavers","floor":28,"turns":4},{"damage":5,"enemies":"Shelled Parasite and Fungi","floor":29,"turns":5},{"damage":1,"enemies":"Centurion and Healer","floor":31,"turns":5},{"damage":0,"enemies":"Automaton","floor":33,"turns":9},{"damage":19,"enemies":"3 Darklings","floor":35,"turns":5},{"damage":1,"enemies":"Orb Walker","floor":36,"turns":3},{"damage":30,"enemies":"2 Orb Walkers","floor":37,"turns":4},{"damage":34,"enemies":"Reptomancer","floor":40,"turns":7},{"damage":0,"enemies":"Transient","floor":41,"turns":5},{"damage":30,"enemies":"Sphere and 2 Shapes","floor":45,"turns":4},{"damage":44,"enemies":"Nemesis","floor":47,"turns":3}],"seed_played":"-8383434562203983502","potions_obtained":[{"floor":6.0,"key":"Swift Potion"},{"floor":8.0,"key":"Strength Potion"},{"floor":11.0,"key":"Explosive Potion"},{"floor":13.0,"key":"FearPotion"},{"floor":21,"key":"AttackPotion"},{"floor":29,"key":"PowerPotion"},{"floor":31,"key":"Strength Potion"},{"floor":33,"key":"GamblersBrew"},{"floor":37,"key":"SkillPotion"},{"floor":40,"key":"SkillPotion"},{"floor":41,"key":"SteroidPotion"}],"is_trial":false,"path_per_floor":["M","M","M","M","M","E","?","M","T","R","M","R","E","M","R","B",null,"M","?","?","M","$","R","E","?","T","$","E","M","R","M","R","B",null,"M","M","?","?","$","E","M","?","T","$","M","?","E"],"character_chosen":"DEFECT","items_purchased":["DataDisk","Defragment","Lee\u0027s Waffle","Apotheosis","Medical Kit"],"campfire_rested":1,"item_purchase_floors":[22,22,27,39,44],"current_hp_per_floor":[67,66,64,51,50,26,26,24,24,24,24,24,34,34,34,4,65,61,61,16,1,1,26,42,42,42,92,43,45,45,51,51,58,84,79,85,62,62,62,35,45,45,45,45,22,22,0],"gold":27,"neow_bonus":"RANDOM_COMMON_RELIC","is_prod":false,"is_daily":false,"chose_seed":false,"campfire_upgraded":5,"win_rate":0,"timestamp":1553174757,"path_taken":["M","M","M","M","M","E","?","M","T","R","M","R","E","M","R","BOSS","M","?","?","M","$","R","E","?","T","?","E","M","R","M","R","BOSS","M","M","?","?","$","E","M","?","T","$","M","?","E"],"build_version":"2019-01-23","purchased_purges":1,"victory":false,"max_hp_per_floor":[75,75,75,75,75,75,75,75,75,75,75,75,85,85,85,85,85,85,85,85,85,85,85,85,85,85,92,92,92,92,92,92,92,92,92,92,92,92,92,92,92,92,92,92,92,92,92],"card_choices":[{"not_picked":["Redo","Compile Driver"],"picked":"Barrage","floor":1.0},{"not_picked":["Static Discharge","Heatsinks"],"picked":"Rip and Tear","floor":2.0},{"not_picked":["Turbo","Streamline"],"picked":"Cold Snap","floor":3.0},{"not_picked":["Hologram","Streamline"],"picked":"Conserve Battery","floor":4.0},{"not_picked":["Rebound","Sunder"],"picked":"Cold Snap","floor":5.0},{"not_picked":["Biased Cognition","Storm","Compile Driver"],"picked":"SKIP","floor":6.0},{"not_picked":["Stack","Coolheaded"],"picked":"Sweeping Beam","floor":8.0},{"not_picked":["Turbo","Hologram"],"picked":"Cold Snap","floor":11.0},{"not_picked":["Steam","Consume"],"picked":"Electrodynamics","floor":13.0},{"not_picked":["Redo","Streamline"],"picked":"Conserve Battery","floor":14.0},{"not_picked":["Buffer","Meteor Strike"],"picked":"Machine Learning","floor":16.0},{"not_picked":["Streamline","Redo","Reprogram+1"],"picked":"SKIP","floor":18.0},{"not_picked":["Rebound","Leap"],"picked":"Ball Lightning","floor":21},{"not_picked":["Steam Power","Defragment"],"picked":"Capacitor+1","floor":24},{"not_picked":["Static Discharge","Compile Driver+1"],"picked":"Self Repair","floor":28},{"not_picked":["Turbo+1","Steam+1"],"picked":"Glacier","floor":29},{"not_picked":["Conserve Battery","Turbo"],"picked":"Defragment+1","floor":31},{"not_picked":["Machine Learning","Hyperbeam"],"picked":"Echo Form","floor":33},{"not_picked":["Rebound+1","Sweeping Beam+1"],"picked":"Reinforced Body","floor":35},{"not_picked":["Self Repair+1","Auto Shields","Turbo+1"],"picked":"SKIP","floor":36},{"not_picked":["Meteor Strike","Reboot","Redo+1"],"picked":"SKIP","floor":40},{"not_picked":["Conserve Battery","Skim","Gash"],"picked":"SKIP","floor":41},{"not_picked":["Beam Cell","Sweeping Beam"],"picked":"Coolheaded+1","floor":45},{"not_picked":["Enlightenment","Purity"],"picked":"Bandage Up","floor":46}],"player_experience":113848,"relics_obtained":[{"floor":6.0,"key":"Turnip"},{"floor":9.0,"key":"Ancient Tea Set"},{"floor":13.0,"key":"Pear"},{"floor":20,"key":"Ginger"},{"floor":20,"key":"Bottled Lightning"},{"floor":24,"key":"Omamori"},{"floor":26,"key":"Art of War"},{"floor":28,"key":"Bag of Marbles"},{"floor":37,"key":"Nunchaku"},{"floor":40,"key":"Bronze Scales"}],"event_choices":[{"damage_healed":0.0,"max_hp_gain":0.0,"max_hp_loss":0.0,"gold_gain":0.0,"event_name":"Big Fish","player_choice":"Box","floor":7.0,"gold_loss":0.0,"damage_taken":0.0,"relics_obtained":["Dodecahedron"],"cards_obtained":["Regret"]},{"damage_healed":0.0,"max_hp_gain":0.0,"max_hp_loss":0.0,"gold_gain":0.0,"event_name":"The Library","player_choice":"Read","floor":19.0,"gold_loss":0.0,"damage_taken":0.0,"cards_obtained":["Genetic Algorithm"]},{"damage_healed":0,"gold_gain":0,"player_choice":"Fight","damage_taken":0,"max_hp_gain":0,"max_hp_loss":0,"event_name":"Colosseum","floor":20,"gold_loss":0},{"damage_healed":0,"gold_gain":0,"player_choice":"Fought Nobs","damage_taken":0,"max_hp_gain":0,"max_hp_loss":0,"event_name":"Colosseum","floor":20,"gold_loss":0},{"damage_healed":0,"gold_gain":0,"cards_transformed":["Strike_B","Strike_B"],"player_choice":"Became Test Subject","damage_taken":0,"max_hp_gain":0,"max_hp_loss":0,"event_name":"Drug Dealer","floor":25,"gold_loss":0,"cards_obtained":["Stack","Sunder"]},{"damage_healed":0,"gold_gain":0,"player_choice":"Fight","damage_taken":0,"max_hp_gain":0,"max_hp_loss":0,"event_name":"Mysterious Sphere","floor":37,"gold_loss":0},{"damage_healed":0,"gold_gain":0,"player_choice":"Ignored","damage_taken":0,"max_hp_gain":0,"max_hp_loss":0,"event_name":"Tomb of Lord Red Mask","floor":38,"gold_loss":0},{"cards_removed":["Dualcast"],"damage_healed":0,"gold_gain":0,"player_choice":"Removed Skill","damage_taken":0,"max_hp_gain":0,"max_hp_loss":0,"event_name":"Falling","floor":42,"gold_loss":0},{"damage_healed":0,"gold_gain":0,"player_choice":"Memory 1","damage_taken":0,"max_hp_gain":0,"max_hp_loss":0,"event_name":"SensoryStone","floor":46,"gold_loss":0}],"is_beta":false,"boss_relics":[{"not_picked":["Calling Bell","Runic Pyramid"],"picked":"Lizard Tail"},{"not_picked":["Pandora\u0027s Box","Empty Cage"],"picked":"Cursed Key"}],"items_purged_floors":[22],"is_endless":false,"potions_floor_spawned":[6,8,11,13,21,29,31,33,37,40,41],"killed_by":"Nemesis","ascension_level":6}