{"gold_per_floor":[109,119,119,140,154,198,198,236,259,259,277,308,115,135,135,135],"floor_reached":16,"playtime":795,"items_purged":["Injury"],"score":128,"play_id":"6daa9437-eaba-4d31-8781-e2b34e129eb1","local_time":"20190529211630","is_ascension_mode":true,"campfire_choices":[{"data":"Armaments","floor":7,"key":"SMITH"},{"data":"Limit Break","floor":15,"key":"SMITH"}],"neow_cost":"NONE","seed_source_timestamp":910001983084898,"circlet_count":0,"master_deck":["Strike_R","Strike_R","Strike_R","Strike_R","Strike_R","Defend_R+1","Defend_R","Defend_R","Defend_R+1","Bash","Hemokinesis","Armaments+1","Sever Soul","Uppercut+1","Seeing Red","Body Slam","Inflame","Feel No Pain","Limit Break+1","Entrench"],"relics":["Burning Blood","Happy Flower","Golden Idol","Blood Vial","War Paint","Orichalcum","Smiling Mask"],"potions_floor_usage":[8,16,16],"damage_taken":[{"damage":7,"enemies":"2 Louse","floor":1,"turns":3},{"damage":3,"enemies":"Cultist","floor":2,"turns":2},{"damage":3,"enemies":"Jaw Worm","floor":4,"turns":2},{"damage":3,"enemies":"2 Fungi Beasts","floor":5,"turns":4},{"damage":27,"enemies":"Gremlin Nob","floor":6,"turns":5},{"damage":17,"enemies":"Lagavulin","floor":8,"turns":5},{"damage":3,"enemies":"Large Slime","floor":11,"turns":5},{"damage":32,"enemies":"3 Sentries","floor":12,"turns":7},{"damage":2,"enemies":"Exordium Thugs","floor":14,"turns":3},{"damage":39,"enemies":"The Guardian","floor":16,"turns":9}],"seed_played":"3833649622613767167","potions_obtained":[{"floor":1,"key":"Block Potion"},{"floor":4,"key":"SpeedPotion"},{"floor":12,"key":"Energy Potion"},{"floor":14,"key":"Weak Potion"}],"is_trial":false,"path_per_floor":["M","M","?","M","M","E","R","E","T","?","M","E","$","M","R","B"],"character_chosen":"IRONCLAD","items_purchased":["Limit Break"],"campfire_rested":0,"item_purchase_floors":[13],"current_hp_per_floor":[79,80,80,80,80,59,59,50,50,50,55,31,31,37,37,0],"gold":135,"neow_bonus":"RANDOM_COMMON_RELIC","is_prod":false,"is_daily":false,"chose_seed":false,"campfire_upgraded":2,"win_rate":0,"timestamp":1559182590,"path_taken":["M","M","?","M","M","E","R","E","T","?","M","E","$","M","R","BOSS"],"build_version":"2019-01-23","purchased_purges":1,"victory":false,"max_hp_per_floor":[80,80,80,80,80,80,80,80,80,80,80,80,80,80,80,80],"card_choices":[{"not_picked":["Fire Breathing","Second Wind"],"picked":"Hemokinesis","floor":1},{"not_picked":["Shrug It Off","Headbutt"],"picked":"Armaments","floor":2},{"not_picked":["Body Slam","Whirlwind"],"picked":"Sever Soul","floor":4},{"not_picked":["Blood for Blood","Headbutt"],"picked":"Uppercut","floor":5},{"not_picked":["Armaments","Combust"],"picked":"Seeing Red","floor":6},{"not_picked":["Clothesline","Sword Boomerang"],"picked":"Body Slam","floor":8},{"not_picked":["Searing Blow","Sword Boomerang"],"picked":"Inflame","floor":11},{"not_picked":["Sever Soul","Heavy Blade"],"picked":"Feel No Pain","floor":12},{"not_picked":["Burning Pact","Bludgeon"],"picked":"Entrench","floor":14}],"player_experience":29336,"relics_obtained":[{"floor":6,"key":"Blood Vial"},{"floor":8,"key":"War Paint"},{"floor":9,"key":"Orichalcum"},{"floor":12,"key":"Smiling Mask"}],"event_choices":[{"damage_healed":0,"gold_gain":0,"player_choice":"Take Wound","damage_taken":0,"relics_obtained":["Golden Idol"],"max_hp_gain":0,"max_hp_loss":0,"event_name":"Golden Idol","floor":3,"gold_loss":0,"cards_obtained":["Injury"]},{"damage_healed":0,"gold_gain":0,"player_choice":"Upgraded","damage_taken":0,"max_hp_gain":0,"max_hp_loss":0,"event_name":"Upgrade Shrine","floor":10,"gold_loss":0,"cards_upgraded":["Uppercut"]}],"is_beta":false,"boss_relics":[],"items_purged_floors":[13],"is_endless":false,"potions_floor_spawned":[1,4,12,14],"killed_by":"The Guardian","ascension_level":1}