{"gold_per_floor":[118,128,128,140,155,190,215,248,272,292,319,319,339,351,351,451,451,462,480,580,590,608,635,635,696,696,696],"floor_reached":27,"playtime":1100,"items_purged":[],"score":441,"play_id":"042a4676-b8aa-4200-9777-416fd57f4e59","local_time":"20190322222236","is_ascension_mode":true,"campfire_choices":[{"data":"Sunder","floor":12,"key":"SMITH"},{"data":"Reinforced Body","floor":15,"key":"SMITH"}],"neow_cost":"NONE","seed_source_timestamp":161660693353735,"circlet_count":0,"master_deck":["Strike_B+1","Strike_B","Strike_B","Strike_B","Defend_B","Defend_B","Defend_B","Defend_B","Zap","Dualcast","Sunder+1","Sweeping Beam","Reinforced Body+1","Sunder+1","Auto Shields","Doom and Gloom+1","Core Surge","Multi-Cast","FTL","Redo+1","Leap","Leap"],"relics":["Coffee Dripper","Nunchaku","Odd Mushroom","Lantern","Smiling Mask","Black Star","Gambling Chip","Mummified Hand","Whetstone","Orichalcum","Tiny Chest","Omamori","Turnip"],"potions_floor_usage":[6,7,9,18,20,22,23,25,25,27],"damage_taken":[{"damage":1,"enemies":"Cultist","floor":1,"turns":3},{"damage":2,"enemies":"Jaw Worm","floor":2,"turns":3},{"damage":0,"enemies":"Small Slimes","floor":4,"turns":2},{"damage":7,"enemies":"Exordium Wildlife","floor":5,"turns":5},{"damage":5,"enemies":"3 Sentries","floor":6,"turns":5},{"damage":20,"enemies":"The Mushroom Lair","floor":7,"turns":3},{"damage":0,"enemies":"Gremlin Nob","floor":8,"turns":3},{"damage":0,"enemies":"Looter","floor":10,"turns":2},{"damage":5,"enemies":"3 Sentries","floor":11,"turns":5},{"damage":0,"enemies":"2 Fungi Beasts","floor":13,"turns":2},{"damage":0,"enemies":"Blue Slaver","floor":14,"turns":1},{"damage":22,"enemies":"Hexaghost","floor":16,"turns":7},{"damage":12,"enemies":"Shell Parasite","floor":18,"turns":2},{"damage":2,"enemies":"Chosen","floor":19,"turns":3},{"damage":0,"enemies":"Colosseum Slavers","floor":20,"turns":3},{"damage":20,"enemies":"Colosseum Nobs","floor":20,"turns":4},{"damage":2,"enemies":"Centurion and Healer","floor":21,"turns":5},{"damage":0,"enemies":"Chosen and Byrds","floor":22,"turns":3},{"damage":25,"enemies":"Gremlin Leader","floor":23,"turns":5},{"damage":0,"enemies":"Slavers","floor":25,"turns":4},{"damage":9,"enemies":"Shelled Parasite and Fungi","floor":27,"turns":2}],"seed_played":"804763410083275997","potions_obtained":[{"floor":1,"key":"Energy Potion"},{"floor":2,"key":"Fruit Juice"},{"floor":4,"key":"SkillPotion"},{"floor":11,"key":"Strength Potion"},{"floor":14,"key":"Dexterity Potion"},{"floor":16,"key":"Fire Potion"},{"floor":19,"key":"Swift Potion"},{"floor":20,"key":"Explosive Potion"},{"floor":21,"key":"Block Potion"},{"floor":24,"key":"EssenceOfSteel"},{"floor":24,"key":"Fire Potion"},{"floor":25,"key":"Ancient Potion"}],"is_trial":false,"path_per_floor":["M","M","?","M","M","E","?","E","T","M","E","R","M","M","R","B",null,"M","M","?","M","M","E","?","E","T","M"],"character_chosen":"DEFECT","items_purchased":[],"campfire_rested":0,"item_purchase_floors":[],"current_hp_per_floor":[67,65,65,65,58,53,33,33,38,38,33,33,33,33,33,11,63,51,49,29,27,27,2,2,2,2,0],"gold":696,"neow_bonus":"BOSS_RELIC","is_prod":false,"is_daily":false,"chose_seed":false,"campfire_upgraded":2,"win_rate":0,"timestamp":1553289756,"path_taken":["M","?","?","M","?","E","?","E","T","M","E","R","M","M","R","BOSS","M","M","?","M","M","E","?","E","T","M"],"build_version":"2019-01-23","purchased_purges":0,"victory":false,"max_hp_per_floor":[75,75,75,75,75,75,75,75,80,80,80,80,80,80,80,80,80,80,80,80,80,80,80,80,80,80,80],"card_choices":[{"not_picked":["Tempest","Turbo"],"picked":"Sunder","floor":1},{"not_picked":["Leap","Double Energy"],"picked":"Sweeping Beam","floor":2},{"not_picked":["Go for the Eyes","Coolheaded"],"picked":"Reinforced Body","floor":4},{"not_picked":["Gash","Rip and Tear"],"picked":"Sunder","floor":5},{"not_picked":["Recycle","Coolheaded"],"picked":"Auto Shields","floor":6},{"not_picked":["Streamline","Leap"],"picked":"Doom and Gloom","floor":7},{"not_picked":["Stack","Thunder Strike","Streamline"],"picked":"SKIP","floor":8},{"not_picked":["Steam","Beam Cell","Doom and Gloom"],"picked":"SKIP","floor":10},{"not_picked":["Stack","Tempest"],"picked":"Core Surge","floor":11},{"not_picked":["Gash","Barrage","Doom and Gloom"],"picked":"SKIP","floor":13},{"not_picked":["Stack","Defragment","Compile Driver"],"picked":"SKIP","floor":14},{"not_picked":["Reboot","Creative AI"],"picked":"Multi-Cast","floor":16},{"not_picked":["Steam Power","Beam Cell","Barrage"],"picked":"SKIP","floor":18},{"not_picked":["Storm","Double Energy"],"picked":"FTL","floor":19},{"not_picked":["Conserve Battery","Capacitor+1"],"picked":"Redo+1","floor":20},{"not_picked":["Static Discharge+1","Capacitor","Scrape+1"],"picked":"SKIP","floor":21},{"not_picked":["Cold Snap","Heatsinks+1"],"picked":"Leap","floor":22},{"not_picked":["Turbo","Go for the Eyes"],"picked":"Leap","floor":23},{"not_picked":["Skim","Redo+1","Reprogram"],"picked":"SKIP","floor":25}],"player_experience":132365,"relics_obtained":[{"floor":6,"key":"Nunchaku"},{"floor":7,"key":"Odd Mushroom"},{"floor":8,"key":"Lantern"},{"floor":11,"key":"Smiling Mask"},{"floor":20,"key":"Gambling Chip"},{"floor":20,"key":"Mummified Hand"},{"floor":23,"key":"Whetstone"},{"floor":23,"key":"Orichalcum"},{"floor":25,"key":"Tiny Chest"},{"floor":25,"key":"Omamori"},{"floor":26,"key":"Turnip"}],"event_choices":[{"damage_healed":0,"gold_gain":0,"player_choice":"Upgraded","damage_taken":0,"max_hp_gain":0,"max_hp_loss":0,"event_name":"Upgrade Shrine","floor":3,"gold_loss":0,"cards_upgraded":["Sunder"]},{"damage_healed":0,"gold_gain":0,"player_choice":"Fought Mushrooms","damage_taken":0,"max_hp_gain":0,"max_hp_loss":0,"event_name":"Mushrooms","floor":7,"gold_loss":0},{"damage_healed":0,"gold_gain":0,"player_choice":"Fight","damage_taken":0,"max_hp_gain":0,"max_hp_loss":0,"event_name":"Colosseum","floor":20,"gold_loss":0},{"damage_healed":0,"gold_gain":0,"player_choice":"Fought Nobs","damage_taken":0,"max_hp_gain":0,"max_hp_loss":0,"event_name":"Colosseum","floor":20,"gold_loss":0},{"damage_healed":0,"gold_gain":0,"player_choice":"Got Potions","damage_taken":0,"max_hp_gain":0,"max_hp_loss":0,"event_name":"Lab","floor":24,"gold_loss":0}],"is_beta":false,"boss_relics":[{"not_picked":["Sozu","Astrolabe"],"picked":"Black Star"}],"items_purged_floors":[],"is_endless":false,"potions_floor_spawned":[1,2,4,11,14,16,19,20,21,25],"killed_by":"Shelled Parasite and Fungi","ascension_level":7}