{"gold_per_floor":[109,34,34,34,52,52,78,88,88,88,98,108,22,22,22,101,101,114,114,0,0,0,0],"floor_reached":23,"playtime":726,"items_purged":["Strike_B"],"score":355,"play_id":"fd7db9e1-59d5-409e-99ec-15168e1231b1","local_time":"20190611174437","is_ascension_mode":true,"campfire_choices":[{"data":"Zap","floor":6.0,"key":"SMITH"},{"data":"Hologram","floor":10.0,"key":"SMITH"},{"data":"Redo","floor":15.0,"key":"SMITH"}],"neow_cost":"NONE","seed_source_timestamp":88435797865666,"circlet_count":0,"master_deck":["AscendersBane","Strike_B","Strike_B","Strike_B","Defend_B","Defend_B+1","Defend_B+1","Defend_B","Zap+1","Dualcast","Redo+1","Reinforced Body","Auto Shields","Hologram+1","Thunder Strike","Creative AI","Ball Lightning","Writhe"],"special_seed":0,"relics":["Cracked Core","War Paint","Turnip","Mummified Hand","Velvet Choker","Molten Egg 2","Nilry\u0027s Codex"],"potions_floor_usage":[],"damage_taken":[{"damage":4.0,"enemies":"Jaw Worm","floor":1.0,"turns":3.0},{"damage":0.0,"enemies":"2 Louse","floor":5.0,"turns":3.0},{"damage":27.0,"enemies":"3 Sentries","floor":7.0,"turns":8.0},{"damage":0.0,"enemies":"Small Slimes","floor":8.0,"turns":2.0},{"damage":0.0,"enemies":"Blue Slaver","floor":11.0,"turns":5.0},{"damage":1.0,"enemies":"2 Fungi Beasts","floor":12.0,"turns":4.0},{"damage":20.0,"enemies":"The Guardian","floor":16.0,"turns":13.0},{"damage":0.0,"enemies":"Chosen","floor":18.0,"turns":5.0},{"damage":42,"enemies":"Slavers","floor":23,"turns":3}],"seed_played":"-6489799863542837355","potions_obtained":[{"floor":1.0,"key":"PowerPotion"},{"floor":7.0,"key":"Ancient Potion"},{"floor":8.0,"key":"Weak Potion"},{"floor":18.0,"key":"FearPotion"}],"is_trial":false,"path_per_floor":["M","$","?","T","M","R","E","M","T","R","M","M","$","?","R","B",null,"M","?","?","?","$","E"],"character_chosen":"DEFECT","items_purchased":["Thunder Strike"],"campfire_rested":0,"item_purchase_floors":[13],"current_hp_per_floor":[60,60,60,60,60,60,33,33,33,33,33,32,32,32,32,12,56,56,56,56,35,35,0],"gold":0,"neow_bonus":"THREE_CARDS","is_prod":false,"is_daily":false,"chose_seed":false,"campfire_upgraded":3,"win_rate":0,"timestamp":1560267877,"path_taken":["M","$","?","?","M","R","E","M","T","R","M","M","$","?","R","BOSS","M","?","?","?","?","E"],"build_version":"2019-01-23","purchased_purges":1,"victory":false,"max_hp_per_floor":[71,71,71,71,71,71,71,71,71,71,71,71,71,71,71,71,71,71,71,71,71,71,71],"card_choices":[{"not_picked":["Beam Cell","Ball Lightning"],"picked":"Redo","floor":0.0},{"not_picked":["Redo","Consume"],"picked":"Reinforced Body","floor":1.0},{"not_picked":["Streamline","Go for the Eyes","Leap"],"picked":"SKIP","floor":5.0},{"not_picked":["Steam Power","Go for the Eyes"],"picked":"Auto Shields","floor":7.0},{"not_picked":["Reinforced Body","Turbo"],"picked":"Hologram","floor":8.0},{"not_picked":["Consume","Hologram","Glacier"],"picked":"SKIP","floor":11.0},{"not_picked":["Self Repair","Melter","Coolheaded"],"picked":"SKIP","floor":12.0},{"not_picked":["Seek","Meteor Strike"],"picked":"Creative AI","floor":16.0},{"not_picked":["Chaos","Redo"],"picked":"Ball Lightning","floor":18.0}],"player_experience":558631,"relics_obtained":[{"floor":4.0,"key":"War Paint"},{"floor":7.0,"key":"Turnip"},{"floor":9.0,"key":"Mummified Hand"},{"floor":21,"key":"Nilry\u0027s Codex"}],"event_choices":[{"damage_healed":0.0,"max_hp_gain":0.0,"max_hp_loss":0.0,"gold_gain":0.0,"event_name":"Liars Game","player_choice":"Ignored","floor":3.0,"gold_loss":0.0,"damage_taken":0.0},{"damage_healed":0.0,"max_hp_gain":0.0,"max_hp_loss":0.0,"gold_gain":0.0,"event_name":"Dead Adventurer","player_choice":"Searched \u00271\u0027 times","floor":14.0,"gold_loss":0.0,"damage_taken":0.0},{"damage_healed":0.0,"max_hp_gain":0.0,"max_hp_loss":0.0,"gold_gain":0.0,"event_name":"The Mausoleum","player_choice":"Opened","floor":19.0,"gold_loss":0.0,"damage_taken":0.0,"relics_obtained":["Molten Egg 2"],"cards_obtained":["Writhe"]},{"damage_healed":0,"gold_gain":0,"player_choice":"Paid Fearfully","damage_taken":0,"max_hp_gain":0,"max_hp_loss":0,"event_name":"Masked Bandits","floor":20,"gold_loss":114},{"damage_healed":0,"gold_gain":0,"player_choice":"Obtained Book","damage_taken":21,"max_hp_gain":0,"max_hp_loss":0,"event_name":"Cursed Tome","floor":21,"gold_loss":0}],"is_beta":false,"boss_relics":[{"not_picked":["Cursed Key","Runic Pyramid"],"picked":"Velvet Choker"}],"items_purged_floors":[2],"is_endless":false,"potions_floor_spawned":[1,7,8,18],"killed_by":"Slavers","ascension_level":18}