{"gold_per_floor":[112,124,124,145,166,166,202,202,227,402,438,459,459,478,478,597,597,621,646,231,247,372,406,406,446,446,446,446,446,469,512,512,631,631,655,678,678,699,254,287,58,58,58,71,71,71,71,92,92,92,92,92,56,94,94],"floor_reached":56,"playtime":3855,"items_purged":["Injury","Strike_R"],"score":1563,"play_id":"3c13ea7c-edb6-4ef8-b908-f83733c44d26","local_time":"20190604165356","is_ascension_mode":true,"campfire_choices":[{"data":"Wild Strike","floor":6,"key":"SMITH"},{"floor":15,"key":"REST"},{"floor":24,"key":"REST"},{"floor":27,"key":"REST"},{"data":"Demon Form","floor":29,"key":"SMITH"},{"floor":32,"key":"RECALL"},{"data":"Corruption","floor":42,"key":"SMITH"},{"data":"Barricade","floor":47,"key":"SMITH"},{"floor":49,"key":"REST"},{"data":"Transmutation","floor":52,"key":"SMITH"}],"neow_cost":"PERCENT_DAMAGE","seed_source_timestamp":611008662644,"circlet_count":0,"master_deck":["Strike_R","Defend_R","Defend_R","Defend_R","Defend_R","Wild Strike+1","Shockwave","Metallicize","Cleave","Corruption+1","Warcry","Disarm","Demon Form+1","True Grit","Heavy Blade","Disarm+1","Barricade+1","Whirlwind+1","Warcry+1","Offering+1","True Grit+1","Enlightenment","Entrench","Transmutation+1","Havoc","Entrench","Offering","Entrench"],"relics":["Burning Blood","Incense Burner","Golden Idol","Bag of Marbles","Pen Nib","Anchor","Mark of Pain","Sling","Orichalcum","Ginger","Ornamental Fan","Dead Branch","Boot","Letter Opener","Oddly Smooth Stone","Astrolabe","Juzu Bracelet","Ancient Tea Set","Lantern","Sundial","Bag of Preparation"],"potions_floor_usage":[7,7,16,18,21,33,33,48,55,55],"damage_taken":[{"damage":0,"enemies":"Small Slimes","floor":1,"turns":3},{"damage":0,"enemies":"2 Louse","floor":2,"turns":3},{"damage":2,"enemies":"Jaw Worm","floor":4,"turns":4},{"damage":10,"enemies":"Red Slaver","floor":5,"turns":4},{"damage":34,"enemies":"3 Sentries","floor":7,"turns":11},{"damage":22,"enemies":"Gremlin Nob","floor":11,"turns":5},{"damage":0,"enemies":"Large Slime","floor":12,"turns":2},{"damage":0,"enemies":"Blue Slaver","floor":14,"turns":4},{"damage":59,"enemies":"Hexaghost","floor":16,"turns":15},{"damage":18,"enemies":"2 Thieves","floor":18,"turns":3},{"damage":5,"enemies":"3 Byrds","floor":19,"turns":6},{"damage":26,"enemies":"3 Cultists","floor":21,"turns":6},{"damage":13,"enemies":"Colosseum Slavers","floor":22,"turns":4},{"damage":1,"enemies":"Colosseum Nobs","floor":22,"turns":6},{"damage":16,"enemies":"Book of Stabbing","floor":23,"turns":5},{"damage":33,"enemies":"Gremlin Leader","floor":25,"turns":4},{"damage":14,"enemies":"Sentry and Sphere","floor":30,"turns":4},{"damage":7,"enemies":"Book of Stabbing","floor":31,"turns":4},{"damage":0,"enemies":"Champ","floor":33,"turns":8},{"damage":1,"enemies":"3 Darklings","floor":35,"turns":1},{"damage":6,"enemies":"3 Shapes","floor":36,"turns":3},{"damage":9,"enemies":"Jaw Worm Horde","floor":38,"turns":1},{"damage":6,"enemies":"Nemesis","floor":40,"turns":4},{"damage":6,"enemies":"Writhing Mass","floor":44,"turns":2},{"damage":0,"enemies":"4 Shapes","floor":48,"turns":3},{"damage":15,"enemies":"Donu and Deca","floor":50,"turns":4},{"damage":1,"enemies":"Shield and Spear","floor":54,"turns":3},{"damage":31,"enemies":"The Heart","floor":55,"turns":7}],"seed_played":"-6956050612442749934","potions_obtained":[{"floor":1,"key":"Block Potion"},{"floor":5,"key":"Dexterity Potion"},{"floor":11,"key":"Explosive Potion"},{"floor":12,"key":"Poison Potion"},{"floor":19,"key":"Swift Potion"},{"floor":23,"key":"Poison Potion"},{"floor":25,"key":"Dexterity Potion"},{"floor":31,"key":"LiquidBronze"},{"floor":38,"key":"Block Potion"},{"floor":40,"key":"Explosive Potion"}],"is_trial":false,"path_per_floor":["M","M","?","M","M","R","E","?","T","?","E","M","?","M","R","B",null,"M","M","$","M","?","E","R","E","T","R","?","R","M","E","R","B",null,"M","M","?","M","$","E","$","R","T","M","?","?","R","M","R","B",null,"R","$","E","B",null],"character_chosen":"IRONCLAD","items_purchased":["Sling","Orichalcum","Juzu Bracelet","Transmutation","Entrench","Lantern","Entrench"],"campfire_rested":4,"item_purchase_floors":[20,20,39,39,41,41,53],"current_hp_per_floor":[62,68,68,72,68,68,40,40,40,40,24,30,30,36,60,7,80,68,69,69,49,47,37,61,34,34,58,58,58,50,49,49,55,80,80,80,80,77,77,77,77,77,77,77,77,77,77,80,80,71,80,80,80,80,55],"gold":94,"neow_bonus":"ONE_RARE_RELIC","is_prod":false,"is_daily":false,"chose_seed":false,"campfire_upgraded":5,"win_rate":0,"timestamp":1559685236,"path_taken":["M","M","?","M","M","R","E","?","T","?","E","M","?","?","R","BOSS","M","M","$","M","?","E","R","E","T","R","?","R","M","E","R","BOSS","M","M","?","M","$","E","$","R","T","M","?","?","R","M","R","BOSS","R","$","E","BOSS"],"build_version":"2019-01-23","purchased_purges":2,"victory":true,"max_hp_per_floor":[80,80,80,80,80,80,80,80,80,80,80,80,80,80,80,80,80,80,80,80,80,80,80,80,80,80,80,80,80,80,80,80,80,80,80,80,80,80,80,80,80,80,80,80,80,80,80,80,80,80,80,80,80,80,80],"card_choices":[{"not_picked":["Shockwave","Warcry"],"picked":"Wild Strike","floor":1},{"not_picked":["Anger","Fire Breathing"],"picked":"Shockwave","floor":2},{"not_picked":["Heavy Blade","Sword Boomerang"],"picked":"Metallicize","floor":4},{"not_picked":["Perfected Strike","Second Wind","Burning Pact"],"picked":"SKIP","floor":5},{"not_picked":["Fire Breathing","Anger"],"picked":"Cleave","floor":7},{"not_picked":["Shockwave","Metallicize"],"picked":"Corruption","floor":11},{"not_picked":["Anger","Sword Boomerang"],"picked":"Warcry","floor":12},{"not_picked":["Seeing Red","Clothesline"],"picked":"Disarm","floor":14},{"not_picked":["Immolate","Exhume"],"picked":"Demon Form","floor":16},{"not_picked":["Wild Strike","Twin Strike","Anger+1"],"picked":"SKIP","floor":18},{"not_picked":["Feel No Pain","Sword Boomerang"],"picked":"True Grit","floor":19},{"not_picked":["Clothesline+1","Reckless Charge","Rupture"],"picked":"SKIP","floor":21},{"not_picked":["Carnage","Wild Strike"],"picked":"Heavy Blade","floor":22},{"not_picked":["Immolate","Wild Strike"],"picked":"Disarm+1","floor":23},{"not_picked":["Clothesline+1","Dual Wield","Heavy Blade+1"],"picked":"SKIP","floor":25},{"not_picked":["Clothesline","Carnage+1","Wild Strike"],"picked":"SKIP","floor":30},{"not_picked":["Armaments","Dropkick","Inflame"],"picked":"SKIP","floor":31},{"not_picked":["Berserk","Limit Break"],"picked":"Barricade","floor":33},{"not_picked":["Anger","Clothesline"],"picked":"True Grit+1","floor":35},{"not_picked":["Clash","True Grit+1","Cleave+1"],"picked":"SKIP","floor":36},{"not_picked":["Impatience","Discovery"],"picked":"Enlightenment","floor":37},{"not_picked":["True Grit+1","Corruption"],"picked":"Entrench","floor":38},{"not_picked":["Battle Trance+1","Wild Strike+1"],"picked":"Havoc","floor":40},{"not_picked":["Metallicize+1","Heavy Blade+1","Shrug It Off+1"],"picked":"SKIP","floor":44},{"not_picked":["Evolve","Metallicize+1"],"picked":"Offering","floor":48},{"not_picked":["Anger","Iron Wave","Havoc+1"],"picked":"SKIP","floor":54}],"player_experience":75259,"relics_obtained":[{"floor":7,"key":"Bag of Marbles"},{"floor":11,"key":"Anchor"},{"floor":22,"key":"Ginger"},{"floor":22,"key":"Ornamental Fan"},{"floor":23,"key":"Dead Branch"},{"floor":25,"key":"Boot"},{"floor":26,"key":"Letter Opener"},{"floor":31,"key":"Oddly Smooth Stone"},{"floor":40,"key":"Ancient Tea Set"},{"floor":43,"key":"Sundial"},{"floor":54,"key":"Bag of Preparation"}],"event_choices":[{"damage_healed":0,"gold_gain":0,"player_choice":"Take Wound","damage_taken":0,"relics_obtained":["Golden Idol"],"max_hp_gain":0,"max_hp_loss":0,"event_name":"Golden Idol","floor":3,"gold_loss":0,"cards_obtained":["Injury"]},{"damage_healed":0,"gold_gain":0,"player_choice":"Searched \u00272\u0027 times","damage_taken":0,"relics_obtained":["Pen Nib"],"max_hp_gain":0,"max_hp_loss":0,"event_name":"Dead Adventurer","floor":8,"gold_loss":0},{"damage_healed":0,"gold_gain":175,"player_choice":"AGREE","damage_taken":0,"max_hp_gain":0,"max_hp_loss":0,"event_name":"Liars Game","floor":10,"gold_loss":0,"cards_obtained":["Doubt"]},{"cards_removed":["Doubt"],"damage_healed":0,"gold_gain":0,"player_choice":"Forget","damage_taken":0,"max_hp_gain":0,"max_hp_loss":0,"event_name":"Living Wall","floor":13,"gold_loss":0},{"damage_healed":0,"gold_gain":0,"player_choice":"Fight","damage_taken":0,"max_hp_gain":0,"max_hp_loss":0,"event_name":"Colosseum","floor":22,"gold_loss":0},{"damage_healed":0,"gold_gain":0,"player_choice":"Fought Nobs","damage_taken":0,"max_hp_gain":0,"max_hp_loss":0,"event_name":"Colosseum","floor":22,"gold_loss":0},{"damage_healed":0,"gold_gain":0,"player_choice":"Ignored","damage_taken":0,"max_hp_gain":0,"max_hp_loss":0,"event_name":"Ghosts","floor":28,"gold_loss":0},{"damage_healed":0,"gold_gain":0,"player_choice":"Memory 1","damage_taken":0,"max_hp_gain":0,"max_hp_loss":0,"event_name":"SensoryStone","floor":37,"gold_loss":0},{"cards_removed":["Bash"],"damage_healed":0,"gold_gain":0,"player_choice":"Removed Attack","damage_taken":0,"max_hp_gain":0,"max_hp_loss":0,"event_name":"Falling","floor":45,"gold_loss":0},{"damage_healed":0,"gold_gain":0,"player_choice":"Ignored","damage_taken":0,"max_hp_gain":0,"max_hp_loss":0,"event_name":"The Moai Head","floor":46,"gold_loss":0}],"is_beta":false,"boss_relics":[{"not_picked":["Cursed Key","Fusion Hammer"],"picked":"Mark of Pain"},{"not_picked":["Lizard Tail","Orrery"],"picked":"Astrolabe"}],"items_purged_floors":[20,39],"is_endless":false,"potions_floor_spawned":[1,5,11,12,19,23,25,31,38,40],"ascension_level":3}