{"gold_per_floor":[113,113,133,133,153,178,178,192,192,192,223,239,268,6,6,6],"floor_reached":16,"playtime":479,"items_purged":[],"score":120,"play_id":"f1f187b2-1d70-45c0-a068-3a25c1c34f2c","local_time":"20190628040218","is_ascension_mode":false,"campfire_choices":[{"data":"Discovery","floor":7,"key":"SMITH"},{"data":"Whirlwind","floor":10,"key":"SMITH"},{"data":"Bludgeon","floor":15,"key":"SMITH"}],"neow_cost":"NONE","seed_source_timestamp":0,"circlet_count":0,"master_deck":["Strike_R","Strike_R","Strike_R","Strike_R","Strike_R","Defend_R","Defend_R","Defend_R","Defend_R","Bash","Twin Strike","Discovery+1","Bludgeon+1","Bash","Whirlwind+1","True Grit"],"special_seed":0,"relics":["Burning Blood","NeowsBlessing","Sundial","Shuriken","Singing Bowl","Incense Burner","Frozen Egg 2"],"potions_floor_usage":[6],"damage_taken":[{"damage":0.0,"enemies":"Small Slimes","floor":1.0,"turns":1.0},{"damage":0.0,"enemies":"Cultist","floor":3.0,"turns":1.0},{"damage":0.0,"enemies":"Jaw Worm","floor":5.0,"turns":1.0},{"damage":19,"enemies":"Gremlin Nob","floor":6,"turns":4},{"damage":4,"enemies":"Red Slaver","floor":8,"turns":3},{"damage":31,"enemies":"Lagavulin","floor":11,"turns":5},{"damage":0,"enemies":"Large Slime","floor":12,"turns":2},{"damage":34,"enemies":"3 Sentries","floor":13,"turns":5},{"damage":41,"enemies":"The Guardian","floor":16,"turns":7}],"seed_played":"-2432764027679791788","potions_obtained":[{"floor":5.0,"key":"Weak Potion"},{"floor":12,"key":"FearPotion"}],"is_trial":false,"path_per_floor":["M","?","M","?","M","E","R","M","T","R","E","M","E","$","R","B"],"character_chosen":"IRONCLAD","items_purchased":["Frozen Egg 2"],"campfire_rested":0,"item_purchase_floors":[14],"current_hp_per_floor":[80,85,85,85,85,72,72,74,74,74,51,59,33,33,33,0],"gold":6,"neow_bonus":"THREE_ENEMY_KILL","is_prod":false,"is_daily":false,"chose_seed":false,"campfire_upgraded":3,"win_rate":0,"timestamp":1561716138,"path_taken":["M","?","M","?","?","E","R","M","T","R","E","M","E","$","R","BOSS"],"build_version":"2019-01-23","purchased_purges":0,"victory":false,"max_hp_per_floor":[80,85,85,85,85,85,85,85,85,85,87,89,91,91,91,91],"card_choices":[{"not_picked":["Perfected Strike","Power Through","Body Slam"],"picked":"SKIP","floor":1.0},{"not_picked":["True Grit","Second Wind"],"picked":"Twin Strike","floor":3.0},{"not_picked":["Anger","Iron Wave"],"picked":"Whirlwind","floor":5.0},{"not_picked":["Second Wind","Sword Boomerang"],"picked":"True Grit","floor":6},{"not_picked":["Cleave","Fire Breathing","Feed"],"picked":"SKIP","floor":8},{"not_picked":["True Grit","Pommel Strike","Iron Wave"],"picked":"Singing Bowl","floor":11},{"not_picked":["Pummel","Clash","Bloodletting"],"picked":"Singing Bowl","floor":12},{"not_picked":["Armaments","Blood for Blood","Iron Wave"],"picked":"Singing Bowl","floor":13}],"player_experience":1516709,"relics_obtained":[{"floor":6,"key":"Sundial"},{"floor":9,"key":"Shuriken"},{"floor":11,"key":"Singing Bowl"},{"floor":13,"key":"Incense Burner"}],"event_choices":[{"damage_healed":0.0,"max_hp_gain":5.0,"max_hp_loss":0.0,"gold_gain":0.0,"event_name":"Big Fish","player_choice":"Donut","floor":2.0,"gold_loss":0.0,"damage_taken":0.0},{"damage_healed":0.0,"max_hp_gain":0.0,"max_hp_loss":0.0,"gold_gain":0.0,"event_name":"Match and Keep!","player_choice":"3 cards matched","floor":4.0,"gold_loss":0.0,"damage_taken":0.0,"cards_obtained":["Discovery","Bludgeon","Bash"]}],"is_beta":false,"boss_relics":[],"items_purged_floors":[],"is_endless":false,"potions_floor_spawned":[5,12],"killed_by":"The Guardian","ascension_level":0}