{"gold_per_floor":[362,322,10,23,298,333,33,47,47,47,47,47,47,67,67,163,213,226,245,245],"floor_reached":20,"playtime":827,"items_purged":["Regret"],"score":232,"play_id":"ed77129f-a923-435d-9920-d4d28e6fb37f","local_time":"20190518093943","is_ascension_mode":true,"campfire_choices":[{"floor":11.0,"key":"REST"},{"data":"Apotheosis","floor":13.0,"key":"SMITH"},{"floor":15.0,"key":"REST"}],"neow_cost":"PERCENT_DAMAGE","seed_source_timestamp":0,"circlet_count":0,"master_deck":["Strike_B","Strike_B","Strike_B","Strike_B","Defend_B","Defend_B","Defend_B","Defend_B","Zap","Dualcast+1","Ball Lightning","Apotheosis+1","Electrodynamics","Capacitor","Undo","Pain","Fusion","Echo Form","Barrage","Redo","Steam"],"special_seed":0,"relics":["Cracked Core","Oddly Smooth Stone","Question Card","Boot","Cables","WarpedTongs","Tiny House"],"potions_floor_usage":[],"damage_taken":[{"damage":5.0,"enemies":"2 Louse","floor":1.0,"turns":3.0},{"damage":0.0,"enemies":"Cultist","floor":4.0,"turns":3.0},{"damage":18.0,"enemies":"Lagavulin","floor":6.0,"turns":5.0},{"damage":6.0,"enemies":"Small Slimes","floor":8.0,"turns":2.0},{"damage":11.0,"enemies":"Exordium Thugs","floor":14.0,"turns":3.0},{"damage":32.0,"enemies":"The Guardian","floor":16.0,"turns":9.0},{"damage":35.0,"enemies":"Shell Parasite","floor":18.0,"turns":8.0},{"damage":12.0,"enemies":"Chosen","floor":19.0,"turns":4.0},{"damage":28,"enemies":"Sentry and Sphere","floor":20,"turns":3}],"seed_played":"-3696894073860639314","potions_obtained":[{"floor":2.0,"key":"Ancient Potion"},{"floor":2.0,"key":"GamblersBrew"},{"floor":2.0,"key":"Fruit Juice"},{"floor":8.0,"key":"SkillPotion"},{"floor":16.0,"key":"Swift Potion"},{"floor":17.0,"key":"Explosive Potion"}],"is_trial":false,"path_per_floor":["M","?","$","M","?","E","$","M","T","$","R","?","R","M","R","B",null,"M","M","M"],"character_chosen":"DEFECT","items_purchased":["Apotheosis","Oddly Smooth Stone","Capacitor","Boot"],"campfire_rested":2,"item_purchase_floors":[3,3,7,7],"current_hp_per_floor":[45,50,50,50,50,32,32,26,26,26,50,50,50,39,63,31,73,38,26,0],"gold":245,"neow_bonus":"TWO_FIFTY_GOLD","is_prod":false,"is_daily":false,"chose_seed":false,"campfire_upgraded":1,"win_rate":0,"timestamp":1558197583,"path_taken":["M","?","$","?","?","E","$","M","T","?","R","?","R","?","R","BOSS","M","?","?"],"build_version":"2019-01-23","purchased_purges":1,"victory":false,"max_hp_per_floor":[75,80,80,80,80,80,80,80,80,80,80,80,80,80,80,80,85,85,85,85],"card_choices":[{"not_picked":["FTL","Beam Cell"],"picked":"Ball Lightning","floor":1.0},{"not_picked":["Skim","Streamline","Beam Cell"],"picked":"SKIP","floor":4.0},{"not_picked":["BootSequence","Sweeping Beam"],"picked":"Electrodynamics","floor":6.0},{"not_picked":["Leap","BootSequence","Gash"],"picked":"Undo","floor":8.0},{"not_picked":["Conserve Battery","Sunder","Hello World"],"picked":"Fusion","floor":14.0},{"not_picked":["Rainbow","All For One","Buffer"],"picked":"Echo Form","floor":16.0},{"not_picked":["Streamline","Steam Power","Rebound"],"picked":"Barrage","floor":17.0},{"not_picked":["Go for the Eyes","Double Energy+1","Fusion"],"picked":"Redo","floor":18.0},{"not_picked":["Ball Lightning","Rebound","Chaos+1"],"picked":"Steam","floor":19.0}],"player_experience":339252,"relics_obtained":[{"floor":6.0,"key":"Question Card"},{"floor":9.0,"key":"Cables"}],"event_choices":[{"damage_healed":0.0,"max_hp_gain":0.0,"max_hp_loss":0.0,"gold_gain":0.0,"event_name":"The Woman in Blue","player_choice":"Bought 3 Potions","floor":2.0,"gold_loss":0.0,"damage_taken":0.0},{"damage_healed":0.0,"max_hp_gain":0.0,"max_hp_loss":0.0,"gold_gain":275.0,"event_name":"Golden Shrine","player_choice":"Desecrate","floor":5.0,"gold_loss":0.0,"damage_taken":0.0,"cards_obtained":["Regret"]},{"damage_healed":0.0,"max_hp_gain":0.0,"max_hp_loss":0.0,"gold_gain":0.0,"event_name":"Accursed Blacksmith","player_choice":"Rummage","floor":12.0,"gold_loss":0.0,"damage_taken":0.0,"relics_obtained":["WarpedTongs"],"cards_obtained":["Pain"]}],"is_beta":false,"boss_relics":[{"not_picked":["Velvet Choker","Runic Dome"],"picked":"Tiny House"}],"items_purged_floors":[7],"is_endless":false,"potions_floor_spawned":[8,16],"killed_by":"Sentry and Sphere","ascension_level":7}