{"gold_per_floor":[110,120,120,45,10,41,41,75,75,88,88,98,98,111,111,188,188,206,96,46,46,46,46,64,64,64,64,96,46,56,68,68,145,145,162,162,27,27,42,42,42],"floor_reached":41,"playtime":1366,"items_purged":["Strike_B","Strike_B","Defend_B","Strike_B"],"score":840,"play_id":"035d1a9a-d9d5-4423-8607-0e4f3b19f975","local_time":"20190607173016","is_ascension_mode":true,"campfire_choices":[{"floor":11.0,"key":"REST"},{"data":"Redo","floor":13.0,"key":"SMITH"},{"data":"Redo","floor":15.0,"key":"SMITH"},{"floor":23.0,"key":"REST"},{"floor":25.0,"key":"REST"},{"floor":27.0,"key":"REST"},{"floor":32.0,"key":"REST"},{"data":"Buffer","floor":40,"key":"SMITH"}],"neow_cost":"NONE","seed_source_timestamp":237335200585971,"circlet_count":0,"master_deck":["AscendersBane","Defend_B+1","Defend_B+1","Defend_B+1","Zap","Redo+1","Chill+1","Doom and Gloom+1","Electrodynamics","Go for the Eyes+1","Buffer+1","Coolheaded","Auto Shields"],"special_seed":0,"relics":["Cracked Core","NeowsBlessing","Sundial","Smiling Mask","War Paint","Potion Belt","Cursed Key","Letter Opener","Velvet Choker"],"potions_floor_usage":[39,41],"damage_taken":[{"damage":0.0,"enemies":"2 Louse","floor":1.0,"turns":1.0},{"damage":0.0,"enemies":"Small Slimes","floor":2.0,"turns":1.0},{"damage":0.0,"enemies":"Gremlin Nob","floor":6.0,"turns":1.0},{"damage":46.0,"enemies":"3 Sentries","floor":8.0,"turns":8.0},{"damage":0.0,"enemies":"Jaw Worm","floor":10.0,"turns":5.0},{"damage":2.0,"enemies":"Exordium Wildlife","floor":12.0,"turns":3.0},{"damage":0.0,"enemies":"Red Slaver","floor":14.0,"turns":3.0},{"damage":16.0,"enemies":"The Guardian","floor":16.0,"turns":8.0},{"damage":28.0,"enemies":"Spheric Guardian","floor":18.0,"turns":6.0},{"damage":19.0,"enemies":"Colosseum Slavers","floor":22.0,"turns":3.0},{"damage":24.0,"enemies":"Shell Parasite","floor":24.0,"turns":5.0},{"damage":18.0,"enemies":"Gremlin Leader","floor":28.0,"turns":7.0},{"damage":0.0,"enemies":"3 Cultists","floor":30.0,"turns":3.0},{"damage":8.0,"enemies":"Chosen and Byrds","floor":31.0,"turns":5.0},{"damage":64.0,"enemies":"Champ","floor":33.0,"turns":10.0},{"damage":11.0,"enemies":"3 Shapes","floor":35.0,"turns":3.0},{"damage":7,"enemies":"3 Darklings","floor":39,"turns":7},{"damage":56,"enemies":"Nemesis","floor":41,"turns":8}],"seed_played":"-9015211497729743141","potions_obtained":[{"floor":2.0,"key":"LiquidBronze"},{"floor":10.0,"key":"EssenceOfSteel"},{"floor":14.0,"key":"SteroidPotion"},{"floor":18.0,"key":"SneckoOil"},{"floor":30.0,"key":"FairyPotion"},{"floor":33.0,"key":"SteroidPotion"},{"floor":39,"key":"AttackPotion"}],"is_trial":false,"path_per_floor":["M","M","?","$","?","E","T","E","T","M","R","M","R","M","R","B",null,"M","?","$","T","?","R","M","R","T","R","E","$","M","M","R","B",null,"M","?","$","?","M","R","E"],"character_chosen":"DEFECT","items_purchased":["Regen Potion"],"campfire_rested":5,"item_purchase_floors":[37],"current_hp_per_floor":[64,64,43,43,60,60,60,14,14,14,35,33,33,33,33,17,58,30,30,30,30,11,32,8,29,29,50,32,32,32,24,45,7,55,44,44,44,44,52,52,0],"gold":42,"neow_bonus":"THREE_ENEMY_KILL","is_prod":false,"is_daily":false,"chose_seed":false,"campfire_upgraded":3,"win_rate":0,"timestamp":1559921416,"path_taken":["M","M","?","$","?","E","?","E","T","?","R","M","R","M","R","BOSS","M","?","$","?","?","R","?","R","T","R","E","?","?","M","R","BOSS","M","?","$","?","?","R","E"],"build_version":"2019-01-23","purchased_purges":4,"victory":false,"max_hp_per_floor":[71,71,71,71,71,71,71,71,71,71,71,71,71,71,71,71,71,71,71,71,71,71,71,71,71,71,71,71,71,71,71,71,71,71,71,71,71,71,71,71,71],"card_choices":[{"not_picked":["Streamline","Beam Cell"],"picked":"Redo","floor":1.0},{"not_picked":["Steam","Stack","Sweeping Beam"],"picked":"SKIP","floor":2.0},{"not_picked":["Reprogram","Fission","Sweeping Beam"],"picked":"SKIP","floor":6.0},{"not_picked":["Rebound","Beam Cell"],"picked":"Chill","floor":8.0},{"not_picked":["Turbo","Gash"],"picked":"Doom and Gloom","floor":10.0},{"not_picked":["Turbo","Rebound"],"picked":"Redo","floor":12.0},{"not_picked":["Go for the Eyes","Capacitor","Lockon"],"picked":"SKIP","floor":14.0},{"not_picked":["Core Surge","Meteor Strike"],"picked":"Electrodynamics","floor":16.0},{"not_picked":["Consume","Storm","Redo"],"picked":"SKIP","floor":18.0},{"not_picked":["Sweeping Beam","Streamline","Rebound"],"picked":"SKIP","floor":24.0},{"not_picked":["Cold Snap","Go for the Eyes","Chill"],"picked":"SKIP","floor":28.0},{"not_picked":["Force Field","Heatsinks"],"picked":"Go for the Eyes+1","floor":30.0},{"not_picked":["Fission","Cold Snap","Force Field"],"picked":"SKIP","floor":31.0},{"not_picked":["Core Surge","Seek"],"picked":"Buffer","floor":33.0},{"not_picked":["Rebound","Cold Snap"],"picked":"Coolheaded","floor":35.0},{"not_picked":["Aggregate","Stack","Auto Shields"],"picked":"SKIP","floor":39}],"player_experience":542168,"relics_obtained":[{"floor":6.0,"key":"Sundial"},{"floor":7.0,"key":"Smiling Mask"},{"floor":8.0,"key":"War Paint"},{"floor":9.0,"key":"Potion Belt"},{"floor":28.0,"key":"Letter Opener"}],"event_choices":[{"damage_healed":0.0,"max_hp_gain":0.0,"max_hp_loss":0.0,"gold_gain":0.0,"event_name":"Shining Light","player_choice":"Entered Light","floor":3.0,"gold_loss":0.0,"damage_taken":21.0,"cards_upgraded":["Defend_B","Defend_B"]},{"damage_healed":17.0,"max_hp_gain":0.0,"max_hp_loss":0.0,"gold_gain":0.0,"event_name":"The Cleric","player_choice":"Healed","floor":5.0,"gold_loss":35.0,"damage_taken":0.0},{"cards_removed":["Strike_B"],"damage_healed":0.0,"max_hp_gain":0.0,"max_hp_loss":0.0,"gold_gain":0.0,"event_name":"Designer","player_choice":"Upgrade and Remove","floor":19.0,"gold_loss":110.0,"damage_taken":0.0,"cards_upgraded":["Doom and Gloom"]},{"damage_healed":0.0,"max_hp_gain":0.0,"max_hp_loss":0.0,"gold_gain":0.0,"event_name":"Colosseum","player_choice":"Fight","floor":22.0,"gold_loss":0.0,"damage_taken":0.0},{"damage_healed":0.0,"max_hp_gain":0.0,"max_hp_loss":0.0,"gold_gain":0.0,"event_name":"Colosseum","player_choice":"Fled From Nobs","floor":22.0,"gold_loss":0.0,"damage_taken":0.0},{"cards_removed":["Redo"],"damage_healed":0.0,"max_hp_gain":0.0,"max_hp_loss":0.0,"gold_gain":0.0,"event_name":"Falling","player_choice":"Removed Skill","floor":36.0,"gold_loss":0.0,"damage_taken":0.0},{"damage_healed":0.0,"max_hp_gain":0.0,"max_hp_loss":0.0,"gold_gain":0.0,"cards_transformed":["Dualcast"],"event_name":"Transmorgrifier","player_choice":"Transformed","floor":38.0,"gold_loss":0.0,"damage_taken":0.0,"cards_obtained":["Auto Shields"]}],"is_beta":false,"boss_relics":[{"not_picked":["Fusion Hammer","Philosopher\u0027s Stone"],"picked":"Cursed Key"},{"not_picked":["Calling Bell","Tiny House"],"picked":"Velvet Choker"}],"items_purged_floors":[4,20,29,37],"is_endless":false,"potions_floor_spawned":[2,10,14,18,30,33,39],"killed_by":"Nemesis","ascension_level":18}