{"gold_per_floor":[12,29,40,140,157,157,173,202,202,237,16,36,211,38,38,142,142,153,153,168,182,182,182],"floor_reached":23,"playtime":1161,"items_purged":["Doubt"],"score":294,"play_id":"cd1c6d85-5272-4e4b-8fe8-a1e30c94e44e","local_time":"20190621193216","is_ascension_mode":true,"campfire_choices":[{"data":"Iron Wave","floor":6,"key":"SMITH"},{"data":"Armaments","floor":15,"key":"SMITH"}],"neow_cost":"NO_GOLD","seed_source_timestamp":82909860270594,"circlet_count":0,"master_deck":["Strike_R","Strike_R","Strike_R","Defend_R","Defend_R","Defend_R","Bash","Pommel Strike","Iron Wave+1","Juggernaut","Shrug It Off","Shockwave","Offering","Metallicize","Rampage","Armaments+1","Combust","Feed","Pommel Strike+1","Hemokinesis","Flame Barrier","Seeing Red+1","Dual Wield","Clash"],"relics":["Burning Blood","Unceasing Top","Gambling Chip","Meat on the Bone","Happy Flower","Velvet Choker"],"potions_floor_usage":[8,8,12,20,23],"damage_taken":[{"damage":13,"enemies":"Small Slimes","floor":1,"turns":5},{"damage":6,"enemies":"Cultist","floor":2,"turns":4},{"damage":6,"enemies":"Jaw Worm","floor":3,"turns":5},{"damage":20,"enemies":"Exordium Wildlife","floor":5,"turns":6},{"damage":1,"enemies":"Looter","floor":7,"turns":5},{"damage":23,"enemies":"Gremlin Nob","floor":8,"turns":4},{"damage":29,"enemies":"3 Sentries","floor":10,"turns":8},{"damage":6,"enemies":"Gremlin Gang","floor":12,"turns":3},{"damage":34,"enemies":"Hexaghost","floor":16,"turns":8},{"damage":6,"enemies":"Chosen","floor":18,"turns":4},{"damage":22,"enemies":"2 Thieves","floor":20,"turns":4},{"damage":24,"enemies":"Centurion and Healer","floor":21,"turns":7},{"damage":55,"enemies":"Gremlin Leader","floor":23,"turns":6}],"seed_played":"-5256889349006550424","potions_obtained":[{"floor":5,"key":"Fire Potion"},{"floor":7,"key":"GamblersBrew"},{"floor":10,"key":"Energy Potion"},{"floor":16,"key":"Strength Potion"},{"floor":18,"key":"AttackPotion"}],"is_trial":false,"path_per_floor":["M","M","M","?","M","R","M","E","T","E","$","M","?","$","R","B",null,"M","?","M","M","?","E"],"character_chosen":"IRONCLAD","items_purchased":["Offering","Metallicize","Armaments","Combust"],"campfire_rested":0,"item_purchase_floors":[11,11,14,14],"current_hp_per_floor":[65,65,65,65,51,51,56,39,39,28,28,40,40,40,40,24,66,66,66,50,44,44,0],"gold":182,"neow_bonus":"ONE_RARE_RELIC","is_prod":false,"is_daily":false,"chose_seed":false,"campfire_upgraded":2,"win_rate":0,"timestamp":1561163536,"path_taken":["M","M","M","?","M","R","M","E","T","E","$","?","?","?","R","BOSS","M","?","?","M","?","E"],"build_version":"2019-01-23","purchased_purges":1,"victory":false,"max_hp_per_floor":[80,80,80,80,80,80,80,80,80,80,80,80,80,80,80,80,80,80,80,80,80,80,80],"card_choices":[{"not_picked":["Body Slam","Second Wind"],"picked":"Pommel Strike","floor":1},{"not_picked":["Headbutt","Twin Strike","Shockwave"],"picked":"SKIP","floor":2},{"not_picked":["Flex","Body Slam","Dropkick"],"picked":"SKIP","floor":3},{"not_picked":["Perfected Strike","True Grit"],"picked":"Iron Wave","floor":5},{"not_picked":["Whirlwind","Rage"],"picked":"Juggernaut","floor":7},{"not_picked":["Perfected Strike","Sword Boomerang"],"picked":"Shrug It Off","floor":8},{"not_picked":["Sword Boomerang","Twin Strike"],"picked":"Shockwave","floor":10},{"not_picked":["Pommel Strike","Anger"],"picked":"Rampage","floor":12},{"not_picked":["Limit Break","Impervious"],"picked":"Feed","floor":16},{"not_picked":["Anger","Shockwave"],"picked":"Pommel Strike+1","floor":18},{"not_picked":["Infernal Blade","Body Slam"],"picked":"Flame Barrier","floor":20},{"not_picked":["Shrug It Off","Clash"],"picked":"Seeing Red+1","floor":21}],"player_experience":235488,"relics_obtained":[{"floor":8,"key":"Gambling Chip"},{"floor":9,"key":"Meat on the Bone"},{"floor":10,"key":"Happy Flower"}],"event_choices":[{"damage_healed":0,"gold_gain":100,"player_choice":"Pray","damage_taken":0,"max_hp_gain":0,"max_hp_loss":0,"event_name":"Golden Shrine","floor":4,"gold_loss":0},{"damage_healed":0,"gold_gain":175,"player_choice":"AGREE","damage_taken":0,"max_hp_gain":0,"max_hp_loss":0,"event_name":"Liars Game","floor":13,"gold_loss":0,"cards_obtained":["Doubt"]},{"damage_healed":0,"gold_gain":0,"cards_transformed":["Strike_R"],"player_choice":"Transformed","damage_taken":0,"max_hp_gain":0,"max_hp_loss":0,"event_name":"Transmorgrifier","floor":19,"gold_loss":0,"cards_obtained":["Hemokinesis"]},{"damage_healed":0,"gold_gain":0,"cards_transformed":["Strike_R","Defend_R"],"player_choice":"Became Test Subject","damage_taken":0,"max_hp_gain":0,"max_hp_loss":0,"event_name":"Drug Dealer","floor":22,"gold_loss":0,"cards_obtained":["Dual Wield","Clash"]}],"is_beta":false,"boss_relics":[{"not_picked":["Astrolabe","White Beast Statue"],"picked":"Velvet Choker"}],"items_purged_floors":[14],"is_endless":false,"potions_floor_spawned":[5,7,10,16,18],"killed_by":"Gremlin Leader","ascension_level":9}