{"gold_per_floor":[32,62,96,96,46,95,135,61,142,174,174,242,88,141,141,266,266,276,33,132,132,132,180,180,215,515,515,440,440,474,474],"floor_reached":31,"playtime":1173,"items_purged":["Defend_G"],"score":372,"play_id":"27263c29-3a77-4346-ab02-97348b1a9e02","local_time":"20190605182914","is_ascension_mode":true,"campfire_choices":[{"data":"Noxious Fumes","floor":11,"key":"SMITH"},{"floor":15,"key":"REST"},{"floor":24,"key":"REST"},{"floor":27,"key":"REST"}],"neow_cost":"NO_GOLD","seed_source_timestamp":95468522630431,"circlet_count":0,"master_deck":["Defend_G","Defend_G","Defend_G","Defend_G+1","Strike_G+1","Strike_G","Strike_G","Survivor","Neutralize","HandOfGreed","Dramatic Entrance","Backstab","Noxious Fumes+1","Poisoned Stab","Blur","Well Laid Plans","Flying Knee","Catalyst","Corpse Explosion","Noxious Fumes","Poisoned Stab","Bullet Time","Riddle With Holes+1","Eviscerate+1"],"relics":["Ring of the Snake","StoneCalendar","Dream Catcher","Bronze Scales","Snecko Eye","Molten Egg 2","Art of War","Dead Branch","Old Coin","Enchiridion"],"potions_floor_usage":[6,14,14,23,31],"damage_taken":[{"damage":0,"enemies":"Cultist","floor":1,"turns":2},{"damage":0,"enemies":"Jaw Worm","floor":2,"turns":3},{"damage":0,"enemies":"Small Slimes","floor":3,"turns":3},{"damage":12,"enemies":"Gremlin Nob","floor":6,"turns":4},{"damage":3,"enemies":"Blue Slaver","floor":7,"turns":5},{"damage":11,"enemies":"Exordium Wildlife","floor":10,"turns":4},{"damage":22,"enemies":"3 Sentries","floor":12,"turns":7},{"damage":2,"enemies":"Lagavulin","floor":14,"turns":5},{"damage":13,"enemies":"Hexaghost","floor":16,"turns":6},{"damage":16,"enemies":"Spheric Guardian","floor":18,"turns":4},{"damage":42,"enemies":"Slavers","floor":23,"turns":3},{"damage":20,"enemies":"Gremlin Leader","floor":25,"turns":6},{"damage":0,"enemies":"3 Byrds","floor":30,"turns":3},{"damage":19,"enemies":"Centurion and Healer","floor":31,"turns":1}],"seed_played":"8375269830385656157","potions_obtained":[{"floor":1,"key":"SpeedPotion"},{"floor":2,"key":"Weak Potion"},{"floor":6,"key":"SpeedPotion"},{"floor":16,"key":"Poison Potion"},{"floor":18,"key":"FearPotion"},{"floor":23,"key":"Swift Potion"},{"floor":25,"key":"GamblersBrew"}],"is_trial":false,"path_per_floor":["M","M","M","?","?","E","M","$","T","M","R","E","$","E","R","B",null,"M","$","?","?","$","E","R","E","T","R","?","?","M","M"],"character_chosen":"THE_SILENT","items_purchased":["Well Laid Plans","Corpse Explosion","Molten Egg 2"],"campfire_rested":3,"item_purchase_floors":[8,13,19],"current_hp_per_floor":[70,70,70,56,56,44,41,41,41,30,30,8,8,6,27,14,70,54,54,54,54,54,12,33,13,13,34,34,18,18,0],"gold":474,"neow_bonus":"RANDOM_COLORLESS_2","is_prod":false,"is_daily":false,"chose_seed":false,"campfire_upgraded":1,"win_rate":0,"timestamp":1559777354,"path_taken":["M","M","M","?","?","E","M","?","T","M","R","E","$","E","R","BOSS","M","$","?","?","?","E","R","E","T","R","?","?","M","M"],"build_version":"2019-01-23","purchased_purges":1,"victory":false,"max_hp_per_floor":[70,70,70,70,70,70,70,70,70,70,70,70,70,70,70,70,70,70,70,70,70,70,70,70,70,70,70,70,70,70,70],"card_choices":[{"not_picked":["Bouncing Flask","Concentrate"],"picked":"Backstab","floor":1},{"not_picked":["Deadly Poison","Cloak And Dagger"],"picked":"Noxious Fumes","floor":2},{"not_picked":["Outmaneuver","Deflect"],"picked":"Poisoned Stab","floor":3},{"not_picked":["Quick Slash","Blade Dance","Setup"],"picked":"SKIP","floor":6},{"not_picked":["Dagger Throw","Noxious Fumes"],"picked":"Blur","floor":7},{"not_picked":["Finisher","Sucker Punch"],"picked":"Flying Knee","floor":10},{"not_picked":["Underhanded Strike","Infinite Blades"],"picked":"Catalyst","floor":12},{"not_picked":["Flechettes","Dagger Throw"],"picked":"Noxious Fumes","floor":14},{"not_picked":["Dagger Spray","All Out Attack"],"picked":"Poisoned Stab","floor":15},{"not_picked":["Phantasmal Killer","Die Die Die"],"picked":"Bullet Time","floor":16},{"not_picked":["Well Laid Plans","Dagger Spray","Setup"],"picked":"SKIP","floor":18},{"not_picked":["Backflip","Dagger Throw+1","All Out Attack+1"],"picked":"SKIP","floor":23},{"not_picked":["Well Laid Plans","Dagger Spray+1","Bane+1"],"picked":"SKIP","floor":25},{"not_picked":["Dodge and Roll","Deflect"],"picked":"Eviscerate+1","floor":30}],"player_experience":99504,"relics_obtained":[{"floor":6,"key":"StoneCalendar"},{"floor":12,"key":"Dream Catcher"},{"floor":14,"key":"Bronze Scales"},{"floor":23,"key":"Art of War"},{"floor":25,"key":"Dead Branch"},{"floor":26,"key":"Old Coin"},{"floor":29,"key":"Enchiridion"}],"event_choices":[{"damage_healed":0,"gold_gain":0,"player_choice":"Entered Light","damage_taken":14,"max_hp_gain":0,"max_hp_loss":0,"event_name":"Shining Light","floor":4,"gold_loss":0,"cards_upgraded":["Strike_G","Defend_G"]},{"cards_removed":["Strike_G"],"damage_healed":0,"gold_gain":0,"player_choice":"Card Removal","damage_taken":0,"max_hp_gain":0,"max_hp_loss":0,"event_name":"The Cleric","floor":5,"gold_loss":50},{"damage_healed":0,"gold_gain":99,"player_choice":"Stole From Cult","damage_taken":0,"max_hp_gain":0,"max_hp_loss":0,"event_name":"Nest","floor":20,"gold_loss":0},{"damage_healed":0,"gold_gain":0,"player_choice":"Read","damage_taken":0,"max_hp_gain":0,"max_hp_loss":0,"event_name":"The Library","floor":21,"gold_loss":0,"cards_obtained":["Riddle With Holes"]},{"cards_removed":["Strike_G"],"damage_healed":0,"gold_gain":0,"player_choice":"Gave Gold","damage_taken":0,"max_hp_gain":0,"max_hp_loss":0,"event_name":"Beggar","floor":28,"gold_loss":75},{"damage_healed":0,"gold_gain":0,"player_choice":"Obtained Book","damage_taken":16,"max_hp_gain":0,"max_hp_loss":0,"event_name":"Cursed Tome","floor":29,"gold_loss":0}],"is_beta":false,"boss_relics":[{"not_picked":["Empty Cage","Orrery"],"picked":"Snecko Eye"}],"items_purged_floors":[13],"is_endless":false,"potions_floor_spawned":[1,2,6,16,18,23,25],"killed_by":"Centurion and Healer","ascension_level":4}