{"gold_per_floor":[118,131,56,13,13,13,46,46,70,128,147,147,157,185,185,262,262,277,295,306,2,13,13,29,29,78,98,44,44,44,377,377,377],"floor_reached":33,"playtime":1371,"items_purged":["Strike_R"],"score":570,"play_id":"78dcd5ff-6483-485a-afbe-7534a75c86cd","local_time":"20190629233159","is_ascension_mode":true,"campfire_choices":[{"data":"Bash","floor":6.0,"key":"SMITH"},{"data":"Battle Trance","floor":8.0,"key":"SMITH"},{"data":"True Grit","floor":15.0,"key":"SMITH"},{"data":"Double Tap","floor":23.0,"key":"SMITH"},{"floor":32.0,"key":"REST"}],"neow_cost":"NONE","seed_source_timestamp":372005352675829,"circlet_count":0,"master_deck":["AscendersBane","Strike_R","Strike_R","Strike_R","Defend_R","Defend_R","Defend_R","Defend_R","Bash+1","Bludgeon+1","Headbutt","Battle Trance+1","Pommel Strike","Anger","True Grit+1","Immolate","Double Tap+1","Sentinel+1","True Grit","Regret","Regret","Shockwave","Battle Trance"],"special_seed":0,"relics":["Burning Blood","Centennial Puzzle","Strawberry","Tiny Chest","Blue Candle","Regal Pillow","Cursed Key","TheAbacus","Art of War","Lantern","Old Coin"],"potions_floor_usage":[],"damage_taken":[{"damage":0.0,"enemies":"Cultist","floor":1.0,"turns":3.0},{"damage":10.0,"enemies":"Small Slimes","floor":2.0,"turns":3.0},{"damage":6.0,"enemies":"Gremlin Nob","floor":7.0,"turns":3.0},{"damage":20.0,"enemies":"Lagavulin","floor":10.0,"turns":3.0},{"damage":0.0,"enemies":"Jaw Worm","floor":11.0,"turns":2.0},{"damage":9.0,"enemies":"Red Slaver","floor":13.0,"turns":2.0},{"damage":13.0,"enemies":"3 Sentries","floor":14.0,"turns":6.0},{"damage":28.0,"enemies":"The Guardian","floor":16.0,"turns":11.0},{"damage":23.0,"enemies":"2 Thieves","floor":18.0,"turns":3.0},{"damage":0.0,"enemies":"Spheric Guardian","floor":19.0,"turns":2.0},{"damage":1.0,"enemies":"Cultist and Chosen","floor":20.0,"turns":3.0},{"damage":1.0,"enemies":"Chosen and Byrds","floor":22.0,"turns":5.0},{"damage":28.0,"enemies":"Sentry and Sphere","floor":24.0,"turns":6.0},{"damage":10.0,"enemies":"Snecko","floor":27.0,"turns":5.0},{"damage":9.0,"enemies":"Slavers","floor":31.0,"turns":4.0},{"damage":101,"enemies":"Champ","floor":33,"turns":12}],"seed_played":"-2620275981752763930","potions_obtained":[{"floor":2.0,"key":"AttackPotion"},{"floor":7.0,"key":"Swift Potion"},{"floor":16.0,"key":"Explosive Potion"},{"floor":20.0,"key":"Regen Potion"},{"floor":22.0,"key":"GamblersBrew"}],"is_trial":false,"path_per_floor":["M","M","?","$","?","R","E","R","T","E","M","T","M","E","R","B",null,"M","M","M","$","M","R","M","T","T","M","$","?","?","E","R","B"],"character_chosen":"IRONCLAD","items_purchased":["Battle Trance","TheAbacus","Energy Potion"],"campfire_rested":1,"item_purchase_floors":[4,21,28],"current_hp_per_floor":[74,70,70,70,70,70,70,70,77,63,69,69,66,59,59,37,71,54,60,65,65,82,82,60,60,60,56,56,56,56,53,82,0],"gold":377,"neow_bonus":"ONE_RANDOM_RARE_CARD","is_prod":false,"is_daily":false,"chose_seed":false,"campfire_upgraded":4,"win_rate":0,"timestamp":1561843919,"path_taken":["M","?","?","$","?","R","E","R","T","E","M","?","M","E","R","BOSS","M","M","M","$","M","R","M","?","T","M","?","?","?","E","R","BOSS"],"build_version":"2019-01-23","purchased_purges":1,"victory":false,"max_hp_per_floor":[75,75,75,75,75,75,75,75,82,82,82,82,82,82,82,82,82,82,82,82,82,82,82,82,82,82,82,82,82,82,82,82,82],"card_choices":[{"not_picked":["Thunderclap","Pummel","Combust"],"picked":"SKIP","floor":1.0},{"not_picked":["Ghostly Armor","Body Slam"],"picked":"Headbutt","floor":2.0},{"not_picked":["Sever Soul","Sword Boomerang"],"picked":"Pommel Strike","floor":7.0},{"not_picked":["Clothesline","Thunderclap"],"picked":"Anger","floor":10.0},{"not_picked":["Rage","Thunderclap"],"picked":"True Grit","floor":11.0},{"not_picked":["Carnage","Anger","Evolve"],"picked":"SKIP","floor":13.0},{"not_picked":["Feel No Pain","Thunderclap"],"picked":"Immolate","floor":14.0},{"not_picked":["Offering","Juggernaut"],"picked":"Double Tap","floor":16.0},{"not_picked":["Sword Boomerang","Anger"],"picked":"Sentinel+1","floor":18.0},{"not_picked":["Clash","Wild Strike","Feel No Pain"],"picked":"SKIP","floor":19.0},{"not_picked":["Rampage","Warcry"],"picked":"True Grit","floor":20.0},{"not_picked":["Infernal Blade","Warcry","Uppercut"],"picked":"SKIP","floor":22.0},{"not_picked":["Perfected Strike","Rampage","Rage"],"picked":"SKIP","floor":24.0},{"not_picked":["Havoc","Spot Weakness"],"picked":"Shockwave","floor":27.0},{"not_picked":["Bloodletting","Armaments"],"picked":"Battle Trance","floor":31.0}],"player_experience":680852,"relics_obtained":[{"floor":7.0,"key":"Centennial Puzzle"},{"floor":9.0,"key":"Strawberry"},{"floor":10.0,"key":"Tiny Chest"},{"floor":12.0,"key":"Blue Candle"},{"floor":14.0,"key":"Regal Pillow"},{"floor":25.0,"key":"Art of War"},{"floor":26.0,"key":"Lantern"},{"floor":31.0,"key":"Old Coin"}],"event_choices":[{"cards_removed":["Strike_R"],"damage_healed":0.0,"max_hp_gain":0.0,"max_hp_loss":0.0,"gold_gain":0.0,"event_name":"The Cleric","player_choice":"Card Removal","floor":3.0,"gold_loss":75.0,"damage_taken":0.0},{"damage_healed":0.0,"max_hp_gain":0.0,"max_hp_loss":0.0,"gold_gain":0.0,"event_name":"Living Wall","player_choice":"Grow","floor":5.0,"gold_loss":0.0,"damage_taken":0.0,"cards_upgraded":["Bludgeon"]},{"damage_healed":0.0,"max_hp_gain":0.0,"max_hp_loss":0.0,"gold_gain":0.0,"event_name":"Beggar","player_choice":"Ignored","floor":29.0,"gold_loss":0.0,"damage_taken":0.0},{"damage_healed":0.0,"max_hp_gain":0.0,"max_hp_loss":0.0,"gold_gain":0.0,"event_name":"Vampires","player_choice":"Ignored","floor":30.0,"gold_loss":0.0,"damage_taken":0.0}],"is_beta":false,"boss_relics":[{"not_picked":["Mark of Pain","Runic Pyramid"],"picked":"Cursed Key"}],"items_purged_floors":[21],"is_endless":false,"potions_floor_spawned":[2,7,10,11,16,20,22],"killed_by":"Champ","ascension_level":20}