{"gold_per_floor":[111,111,124,144,159,159,179,179,179,212,212,227,47,47,47,124,124,142,142,67,67,79,79,79],"floor_reached":24,"playtime":970,"items_purged":["Pain"],"score":372,"play_id":"b1b309f9-6a98-4a86-adc3-4231f2fe4e93","local_time":"20190523202854","is_ascension_mode":true,"campfire_choices":[{"data":"Spot Weakness","floor":6,"key":"SMITH"},{"data":"Infernal Blade","floor":8,"key":"SMITH"},{"floor":11,"key":"REST"},{"data":"Iron Wave","floor":15,"key":"SMITH"},{"data":"Havoc","floor":23,"key":"SMITH"}],"neow_cost":"NONE","seed_source_timestamp":527266796914985,"circlet_count":0,"master_deck":["AscendersBane","Strike_R","Strike_R","Strike_R","Strike_R","Strike_R","Defend_R","Defend_R","Defend_R","Bash","Cleave","Infernal Blade+1","Clothesline+1","Spot Weakness+1","Iron Wave+1","Shrug It Off","Feed","Havoc+1","Ghostly","Ghostly","Ghostly"],"relics":["Burning Blood","WarpedTongs","Shuriken","Ornamental Fan","Runic Pyramid"],"potions_floor_usage":[7,10,16],"damage_taken":[{"damage":4,"enemies":"2 Louse","floor":1,"turns":2},{"damage":4,"enemies":"Cultist","floor":3,"turns":3},{"damage":10,"enemies":"Jaw Worm","floor":4,"turns":4},{"damage":20,"enemies":"Blue Slaver","floor":5,"turns":5},{"damage":19,"enemies":"Exordium Wildlife","floor":7,"turns":4},{"damage":33,"enemies":"Lagavulin","floor":10,"turns":8},{"damage":3,"enemies":"3 Louse","floor":12,"turns":2},{"damage":15,"enemies":"The Guardian","floor":16,"turns":13},{"damage":39,"enemies":"3 Byrds","floor":18,"turns":6},{"damage":16,"enemies":"Shell Parasite","floor":22,"turns":8},{"damage":20,"enemies":"Book of Stabbing","floor":24,"turns":5}],"seed_played":"-6096218711099005924","potions_obtained":[{"floor":1,"key":"EssenceOfSteel"},{"floor":5,"key":"SpeedPotion"},{"floor":7,"key":"Dexterity Potion"},{"floor":22,"key":"Strength Potion"}],"is_trial":false,"path_per_floor":["M","?","M","M","M","R","M","R","T","E","R","M","$","?","R","B",null,"M","?","?","?","M","R","E"],"character_chosen":"IRONCLAD","items_purchased":["Shrug It Off","Dexterity Potion"],"campfire_rested":1,"item_purchase_floors":[13,13],"current_hp_per_floor":[70,70,72,68,54,54,41,41,41,14,36,39,39,39,39,30,64,34,34,34,25,15,15,0],"gold":79,"neow_bonus":"THREE_CARDS","is_prod":false,"is_daily":false,"chose_seed":false,"campfire_upgraded":4,"win_rate":0,"timestamp":1558636134,"path_taken":["M","?","M","?","M","R","M","R","T","E","R","?","$","?","R","BOSS","M","?","?","?","M","R","E"],"build_version":"2019-01-23","purchased_purges":1,"victory":false,"max_hp_per_floor":[75,75,75,75,75,75,75,75,75,75,75,75,75,75,75,75,75,78,39,39,44,44,44,44],"card_choices":[{"not_picked":["Uppercut","Warcry"],"picked":"Cleave","floor":0},{"not_picked":["Blood for Blood","Warcry"],"picked":"Infernal Blade","floor":1},{"not_picked":["Warcry","Havoc","Bloodletting"],"picked":"SKIP","floor":3},{"not_picked":["Sword Boomerang","Pommel Strike"],"picked":"Clothesline","floor":4},{"not_picked":["Reckless Charge","Dropkick"],"picked":"Spot Weakness","floor":5},{"not_picked":["Clash","Clothesline","Battle Trance"],"picked":"SKIP","floor":7},{"not_picked":["Hemokinesis","Sever Soul"],"picked":"Iron Wave","floor":10},{"not_picked":["Thunderclap","Flex","Clash"],"picked":"SKIP","floor":12},{"not_picked":["Bludgeon","Fiend Fire"],"picked":"Feed","floor":16},{"not_picked":["Cleave","Sentinel"],"picked":"Havoc","floor":18},{"not_picked":["Evolve","Whirlwind","Intimidate"],"picked":"SKIP","floor":22}],"player_experience":366604,"relics_obtained":[{"floor":9,"key":"Shuriken"},{"floor":10,"key":"Ornamental Fan"}],"event_choices":[{"damage_healed":0,"gold_gain":0,"player_choice":"Rummage","damage_taken":0,"relics_obtained":["WarpedTongs"],"max_hp_gain":0,"max_hp_loss":0,"event_name":"Accursed Blacksmith","floor":2,"gold_loss":0,"cards_obtained":["Pain"]},{"damage_healed":0,"gold_gain":0,"player_choice":"Grow","damage_taken":0,"max_hp_gain":0,"max_hp_loss":0,"event_name":"Living Wall","floor":14,"gold_loss":0,"cards_upgraded":["Clothesline"]},{"damage_healed":0,"gold_gain":0,"player_choice":"Became a Ghost","damage_taken":0,"max_hp_gain":0,"max_hp_loss":39,"event_name":"Ghosts","floor":19,"gold_loss":0,"cards_obtained":["Ghostly","Ghostly","Ghostly"]},{"cards_removed":["Defend_R"],"damage_healed":0,"gold_gain":0,"player_choice":"Gave Gold","damage_taken":0,"max_hp_gain":0,"max_hp_loss":0,"event_name":"Beggar","floor":20,"gold_loss":75},{"damage_healed":0,"gold_gain":0,"player_choice":"Shed Blood","damage_taken":14,"max_hp_gain":5,"max_hp_loss":0,"event_name":"Forgotten Altar","floor":21,"gold_loss":0}],"is_beta":false,"boss_relics":[{"not_picked":["Eternal Feather","Tiny House"],"picked":"Runic Pyramid"}],"items_purged_floors":[13],"is_endless":false,"potions_floor_spawned":[1,5,7,22],"killed_by":"Book of Stabbing","ascension_level":18}