{"gold_per_floor":[117,130,130,148,148,148,223,68,68,81,101,101,101,114,114,219,269,280,195,195,195,205,205],"floor_reached":23,"playtime":3957,"items_purged":["Strike_G"],"score":206,"play_id":"da1a0e45-1d22-484b-a348-af153f3f991a","local_time":"20190531223501","is_ascension_mode":false,"campfire_choices":[{"data":"Survivor","floor":6,"key":"SMITH"},{"data":"Deadly Poison","floor":13,"key":"SMITH"},{"floor":15,"key":"REST"}],"neow_cost":"NONE","seed_source_timestamp":2960465728640280,"circlet_count":0,"master_deck":["Defend_G","Defend_G","Defend_G","Defend_G","Strike_G","Strike_G","Strike_G","Strike_G","Survivor+1","Neutralize+1","Blade Dance","Deflect","Slice","Well Laid Plans+1","Dodge and Roll","Deadly Poison+1","Deadly Poison","Bullet Time","Blade Dance","PiercingWail+1","Necronomicurse","Phantasmal Killer"],"relics":["Ring of the Snake","NeowsBlessing","Frozen Egg 2","Pear","Letter Opener","Tiny House","The Courier","Necronomicon"],"potions_floor_usage":[16,16],"damage_taken":[{"damage":0,"enemies":"Cultist","floor":1,"turns":1},{"damage":0,"enemies":"2 Louse","floor":2,"turns":1},{"damage":0,"enemies":"Jaw Worm","floor":4,"turns":1},{"damage":0,"enemies":"Looter","floor":10,"turns":4},{"damage":4,"enemies":"2 Fungi Beasts","floor":11,"turns":4},{"damage":0,"enemies":"Exordium Wildlife","floor":14,"turns":4},{"damage":67,"enemies":"Slime Boss","floor":16,"turns":15},{"damage":31,"enemies":"2 Thieves","floor":18,"turns":5},{"damage":8,"enemies":"Shell Parasite","floor":22,"turns":7},{"damage":17,"enemies":"Gremlin Leader","floor":23,"turns":1}],"seed_played":"-1771771890776406852","potions_obtained":[{"floor":1,"key":"Poison Potion"},{"floor":2,"key":"GhostInAJar"},{"floor":17,"key":"Block Potion"}],"is_trial":false,"path_per_floor":["M","M","?","M","T","R","?","$","T","M","M","?","R","M","R","B",null,"M","?","?","?","M","E"],"character_chosen":"THE_SILENT","items_purchased":["Well Laid Plans+1"],"campfire_rested":1,"item_purchase_floors":[8],"current_hp_per_floor":[70,70,63,63,73,73,62,62,62,62,58,51,51,51,75,8,85,54,54,38,22,14,0],"gold":205,"neow_bonus":"THREE_ENEMY_KILL","is_prod":false,"is_daily":false,"chose_seed":false,"campfire_upgraded":2,"win_rate":0.0,"timestamp":1559356501,"path_taken":["M","?","?","M","?","R","?","$","T","M","M","?","R","M","R","BOSS","M","?","?","?","M","E"],"build_version":"2019-01-23","purchased_purges":1,"victory":false,"max_hp_per_floor":[70,70,70,70,80,80,80,80,80,80,80,80,80,80,80,80,85,85,85,90,90,90,90],"card_choices":[{"not_picked":["Tactician","Slice"],"picked":"Blade Dance","floor":1},{"not_picked":["Catalyst","Expertise"],"picked":"Deflect","floor":2},{"not_picked":["Sucker Punch","Prepared"],"picked":"Slice","floor":4},{"not_picked":["Outmaneuver","Dagger Spray"],"picked":"Dodge and Roll","floor":10},{"not_picked":["Prepared","Distraction"],"picked":"Deadly Poison","floor":11},{"not_picked":["Underhanded Strike","Backflip"],"picked":"Deadly Poison","floor":14},{"not_picked":["Adrenaline","Doppelganger"],"picked":"Bullet Time","floor":16},{"not_picked":["Dash","Dodge and Roll"],"picked":"Blade Dance","floor":17},{"not_picked":["Cloak And Dagger","Backflip"],"picked":"PiercingWail+1","floor":18},{"not_picked":["Flying Knee+1","Expertise"],"picked":"Phantasmal Killer","floor":22}],"player_experience":1090981,"relics_obtained":[{"floor":5,"key":"Pear"},{"floor":9,"key":"Letter Opener"},{"floor":21,"key":"Necronomicon"}],"event_choices":[{"damage_healed":0,"gold_gain":0,"player_choice":"Success","damage_taken":7,"relics_obtained":["Frozen Egg 2"],"max_hp_gain":0,"max_hp_loss":0,"event_name":"Scrap Ooze","floor":3,"gold_loss":0},{"damage_healed":0,"gold_gain":75,"player_choice":"Gather Gold","damage_taken":11,"max_hp_gain":0,"max_hp_loss":0,"event_name":"World of Goop","floor":7,"gold_loss":0},{"cards_removed":["Defend_G"],"damage_healed":0,"gold_gain":0,"player_choice":"Card Removal","damage_taken":7,"max_hp_gain":0,"max_hp_loss":0,"event_name":"Golden Wing","floor":12,"gold_loss":0},{"damage_healed":0,"gold_gain":0,"player_choice":"Obtained Relic","damage_taken":0,"relics_obtained":["The Courier"],"max_hp_gain":0,"max_hp_loss":0,"event_name":"Addict","floor":19,"gold_loss":85},{"damage_healed":0,"gold_gain":0,"player_choice":"Shed Blood","damage_taken":21,"max_hp_gain":5,"max_hp_loss":0,"event_name":"Forgotten Altar","floor":20,"gold_loss":0},{"damage_healed":0,"gold_gain":0,"player_choice":"Obtained Book","damage_taken":16,"max_hp_gain":0,"max_hp_loss":0,"event_name":"Cursed Tome","floor":21,"gold_loss":0}],"is_beta":false,"boss_relics":[{"not_picked":["Orrery","Velvet Choker"],"picked":"Tiny House"}],"items_purged_floors":[8],"is_endless":false,"potions_floor_spawned":[1,2],"killed_by":"Gremlin Leader","ascension_level":0}