{"gold_per_floor":[114,114,133,147,158,158,193,193,217,235,32,32,66,81,81,159,159,169,84,100,120,0,0,99,125,125,125,46,46,60,89,89,89],"floor_reached":33,"playtime":1186,"items_purged":[],"score":502,"play_id":"de6d9942-5153-4b62-9607-52e1b88fb5c6","local_time":"20190526131552","is_ascension_mode":true,"campfire_choices":[{"floor":6,"key":"REST"},{"data":"Dash","floor":12,"key":"SMITH"},{"floor":15,"key":"REST"},{"data":"Tools of the Trade","floor":23,"key":"SMITH"},{"data":"Envenom","floor":27,"key":"SMITH"},{"data":"Footwork","floor":29,"key":"SMITH"},{"floor":32,"key":"DIG"}],"neow_cost":"NONE","seed_source_timestamp":760286623461299,"circlet_count":0,"master_deck":["AscendersBane","Defend_G","Defend_G","Defend_G","Defend_G","Defend_G","Strike_G","Strike_G","Strike_G","Strike_G","Strike_G","Survivor","Neutralize+1","Quick Slash","Dagger Spray","Flying Knee","Deadly Poison","Dash+1","Dagger Spray","Escape Plan","Dodge and Roll+1","Tools of the Trade+1","Backflip","Envenom+1","Deflect","Corpse Explosion+1","Footwork+1","PiercingWail"],"relics":["Ring of the Snake","Regal Pillow","PreservedInsect","Blood Vial","Dream Catcher","Pen Nib","Tough Bandages","Coffee Dripper","Matryoshka","Omamori","Molten Egg 2","Calipers","Shovel","War Paint"],"potions_floor_usage":[13,16,16,25,31,31],"damage_taken":[{"damage":22,"enemies":"Jaw Worm","floor":1,"turns":8},{"damage":1,"enemies":"Small Slimes","floor":3,"turns":4},{"damage":0,"enemies":"Cultist","floor":4,"turns":3},{"damage":14,"enemies":"Exordium Wildlife","floor":5,"turns":3},{"damage":18,"enemies":"Gremlin Nob","floor":7,"turns":4},{"damage":4,"enemies":"Blue Slaver","floor":10,"turns":4},{"damage":5,"enemies":"3 Sentries","floor":13,"turns":4},{"damage":4,"enemies":"Gremlin Gang","floor":14,"turns":3},{"damage":60,"enemies":"Slime Boss","floor":16,"turns":12},{"damage":14,"enemies":"2 Thieves","floor":18,"turns":4},{"damage":0,"enemies":"3 Byrds","floor":20,"turns":4},{"damage":7,"enemies":"Snecko","floor":21,"turns":6},{"damage":14,"enemies":"Book of Stabbing","floor":25,"turns":6},{"damage":12,"enemies":"Cultist and Chosen","floor":30,"turns":4},{"damage":5,"enemies":"Slavers","floor":31,"turns":3},{"damage":13,"enemies":"Automaton","floor":33,"turns":6}],"seed_played":"6707056866028581698","potions_obtained":[{"floor":3,"key":"GhostInAJar"},{"floor":5,"key":"LiquidBronze"},{"floor":7,"key":"Explosive Potion"},{"floor":14,"key":"SkillPotion"},{"floor":20,"key":"Weak Potion"},{"floor":21,"key":"SpeedPotion"},{"floor":30,"key":"Ancient Potion"}],"is_trial":false,"path_per_floor":["M","?","M","M","M","R","E","?","T","M","$","R","E","M","R","B",null,"M","?","M","M","$","R","?","E","T","R","$","R","M","E","R","B"],"character_chosen":"THE_SILENT","items_purchased":["Dagger Spray","Pen Nib","Envenom","Deflect","Footwork"],"campfire_rested":2,"item_purchase_floors":[11,11,22,22,28],"current_hp_per_floor":[37,37,36,36,22,56,38,35,35,33,33,33,30,28,62,4,51,39,39,41,36,36,36,36,24,24,24,24,24,14,11,11,0],"gold":89,"neow_bonus":"RANDOM_COMMON_RELIC","is_prod":false,"is_daily":false,"chose_seed":false,"campfire_upgraded":4,"win_rate":0,"timestamp":1558869352,"path_taken":["M","?","M","M","M","R","E","?","T","M","$","R","E","M","R","BOSS","M","?","M","M","$","R","?","E","T","R","?","R","M","E","R","BOSS"],"build_version":"2019-01-23","purchased_purges":0,"victory":false,"max_hp_per_floor":[66,66,66,66,66,66,66,66,66,66,66,66,66,66,66,66,66,66,66,66,66,66,66,66,66,66,66,66,66,66,66,66,66],"card_choices":[{"not_picked":["Bane","Finisher"],"picked":"Quick Slash","floor":1},{"not_picked":["Choke","Deflect"],"picked":"Dagger Spray","floor":3},{"not_picked":["Deflect","Setup"],"picked":"Flying Knee","floor":4},{"not_picked":["Underhanded Strike","Calculated Gamble"],"picked":"Deadly Poison","floor":5},{"not_picked":["Flying Knee","Sucker Punch","Expertise"],"picked":"SKIP","floor":7},{"not_picked":["Flying Knee","Sucker Punch","Expertise"],"picked":"SKIP","floor":7},{"not_picked":["Cloak And Dagger","Accuracy"],"picked":"Dash","floor":10},{"not_picked":["Heel Hook","Blade Dance"],"picked":"Escape Plan","floor":13},{"not_picked":["Deadly Poison","Outmaneuver"],"picked":"Dodge and Roll","floor":14},{"not_picked":["Grand Finale","Die Die Die"],"picked":"Tools of the Trade","floor":16},{"not_picked":["Quick Slash","Dodge and Roll","Flying Knee"],"picked":"SKIP","floor":18},{"not_picked":["Crippling Poison","Eviscerate"],"picked":"Backflip","floor":20},{"not_picked":["Outmaneuver","Acrobatics","Expertise"],"picked":"SKIP","floor":21},{"not_picked":["Bane","Concentrate"],"picked":"Corpse Explosion","floor":25},{"not_picked":["Poisoned Stab+1","Quick Slash+1"],"picked":"PiercingWail","floor":30},{"not_picked":["Cloak And Dagger","Dodge and Roll","Flying Knee+1"],"picked":"SKIP","floor":31}],"player_experience":417517,"relics_obtained":[{"floor":7,"key":"PreservedInsect"},{"floor":9,"key":"Dream Catcher"},{"floor":13,"key":"Tough Bandages"},{"floor":25,"key":"Omamori"},{"floor":26,"key":"Molten Egg 2"},{"floor":26,"key":"Calipers"},{"floor":31,"key":"Shovel"},{"floor":32,"key":"War Paint"}],"event_choices":[{"damage_healed":0,"gold_gain":0,"player_choice":"Grow","damage_taken":0,"max_hp_gain":0,"max_hp_loss":0,"event_name":"Living Wall","floor":2,"gold_loss":0,"cards_upgraded":["Neutralize"]},{"damage_healed":0,"gold_gain":0,"player_choice":"Success","damage_taken":3,"relics_obtained":["Blood Vial"],"max_hp_gain":0,"max_hp_loss":0,"event_name":"Scrap Ooze","floor":8,"gold_loss":0},{"damage_healed":0,"gold_gain":0,"player_choice":"Obtained Relic","damage_taken":0,"relics_obtained":["Matryoshka"],"max_hp_gain":0,"max_hp_loss":0,"event_name":"Addict","floor":19,"gold_loss":85},{"damage_healed":0,"gold_gain":99,"player_choice":"Stole From Cult","damage_taken":0,"max_hp_gain":0,"max_hp_loss":0,"event_name":"Nest","floor":24,"gold_loss":0}],"is_beta":false,"boss_relics":[{"not_picked":["Busted Crown","Lizard Tail"],"picked":"Coffee Dripper"}],"items_purged_floors":[],"is_endless":false,"potions_floor_spawned":[3,5,7,10,14,20,21,30],"killed_by":"Automaton","ascension_level":14}