{"gold_per_floor":[117,392,24,41,41,73,73,132,208,208,227,246,246,246,246,318,318,333,333,333,345,363,394,408,435,435,466,466,194,194,222,222,297,297,317,317,364,63,163,197,217,237,237,255,255,287,300,327,327,327,327,327,327,15,47,47],"floor_reached":56,"playtime":2464,"items_purged":["Anger","Defend_R"],"score":2167,"play_id":"d7c92ede-9d45-4be1-a8cd-6261444109e8","local_time":"20190602152750","is_ascension_mode":true,"campfire_choices":[{"data":"Pommel Strike","floor":7.0,"key":"SMITH"},{"data":"Bash","floor":10,"key":"SMITH"},{"data":"Limit Break","floor":13,"key":"SMITH"},{"data":"Flame Barrier","floor":15,"key":"SMITH"},{"data":"Perfected Strike","floor":28,"key":"SMITH"},{"data":"Immolate","floor":30,"key":"SMITH"},{"data":"Perfected Strike","floor":32,"key":"SMITH"},{"floor":45,"key":"RECALL"},{"data":"Inflame","floor":49,"key":"SMITH"},{"data":"Fiend Fire","floor":53,"key":"SMITH"}],"neow_cost":"NONE","seed_source_timestamp":1371751865956389,"circlet_count":0,"master_deck":["AscendersBane","Strike_R","Strike_R","Strike_R","Strike_R","Strike_R","Defend_R","Defend_R","Defend_R","Bash+1","Flame Barrier+1","Pommel Strike+1","Impervious","Inflame+1","Limit Break+1","Immolate+1","Perfected Strike+1","Perfected Strike+1","Wild Strike","Reaper","Reaper","Perfected Strike","Perfected Strike+1","Flame Barrier+1","Fiend Fire+1"],"special_seed":0,"relics":["Burning Blood","NeowsBlessing","Kunai","Red Skull","Tiny Chest","Darkstone Periapt","Snecko Eye","Bottled Tornado","Bottled Flame","Gambling Chip","Singing Bowl","Meat on the Bone","Happy Flower","Philosopher\u0027s Stone","Dead Branch","DollysMirror","Charon\u0027s Ashes","Ancient Tea Set","Oddly Smooth Stone","Centennial Puzzle","Bag of Preparation","Pear"],"potions_floor_usage":[8,21,25,27,33,37,42,50,55,56],"damage_taken":[{"damage":0.0,"enemies":"Jaw Worm","floor":1.0,"turns":1.0},{"damage":0.0,"enemies":"Cultist","floor":4.0,"turns":1.0},{"damage":0.0,"enemies":"Lagavulin","floor":6.0,"turns":1.0},{"damage":20,"enemies":"3 Sentries","floor":8,"turns":9},{"damage":9,"enemies":"2 Louse","floor":11,"turns":3},{"damage":14,"enemies":"Blue Slaver","floor":12,"turns":4},{"damage":18,"enemies":"Hexaghost","floor":16,"turns":9},{"damage":7,"enemies":"Chosen","floor":18,"turns":5},{"damage":17,"enemies":"2 Thieves","floor":21,"turns":3},{"damage":0,"enemies":"Cultist and Chosen","floor":22,"turns":3},{"damage":8,"enemies":"Book of Stabbing","floor":23,"turns":3},{"damage":1,"enemies":"Shelled Parasite and Fungi","floor":24,"turns":3},{"damage":10,"enemies":"Gremlin Leader","floor":25,"turns":4},{"damage":0,"enemies":"Slavers","floor":27,"turns":3},{"damage":17,"enemies":"Gremlin Leader","floor":31,"turns":3},{"damage":2,"enemies":"Champ","floor":33,"turns":6},{"damage":0,"enemies":"Orb Walker","floor":35,"turns":1},{"damage":62,"enemies":"2 Orb Walkers","floor":37,"turns":4},{"damage":0,"enemies":"Mind Bloom Boss Battle","floor":39,"turns":3},{"damage":30,"enemies":"Nemesis","floor":40,"turns":3},{"damage":0,"enemies":"3 Shapes","floor":41,"turns":1},{"damage":42,"enemies":"3 Darklings","floor":42,"turns":5},{"damage":2,"enemies":"Transient","floor":44,"turns":6},{"damage":10,"enemies":"Reptomancer","floor":46,"turns":3},{"damage":0,"enemies":"4 Shapes","floor":47,"turns":1},{"damage":20,"enemies":"Giant Head","floor":48,"turns":4},{"damage":89,"enemies":"Awakened One","floor":50,"turns":6},{"damage":45,"enemies":"Donu and Deca","floor":51,"turns":5},{"damage":59,"enemies":"Shield and Spear","floor":55,"turns":4},{"damage":107,"enemies":"The Heart","floor":56,"turns":3}],"seed_played":"-9208158871086604612","potions_obtained":[{"floor":6.0,"key":"SteroidPotion"},{"floor":11,"key":"Fire Potion"},{"floor":16,"key":"Poison Potion"},{"floor":23,"key":"GamblersBrew"},{"floor":25,"key":"Block Potion"},{"floor":31,"key":"PowerPotion"},{"floor":35,"key":"BloodPotion"},{"floor":37,"key":"EssenceOfSteel"},{"floor":47,"key":"Weak Potion"}],"is_trial":false,"path_per_floor":["M","?","$","M","$","E","R","E","T","R","M","M","R","?","R","B",null,"M","?","?","M","M","E","M","E","T","E","R","$","R","E","R","B",null,"M","?","?","$","?","E","M","M","T","M","R","E","M","E","R","B","B",null,"R","$","E","B"],"character_chosen":"IRONCLAD","items_purchased":["Flame Barrier","Kunai","Meat on the Bone","DollysMirror","Bag of Preparation","Dexterity Potion"],"campfire_rested":0,"item_purchase_floors":[3,3,29,38,54,54],"current_hp_per_floor":[74,74,74,75,75,75,75,61,61,61,58,50,50,50,50,38,66,65,65,44,33,39,37,42,38,38,46,46,46,46,47,47,75,80,82,82,49,49,57,60,68,74,74,90,90,88,94,82,82,56,63,88,88,88,79,0],"gold":47,"neow_bonus":"THREE_ENEMY_KILL","is_prod":false,"is_daily":false,"chose_seed":false,"campfire_upgraded":9,"win_rate":0,"timestamp":1559482070,"path_taken":["M","?","$","?","?","E","R","E","T","R","M","M","R","?","R","BOSS","M","?","?","M","M","E","M","E","T","E","R","$","R","E","R","BOSS","M","?","?","$","?","E","?","M","T","M","R","E","M","E","R","BOSS","BOSS","R","$","E","BOSS"],"build_version":"2019-01-23","purchased_purges":2,"victory":false,"max_hp_per_floor":[75,75,75,75,75,75,75,75,75,75,75,75,75,75,75,75,75,75,75,80,80,80,80,80,80,80,82,82,82,82,82,82,82,82,82,82,82,82,84,86,88,88,88,90,90,92,94,96,96,96,96,96,96,96,108,108],"card_choices":[{"not_picked":["Thunderclap","Blood for Blood"],"picked":"Anger","floor":1.0},{"not_picked":["Wild Strike","Fire Breathing","Headbutt"],"picked":"SKIP","floor":4.0},{"not_picked":["Body Slam","Feel No Pain"],"picked":"Pommel Strike","floor":6.0},{"not_picked":["Hemokinesis","Searing Blow"],"picked":"Impervious","floor":8},{"not_picked":["Armaments","Warcry"],"picked":"Inflame","floor":11},{"not_picked":["True Grit","Havoc"],"picked":"Limit Break","floor":12},{"not_picked":["Dark Embrace","Demon Form"],"picked":"Immolate","floor":16},{"not_picked":["Shrug It Off","Clothesline"],"picked":"Perfected Strike","floor":18},{"not_picked":["Entrench","Seeing Red"],"picked":"Perfected Strike","floor":21},{"not_picked":["Armaments","Flex","Metallicize"],"picked":"SKIP","floor":22},{"not_picked":["Disarm","Sword Boomerang"],"picked":"Wild Strike","floor":23},{"not_picked":["Anger+1","Body Slam","Iron Wave"],"picked":"SKIP","floor":24},{"not_picked":["Flex","Dual Wield","Clash+1"],"picked":"SKIP","floor":25},{"not_picked":["Headbutt","Reckless Charge","Thunderclap"],"picked":"Singing Bowl","floor":27},{"not_picked":["Metallicize","Flex"],"picked":"Reaper","floor":31},{"not_picked":["Dark Embrace","Double Tap"],"picked":"Reaper","floor":33},{"not_picked":["Body Slam","Thunderclap"],"picked":"Perfected Strike","floor":35},{"not_picked":["Power Through","Ghostly Armor"],"picked":"Perfected Strike+1","floor":37},{"not_picked":["Entrench","True Grit","Wild Strike"],"picked":"Singing Bowl","floor":39},{"not_picked":["Hemokinesis","Headbutt","Entrench"],"picked":"Singing Bowl","floor":40},{"not_picked":["Reckless Charge+1","Clash","Perfected Strike"],"picked":"Singing Bowl","floor":41},{"not_picked":["Sever Soul","Cleave"],"picked":"Fiend Fire","floor":42},{"not_picked":["Cleave","Flex","Rage"],"picked":"Singing Bowl","floor":44},{"not_picked":["Cleave","Flame Barrier","Warcry"],"picked":"Singing Bowl","floor":46},{"not_picked":["Headbutt","Battle Trance","Fire Breathing+1"],"picked":"Singing Bowl","floor":47},{"not_picked":["Inflame","Whirlwind","Iron Wave"],"picked":"Singing Bowl","floor":48},{"not_picked":["Twin Strike+1","Havoc","Inflame"],"picked":"Singing Bowl","floor":55}],"player_experience":497699,"relics_obtained":[{"floor":6.0,"key":"Red Skull"},{"floor":8,"key":"Tiny Chest"},{"floor":9,"key":"Darkstone Periapt"},{"floor":23,"key":"Bottled Tornado"},{"floor":25,"key":"Bottled Flame"},{"floor":26,"key":"Gambling Chip"},{"floor":27,"key":"Singing Bowl"},{"floor":31,"key":"Happy Flower"},{"floor":37,"key":"Dead Branch"},{"floor":39,"key":"Charon\u0027s Ashes"},{"floor":40,"key":"Ancient Tea Set"},{"floor":46,"key":"Oddly Smooth Stone"},{"floor":48,"key":"Centennial Puzzle"},{"floor":55,"key":"Pear"}],"event_choices":[{"damage_healed":0.0,"max_hp_gain":0.0,"max_hp_loss":0.0,"gold_gain":275.0,"event_name":"Golden Shrine","player_choice":"Desecrate","floor":2.0,"gold_loss":0.0,"damage_taken":0.0,"cards_obtained":["Regret"]},{"cards_removed":["Regret"],"damage_healed":0,"gold_gain":0,"player_choice":"Forget","damage_taken":0,"max_hp_gain":0,"max_hp_loss":0,"event_name":"Living Wall","floor":14,"gold_loss":0},{"damage_healed":0,"gold_gain":0,"player_choice":"Ignored","damage_taken":0,"max_hp_gain":0,"max_hp_loss":0,"event_name":"Ghosts","floor":19,"gold_loss":0},{"damage_healed":0,"gold_gain":0,"player_choice":"Shed Blood","damage_taken":26,"max_hp_gain":5,"max_hp_loss":0,"event_name":"Forgotten Altar","floor":20,"gold_loss":0},{"damage_healed":0,"gold_gain":0,"player_choice":"Ignored","damage_taken":0,"max_hp_gain":0,"max_hp_loss":0,"event_name":"Tomb of Lord Red Mask","floor":36,"gold_loss":0},{"damage_healed":0,"gold_gain":0,"player_choice":"Fight","damage_taken":0,"max_hp_gain":0,"max_hp_loss":0,"event_name":"Mysterious Sphere","floor":37,"gold_loss":0},{"damage_healed":0,"gold_gain":0,"player_choice":"Fight","damage_taken":0,"max_hp_gain":0,"max_hp_loss":0,"event_name":"MindBloom","floor":39,"gold_loss":0}],"is_beta":false,"boss_relics":[{"not_picked":["Pandora\u0027s Box","Lizard Tail"],"picked":"Snecko Eye"},{"not_picked":["Black Star","Velvet Choker"],"picked":"Philosopher\u0027s Stone"}],"items_purged_floors":[38,54],"is_endless":false,"potions_floor_spawned":[6,11,16,18,23,24,25,31,35,37,47],"killed_by":"The Heart","ascension_level":20}