{"gold_per_floor":[117,117,67,67,67,67,97,97,120,155,172,204,215,229,229,333,333,352,195,207,231,231,265,279,314,314,343,62,62,62,76,76,177,177,192,209,221,235,247,273,273,103,103,135,147,173,185,224,236,248,260,272,15,46,46],"floor_reached":55,"playtime":2752,"items_purged":["Strike_B","Blizzard","Hello World"],"score":1080,"play_id":"69739e2e-048c-4363-abd8-49b06219ca6b","local_time":"20190312201604","is_ascension_mode":true,"campfire_choices":[{"data":"Zap","floor":6.0,"key":"SMITH"},{"data":"Streamline","floor":8.0,"key":"SMITH"},{"data":"White Noise","floor":15.0,"key":"SMITH"},{"data":"Defragment","floor":30.0,"key":"SMITH"},{"floor":32.0,"key":"REST"},{"floor":41,"key":"REST"},{"floor":47,"key":"RECALL"},{"floor":49,"key":"REST"},{"data":"White Noise","floor":52,"key":"SMITH"}],"neow_cost":"NONE","seed_source_timestamp":11932807995497,"circlet_count":0,"master_deck":["Zap+1","Dualcast","Cold Snap","Streamline+1","White Noise+1","Sweeping Beam","Barrage","Barrage","Conserve Battery","Electrodynamics","Go for the Eyes","Capacitor","Tempest","Conserve Battery","FTL","Ball Lightning","Defragment+1","Discovery","Steam","Loop","White Noise+1","Redo","Core Surge","Tempest+1","Lockon"],"special_seed":0,"relics":["Cracked Core","NeowsBlessing","DataDisk","Singing Bowl","Juzu Bracelet","Gambling Chip","Busted Crown","Bag of Marbles","Enchiridion","War Paint","Art of War","Meat on the Bone","Lantern","Runic Capacitor","Pandora\u0027s Box","Strawberry","Orichalcum","MawBank","Bottled Lightning","Emotion Chip","Bronze Scales","Du-Vu Doll"],"potions_floor_usage":[38,44,50,50],"damage_taken":[{"damage":0.0,"enemies":"Small Slimes","floor":1.0,"turns":1.0},{"damage":0.0,"enemies":"Gremlin Nob","floor":7.0,"turns":1.0},{"damage":0.0,"enemies":"3 Sentries","floor":10.0,"turns":1.0},{"damage":2.0,"enemies":"Jaw Worm","floor":11.0,"turns":3.0},{"damage":18.0,"enemies":"Gremlin Nob","floor":12.0,"turns":5.0},{"damage":0.0,"enemies":"2 Louse","floor":13.0,"turns":2.0},{"damage":12.0,"enemies":"Lots of Slimes","floor":14.0,"turns":2.0},{"damage":10.0,"enemies":"The Guardian","floor":16.0,"turns":9.0},{"damage":20.0,"enemies":"Shell Parasite","floor":18.0,"turns":4.0},{"damage":6.0,"enemies":"3 Byrds","floor":20.0,"turns":2.0},{"damage":3.0,"enemies":"Book of Stabbing","floor":23.0,"turns":4.0},{"damage":0.0,"enemies":"Centurion and Healer","floor":24.0,"turns":2.0},{"damage":14.0,"enemies":"Gremlin Leader","floor":25.0,"turns":5.0},{"damage":0.0,"enemies":"Slavers","floor":27.0,"turns":2.0},{"damage":3.0,"enemies":"Snecko","floor":31.0,"turns":3.0},{"damage":24.0,"enemies":"Collector","floor":33.0,"turns":4.0},{"damage":8.0,"enemies":"3 Darklings","floor":35.0,"turns":2.0},{"damage":5.0,"enemies":"Orb Walker","floor":36.0,"turns":2.0},{"damage":0.0,"enemies":"Transient","floor":37.0,"turns":5.0},{"damage":28,"enemies":"Writhing Mass","floor":38,"turns":4},{"damage":17,"enemies":"4 Shapes","floor":39,"turns":2},{"damage":35,"enemies":"Nemesis","floor":40,"turns":5},{"damage":19,"enemies":"Reptomancer","floor":44,"turns":3},{"damage":0,"enemies":"Transient","floor":46,"turns":5},{"damage":14,"enemies":"Nemesis","floor":48,"turns":5},{"damage":46,"enemies":"Donu and Deca","floor":50,"turns":4},{"damage":39,"enemies":"Shield and Spear","floor":54,"turns":3},{"damage":68,"enemies":"The Heart","floor":55,"turns":2}],"seed_played":"9029166704943272714","potions_obtained":[{"floor":1.0,"key":"Block Potion"},{"floor":7.0,"key":"Dexterity Potion"},{"floor":13.0,"key":"SteroidPotion"},{"floor":14.0,"key":"Energy Potion"},{"floor":20.0,"key":"SkillPotion"},{"floor":25.0,"key":"Weak Potion"},{"floor":27.0,"key":"FearPotion"},{"floor":36.0,"key":"LiquidBronze"},{"floor":44,"key":"SteroidPotion"},{"floor":48,"key":"FocusPotion"},{"floor":54,"key":"SpeedPotion"}],"is_trial":false,"path_per_floor":["M","?","?","?","$","R","E","R","T","E","M","E","M","M","R","B",null,"M","$","M","T","?","E","M","E","T","E","$","?","R","M","R","B",null,"M","M","M","M","M","E","R","$","T","E","T","M","R","E","R","B",null,"R","$","E","B"],"character_chosen":"DEFECT","items_purchased":["Capacitor","Runic Capacitor","Defragment","Lockon","Bronze Scales"],"campfire_rested":3,"item_purchase_floors":[19,28,28,42,53],"current_hp_per_floor":[75,75,75,75,75,75,75,75,75,75,73,55,55,43,43,33,75,55,55,49,49,33,30,32,18,18,30,30,30,30,41,64,42,81,75,70,72,46,43,29,58,58,58,53,53,55,55,55,86,52,104,104,104,67,0],"gold":46,"neow_bonus":"THREE_ENEMY_KILL","is_prod":false,"is_daily":false,"chose_seed":false,"campfire_upgraded":5,"win_rate":0,"timestamp":1552418164,"path_taken":["M","?","?","?","?","R","E","R","T","E","M","E","M","M","R","BOSS","M","?","M","?","?","E","M","E","T","E","?","?","R","M","R","BOSS","M","M","M","M","M","E","R","$","T","E","?","M","R","E","R","BOSS","R","$","E","BOSS"],"build_version":"2019-01-23","purchased_purges":3,"victory":false,"max_hp_per_floor":[75,75,75,75,75,75,75,75,75,75,75,75,75,75,75,75,75,75,75,75,75,75,75,77,77,77,77,77,77,77,79,79,81,81,83,83,85,87,89,98,98,98,98,100,100,102,102,104,104,104,104,104,104,106,106],"card_choices":[{"not_picked":["Glacier","Beam Cell"],"picked":"Cold Snap","floor":1.0},{"not_picked":["Rip and Tear","Beam Cell"],"picked":"Streamline","floor":7.0},{"not_picked":["Streamline","Redo"],"picked":"White Noise","floor":10.0},{"not_picked":["Compile Driver","Biased Cognition"],"picked":"Sweeping Beam","floor":11.0},{"not_picked":["Rebound","Leap"],"picked":"Barrage","floor":12.0},{"not_picked":["Streamline","Sweeping Beam"],"picked":"Barrage","floor":13.0},{"not_picked":["Hologram","Streamline"],"picked":"Conserve Battery","floor":14.0},{"not_picked":["All For One","Biased Cognition"],"picked":"Electrodynamics","floor":16.0},{"not_picked":[],"picked":"Go for the Eyes","floor":18.0},{"not_picked":[],"picked":"Tempest","floor":20.0},{"not_picked":[],"picked":"Conserve Battery","floor":23.0},{"not_picked":["Beam Cell"],"picked":"Singing Bowl","floor":24.0},{"not_picked":[],"picked":"FTL","floor":25.0},{"not_picked":[],"picked":"Ball Lightning","floor":27.0},{"not_picked":["Redo"],"picked":"Singing Bowl","floor":31.0},{"not_picked":["All For One"],"picked":"Singing Bowl","floor":33.0},{"not_picked":["Rebound+1"],"picked":"Singing Bowl","floor":35.0},{"not_picked":[],"picked":"Tempest+1","floor":36.0},{"not_picked":["Sweeping Beam"],"picked":"Singing Bowl","floor":37.0},{"not_picked":["Capacitor"],"picked":"Singing Bowl","floor":38},{"not_picked":["Leap+1"],"picked":"Singing Bowl","floor":39},{"not_picked":["Go for the Eyes+1"],"picked":"Singing Bowl","floor":40},{"not_picked":["Go for the Eyes"],"picked":"Singing Bowl","floor":44},{"not_picked":["Hello World"],"picked":"Singing Bowl","floor":46},{"not_picked":["Gash+1"],"picked":"Singing Bowl","floor":48},{"not_picked":["Stack"],"picked":"Singing Bowl","floor":54}],"player_experience":74281,"relics_obtained":[{"floor":7.0,"key":"Singing Bowl"},{"floor":10.0,"key":"Juzu Bracelet"},{"floor":12.0,"key":"Gambling Chip"},{"floor":21.0,"key":"Bag of Marbles"},{"floor":22.0,"key":"Enchiridion"},{"floor":23.0,"key":"War Paint"},{"floor":25.0,"key":"Art of War"},{"floor":26.0,"key":"Meat on the Bone"},{"floor":27.0,"key":"Lantern"},{"floor":40,"key":"Strawberry"},{"floor":43,"key":"Orichalcum"},{"floor":44,"key":"MawBank"},{"floor":45,"key":"Bottled Lightning"},{"floor":48,"key":"Emotion Chip"},{"floor":54,"key":"Du-Vu Doll"}],"event_choices":[{"damage_healed":0.0,"max_hp_gain":0.0,"max_hp_loss":0.0,"gold_gain":0.0,"event_name":"Big Fish","player_choice":"Box","floor":2.0,"gold_loss":0.0,"damage_taken":0.0,"relics_obtained":["DataDisk"],"cards_obtained":["Regret"]},{"cards_removed":["Regret"],"damage_healed":0.0,"max_hp_gain":0.0,"max_hp_loss":0.0,"gold_gain":0.0,"event_name":"The Cleric","player_choice":"Card Removal","floor":3.0,"gold_loss":50.0,"damage_taken":0.0},{"damage_healed":0.0,"max_hp_gain":0.0,"max_hp_loss":0.0,"gold_gain":0.0,"event_name":"Liars Game","player_choice":"Ignored","floor":4.0,"gold_loss":0.0,"damage_taken":0.0},{"damage_healed":0.0,"max_hp_gain":0.0,"max_hp_loss":0.0,"gold_gain":0.0,"event_name":"Cursed Tome","player_choice":"Obtained Book","floor":22.0,"gold_loss":0.0,"damage_taken":16.0},{"damage_healed":0.0,"max_hp_gain":0.0,"max_hp_loss":0.0,"gold_gain":0.0,"event_name":"Match and Keep!","player_choice":"1 cards matched","floor":29.0,"gold_loss":0.0,"damage_taken":0.0,"cards_obtained":["Discovery"]}],"is_beta":false,"boss_relics":[{"not_picked":["Runic Pyramid","Black Star"],"picked":"Busted Crown"},{"not_picked":["Coffee Dripper","Sozu"],"picked":"Pandora\u0027s Box"}],"items_purged_floors":[19,42,53],"is_endless":false,"potions_floor_spawned":[1,7,13,14,20,25,27,36,44,48,54],"killed_by":"The Heart","ascension_level":4}