{"gold_per_floor":[112,127,127,140,29,54,54,87,87,87,101,26,26,45,45,122,122,134,153,153,153,166,166,186,186,186,206,217,236,33,83],"floor_reached":31,"playtime":1214,"items_purged":["Underhanded Strike","Outmaneuver"],"score":498,"play_id":"79d4f306-4741-425a-bacc-f3c45f7ca572","local_time":"20190619223153","is_ascension_mode":true,"campfire_choices":[{"data":"Crippling Poison","floor":7.0,"key":"SMITH"},{"data":"Dagger Spray","floor":10.0,"key":"SMITH"},{"data":"Blade Dance","floor":15.0,"key":"SMITH"},{"data":"Venomology","floor":23.0,"key":"SMITH"},{"floor":25.0,"key":"REST"}],"neow_cost":"NONE","seed_source_timestamp":455485529864826,"circlet_count":0,"master_deck":["AscendersBane","Defend_G","Defend_G","Defend_G","Defend_G","Strike_G","Strike_G","Strike_G","Survivor","Neutralize","Crippling Poison+1","Endless Agony","Dagger Spray","Terror","Dagger Spray+1","Blade Dance+1","Blade Dance","PiercingWail","PiercingWail+1","Infinite Blades","Venomology+1","Cloak And Dagger","Endless Agony+1","Cloak And Dagger+1","Backstab+1","Deflect","Dark Shackles"],"special_seed":0,"relics":["Ring of the Serpent","NeowsBlessing","Bronze Scales","Prayer Wheel","Shuriken","SsserpentHead","Ninja Scroll"],"potions_floor_usage":[29,29,29],"damage_taken":[{"damage":0.0,"enemies":"Cultist","floor":1.0,"turns":1.0},{"damage":0.0,"enemies":"2 Louse","floor":2.0,"turns":1.0},{"damage":0.0,"enemies":"Small Slimes","floor":4.0,"turns":1.0},{"damage":13.0,"enemies":"3 Sentries","floor":6.0,"turns":8.0},{"damage":17.0,"enemies":"Gremlin Nob","floor":8.0,"turns":4.0},{"damage":2.0,"enemies":"Exordium Thugs","floor":11.0,"turns":3.0},{"damage":0.0,"enemies":"3 Louse","floor":14.0,"turns":1.0},{"damage":25.0,"enemies":"Slime Boss","floor":16.0,"turns":7.0},{"damage":0.0,"enemies":"3 Byrds","floor":18.0,"turns":2.0},{"damage":0.0,"enemies":"Chosen","floor":19.0,"turns":3.0},{"damage":11.0,"enemies":"Snake Plant","floor":22.0,"turns":4.0},{"damage":15.0,"enemies":"Centurion and Healer","floor":24.0,"turns":5.0},{"damage":31.0,"enemies":"Shelled Parasite and Fungi","floor":27.0,"turns":5.0},{"damage":7.0,"enemies":"Snecko","floor":28.0,"turns":4.0},{"damage":1,"enemies":"Snake Plant","floor":29,"turns":3},{"damage":9,"enemies":"Centurion and Healer","floor":31,"turns":1}],"seed_played":"-2832373146468338451","potions_obtained":[{"floor":1.0,"key":"Dexterity Potion"},{"floor":3.0,"key":"GamblersBrew"},{"floor":6.0,"key":"Block Potion"},{"floor":8.0,"key":"Block Potion"},{"floor":16.0,"key":"EssenceOfSteel"},{"floor":19.0,"key":"Block Potion"},{"floor":27.0,"key":"SteroidPotion"},{"floor":28.0,"key":"LiquidBronze"}],"is_trial":false,"path_per_floor":["M","M","?","M","$","E","R","E","T","R","M","$","?","M","R","B",null,"M","M","?","?","M","R","M","R","T","M","M","M","$","M"],"character_chosen":"THE_SILENT","items_purchased":["Dagger Spray","PowerPotion","Dark Shackles"],"campfire_rested":1,"item_purchase_floors":[5,5,30],"current_hp_per_floor":[59,59,59,59,59,46,46,29,29,29,27,27,27,27,27,2,50,50,50,50,50,39,39,24,43,43,12,5,4,4,0],"gold":83,"neow_bonus":"THREE_ENEMY_KILL","is_prod":false,"is_daily":false,"chose_seed":false,"campfire_upgraded":4,"win_rate":0,"timestamp":1560976313,"path_taken":["M","?","?","M","$","E","R","E","T","R","?","?","?","M","R","BOSS","M","M","?","?","M","R","M","R","T","M","M","M","$","?"],"build_version":"2019-01-23","purchased_purges":2,"victory":false,"max_hp_per_floor":[66,66,66,66,66,66,66,66,66,66,66,66,66,66,66,66,66,66,66,66,66,66,66,66,66,66,66,66,66,66,66],"card_choices":[{"not_picked":["Choke","Flying Knee"],"picked":"Crippling Poison","floor":1.0},{"not_picked":["Dodge and Roll","Eviscerate"],"picked":"Endless Agony","floor":2.0},{"not_picked":["Slice","Accuracy"],"picked":"Underhanded Strike","floor":4.0},{"not_picked":["Sucker Punch","Expertise"],"picked":"Terror","floor":6.0},{"not_picked":["Accuracy","Deadly Poison"],"picked":"Dagger Spray","floor":8.0},{"not_picked":["Backflip","Quick Slash"],"picked":"Blade Dance","floor":11.0},{"not_picked":["Prepared","Dagger Spray"],"picked":"Blade Dance","floor":11.0},{"not_picked":["Deadly Poison","Dagger Spray"],"picked":"PiercingWail","floor":14.0},{"not_picked":["Doppelganger","Flying Knee","Deadly Poison"],"picked":"SKIP","floor":14.0},{"not_picked":["Prepared","Bouncing Flask","Dagger Spray"],"picked":"SKIP","floor":18.0},{"not_picked":["Deadly Poison","Outmaneuver","Tactician"],"picked":"SKIP","floor":18.0},{"not_picked":["Expertise","All Out Attack"],"picked":"PiercingWail+1","floor":19.0},{"not_picked":["Eviscerate+1","Dagger Throw+1"],"picked":"Infinite Blades","floor":19.0},{"not_picked":["Outmaneuver","Quick Slash"],"picked":"Cloak And Dagger","floor":22.0},{"not_picked":["Dagger Spray","Noxious Fumes","Outmaneuver"],"picked":"SKIP","floor":22.0},{"not_picked":["Flying Knee","Blur","Leg Sweep"],"picked":"SKIP","floor":24.0},{"not_picked":["Poisoned Stab","Accuracy+1","Setup"],"picked":"SKIP","floor":24.0},{"not_picked":["Well Laid Plans+1","Slice+1"],"picked":"Endless Agony+1","floor":27.0},{"not_picked":["Acrobatics+1","Deadly Poison","Prepared"],"picked":"SKIP","floor":27.0},{"not_picked":["Dash","Backflip"],"picked":"Cloak And Dagger+1","floor":28.0},{"not_picked":["Outmaneuver","Bane","Tactician"],"picked":"SKIP","floor":28.0},{"not_picked":["Sucker Punch","Accuracy+1"],"picked":"Backstab+1","floor":29},{"not_picked":["Choke","Deadly Poison","Deflect"],"picked":"SKIP","floor":29},{"not_picked":["Choke","Deadly Poison"],"picked":"Deflect","floor":29}],"player_experience":605352,"relics_obtained":[{"floor":6.0,"key":"Bronze Scales"},{"floor":8.0,"key":"Prayer Wheel"},{"floor":9.0,"key":"Shuriken"},{"floor":26.0,"key":"Ninja Scroll"}],"event_choices":[{"damage_healed":0.0,"max_hp_gain":0.0,"max_hp_loss":0.0,"gold_gain":0.0,"event_name":"Lab","player_choice":"Got Potions","floor":3.0,"gold_loss":0.0,"damage_taken":0.0},{"cards_removed":["Strike_G"],"damage_healed":0.0,"max_hp_gain":0.0,"max_hp_loss":0.0,"gold_gain":0.0,"event_name":"Purifier","player_choice":"Purged","floor":13.0,"gold_loss":0.0,"damage_taken":0.0},{"damage_healed":0.0,"max_hp_gain":0.0,"max_hp_loss":0.0,"gold_gain":0.0,"cards_transformed":["Defend_G","Strike_G"],"event_name":"Drug Dealer","player_choice":"Became Test Subject","floor":20.0,"gold_loss":0.0,"damage_taken":0.0,"cards_obtained":["Venomology","Outmaneuver"]},{"damage_healed":0.0,"max_hp_gain":0.0,"max_hp_loss":0.0,"gold_gain":0.0,"event_name":"FaceTrader","player_choice":"Trade","floor":21.0,"gold_loss":0.0,"damage_taken":0.0,"relics_obtained":["SsserpentHead"]}],"is_beta":false,"boss_relics":[{"not_picked":["Velvet Choker","Orrery"],"picked":"Ring of the Serpent"}],"items_purged_floors":[12,30],"is_endless":false,"potions_floor_spawned":[1,6,8,16,19,27,28],"killed_by":"Centurion and Healer","ascension_level":20}