{"gold_per_floor":[118,193,71,89,103,103,138,138,138,138,150,175,175,175,175,270,270,290,308,208,208,236,261,261,261,307,46,61,89,105,134,134,230,230,250,263,263,485,496,496,521,106,186,201,201,233,251,251,251,251],"floor_reached":51,"playtime":7457,"items_purged":["Strike_G","Strike_G","Defend_G","Defend_G"],"score":983,"play_id":"5a0838b6-d085-4152-8ed3-dbb2372cc14d","local_time":"20190626044820","is_ascension_mode":true,"campfire_choices":[{"data":"Neutralize","floor":6,"key":"SMITH"},{"data":"Dash","floor":8,"key":"SMITH"},{"data":"Backflip","floor":10,"key":"SMITH"},{"data":"Noxious Fumes","floor":13,"key":"SMITH"},{"floor":15,"key":"REST"},{"data":"Corpse Explosion","floor":24,"key":"SMITH"},{"data":"Burst","floor":32,"key":"SMITH"},{"data":"Madness","floor":40,"key":"SMITH"},{"data":"Catalyst","floor":45,"key":"SMITH"},{"data":"Noxious Fumes","floor":49,"key":"SMITH"}],"neow_cost":"NONE","seed_source_timestamp":54362917171300,"circlet_count":0,"master_deck":["Defend_G","Defend_G","Survivor","Neutralize+1","Backflip+1","Dash+1","Noxious Fumes+1","Endless Agony+1","Corpse Explosion+1","Infinite Blades","Bullet Time","Deflect","Acrobatics","Burst+1","After Image","Backflip+1","Madness+1","Madness","Blur+1","Catalyst+1","Noxious Fumes+1"],"relics":["Busted Crown","Shuriken","Bottled Lightning","Ornamental Fan","Runic Pyramid","Red Mask","Potion Belt","PreservedInsect","Juzu Bracelet","Unceasing Top","Sozu","Whetstone","Membership Card","Oddly Smooth Stone","Gremlin Horn","Meat on the Bone"],"potions_floor_usage":[11,12,16,23],"damage_taken":[{"damage":2,"enemies":"2 Louse","floor":1,"turns":3},{"damage":0,"enemies":"Jaw Worm","floor":4,"turns":6},{"damage":0,"enemies":"Cultist","floor":5,"turns":4},{"damage":12,"enemies":"3 Sentries","floor":7,"turns":16},{"damage":1,"enemies":"Exordium Thugs","floor":11,"turns":6},{"damage":10,"enemies":"Lagavulin","floor":12,"turns":9},{"damage":3,"enemies":"Slime Boss","floor":16,"turns":12},{"damage":0,"enemies":"Spheric Guardian","floor":18,"turns":4},{"damage":9,"enemies":"2 Thieves","floor":19,"turns":3},{"damage":21,"enemies":"Masked Bandits","floor":22,"turns":4},{"damage":0,"enemies":"Gremlin Leader","floor":23,"turns":9},{"damage":0,"enemies":"Snake Plant","floor":28,"turns":4},{"damage":0,"enemies":"Book of Stabbing","floor":29,"turns":5},{"damage":0,"enemies":"Centurion and Healer","floor":30,"turns":3},{"damage":0,"enemies":"Gremlin Leader","floor":31,"turns":4},{"damage":9,"enemies":"Champ","floor":33,"turns":8},{"damage":0,"enemies":"Orb Walker","floor":35,"turns":4},{"damage":0,"enemies":"3 Darklings","floor":36,"turns":4},{"damage":0,"enemies":"Spire Growth","floor":39,"turns":5},{"damage":0,"enemies":"Reptomancer","floor":41,"turns":5},{"damage":0,"enemies":"Maw","floor":44,"turns":6},{"damage":0,"enemies":"Nemesis","floor":46,"turns":5},{"damage":0,"enemies":"Writhing Mass","floor":47,"turns":2},{"damage":6,"enemies":"Time Eater","floor":50,"turns":3}],"seed_played":"9012957480769133894","potions_obtained":[{"floor":4,"key":"Energy Potion"},{"floor":7,"key":"SneckoOil"},{"floor":11,"key":"Energy Potion"},{"floor":18,"key":"Poison Potion"},{"floor":19,"key":"Energy Potion"},{"floor":23,"key":"Fire Potion"},{"floor":31,"key":"EssenceOfSteel"}],"is_trial":false,"path_per_floor":["M","?","$","M","M","R","E","R","T","R","M","E","R","?","R","B",null,"M","M","$","?","?","E","R","?","T","$","M","E","M","E","R","B",null,"M","M","?","?","M","R","E","$","T","M","R","E","M","?","R","B",null],"character_chosen":"THE_SILENT","items_purchased":["Backflip","Burst","Membership Card","Catalyst","Noxious Fumes","Oddly Smooth Stone"],"campfire_rested":1,"item_purchase_floors":[3,27,42,42,42,42],"current_hp_per_floor":[68,57,57,57,57,57,45,45,45,45,44,34,34,34,55,52,70,70,61,61,61,40,40,40,40,40,40,40,40,40,40,40,31,70,70,70,61,61,61,61,61,61,61,61,61,61,61,51,51,45],"gold":251,"neow_bonus":"BOSS_RELIC","is_prod":false,"is_daily":false,"chose_seed":false,"campfire_upgraded":9,"win_rate":1,"timestamp":1561538900,"path_taken":["M","?","$","M","M","R","E","R","T","R","M","E","R","?","R","BOSS","M","M","?","?","?","E","R","?","T","$","M","E","M","E","R","BOSS","M","M","?","?","M","R","E","$","T","M","R","E","M","?","R","BOSS"],"build_version":"2019-01-23","purchased_purges":4,"victory":true,"max_hp_per_floor":[70,70,70,70,70,70,70,70,70,70,70,70,70,70,70,70,70,70,70,70,70,70,70,70,70,70,70,70,70,70,70,70,70,70,70,70,70,70,70,70,70,70,70,70,70,70,70,70,70,70],"card_choices":[{"not_picked":["Prepared"],"picked":"SKIP","floor":1},{"not_picked":["Reflex"],"picked":"SKIP","floor":4},{"not_picked":["Predator"],"picked":"SKIP","floor":5},{"not_picked":[],"picked":"Dash","floor":7},{"not_picked":["Flechettes"],"picked":"SKIP","floor":11},{"not_picked":[],"picked":"Noxious Fumes","floor":12},{"not_picked":[],"picked":"Corpse Explosion","floor":16},{"not_picked":[],"picked":"Infinite Blades","floor":18},{"not_picked":["Flechettes"],"picked":"SKIP","floor":19},{"not_picked":["Well Laid Plans"],"picked":"SKIP","floor":23},{"not_picked":["Deadly Poison"],"picked":"SKIP","floor":28},{"not_picked":["Slice"],"picked":"SKIP","floor":29},{"not_picked":["Acrobatics"],"picked":"SKIP","floor":30},{"not_picked":["Deflect+1"],"picked":"SKIP","floor":31},{"not_picked":[],"picked":"After Image","floor":33},{"not_picked":["Poisoned Stab+1"],"picked":"SKIP","floor":35},{"not_picked":[],"picked":"Backflip+1","floor":36},{"not_picked":["Poisoned Stab"],"picked":"SKIP","floor":39},{"not_picked":[],"picked":"Blur+1","floor":41},{"not_picked":["Predator+1"],"picked":"SKIP","floor":44},{"not_picked":["Backstab"],"picked":"SKIP","floor":46},{"not_picked":["Expertise+1"],"picked":"SKIP","floor":47}],"player_experience":36810,"relics_obtained":[{"floor":7,"key":"Shuriken"},{"floor":9,"key":"Bottled Lightning"},{"floor":12,"key":"Ornamental Fan"},{"floor":22,"key":"Red Mask"},{"floor":23,"key":"Potion Belt"},{"floor":26,"key":"PreservedInsect"},{"floor":29,"key":"Juzu Bracelet"},{"floor":31,"key":"Unceasing Top"},{"floor":41,"key":"Whetstone"},{"floor":43,"key":"Gremlin Horn"},{"floor":46,"key":"Meat on the Bone"}],"event_choices":[{"damage_healed":0,"gold_gain":75,"player_choice":"Gather Gold","damage_taken":11,"max_hp_gain":0,"max_hp_loss":0,"event_name":"World of Goop","floor":2,"gold_loss":0},{"damage_healed":0,"gold_gain":0,"cards_transformed":["Strike_G"],"player_choice":"Transformed","damage_taken":0,"max_hp_gain":0,"max_hp_loss":0,"event_name":"Transmorgrifier","floor":14,"gold_loss":0,"cards_obtained":["Endless Agony"]},{"damage_healed":0,"gold_gain":0,"cards_transformed":["Strike_G","Strike_G"],"player_choice":"Became Test Subject","damage_taken":0,"max_hp_gain":0,"max_hp_loss":0,"event_name":"Drug Dealer","floor":21,"gold_loss":0,"cards_obtained":["Bullet Time","Deflect"]},{"damage_healed":0,"gold_gain":0,"player_choice":"Fought Bandits","damage_taken":0,"max_hp_gain":0,"max_hp_loss":0,"event_name":"Masked Bandits","floor":22,"gold_loss":0},{"damage_healed":0,"gold_gain":0,"cards_transformed":["Defend_G"],"player_choice":"Transformed","damage_taken":0,"max_hp_gain":0,"max_hp_loss":0,"event_name":"Transmorgrifier","floor":25,"gold_loss":0,"cards_obtained":["Acrobatics"]},{"damage_healed":0,"gold_gain":0,"player_choice":"Embrace Madness","damage_taken":9,"max_hp_gain":0,"max_hp_loss":0,"event_name":"Winding Halls","floor":37,"gold_loss":0,"cards_obtained":["Madness","Madness"]},{"damage_healed":0,"gold_gain":222,"player_choice":"Wore Mask","damage_taken":0,"max_hp_gain":0,"max_hp_loss":0,"event_name":"Tomb of Lord Red Mask","floor":38,"gold_loss":0},{"damage_healed":0,"gold_gain":0,"player_choice":"Memory 3","damage_taken":10,"max_hp_gain":0,"max_hp_loss":0,"event_name":"SensoryStone","floor":48,"gold_loss":0}],"is_beta":false,"boss_relics":[{"not_picked":["Lizard Tail","Velvet Choker"],"picked":"Runic Pyramid"},{"not_picked":["Black Star","Eternal Feather"],"picked":"Sozu"}],"items_purged_floors":[3,20,27,42],"is_endless":false,"potions_floor_spawned":[4,7,11,18,19,23,31,35,39,44,47],"ascension_level":2}