{"gold_per_floor":[114,129,148,164,164,164,4,36,36,50,50,76,76,1,1,76,76,88,13,64,79,94,94,123,134,183,25,25,25,54,54,54,131,131,151,166,166,178,201,201,218,250,250,250,261,261,277,288,288,288,288],"floor_reached":51,"playtime":2031,"items_purged":[],"score":1554,"play_id":"6e035e93-fb17-49c1-af62-bf94d0ce7d11","local_time":"20190530133941","is_ascension_mode":true,"campfire_choices":[{"floor":6.0,"key":"REST"},{"floor":11.0,"key":"REST"},{"data":"Defragment","floor":13.0,"key":"SMITH"},{"data":"Beam Cell","floor":15.0,"key":"SMITH"},{"data":"Coolheaded","floor":23.0,"key":"SMITH"},{"data":"Doom and Gloom","floor":28.0,"key":"SMITH"},{"data":"Reinforced Body","floor":32.0,"key":"SMITH"},{"data":"Ghostly","floor":40.0,"key":"SMITH"},{"data":"Loop","floor":44,"key":"SMITH"},{"data":"Ghostly","floor":46,"key":"SMITH"},{"data":"Fission","floor":49,"key":"SMITH"}],"neow_cost":"NONE","seed_source_timestamp":746368867947,"circlet_count":0,"master_deck":["AscendersBane","Defend_B+1","Defend_B","Defend_B","Defend_B","Zap+1","Dualcast","Rip and Tear","Genetic Algorithm+1","Conserve Battery","Reinforced Body+1","Cold Snap","Beam Cell+1","Leap","Defragment+1","Conserve Battery","Compile Driver","Hyperbeam","Multi-Cast+1","Defragment+1","Buffer+1","Doom and Gloom+1","Coolheaded+1","Ghostly+1","Ghostly+1","Ghostly","Fission+1","Loop+1","Hologram+1","Turbo","Biased Cognition"],"special_seed":0,"relics":["Cracked Core","Letter Opener","Pocketwatch","Bird Faced Urn","Orichalcum","Astrolabe","Bag of Marbles","Mango","Smiling Mask","Lantern","Boot","Coffee Dripper","War Paint","Bottled Flame","Bottled Tornado"],"potions_floor_usage":[45,51,51],"damage_taken":[{"damage":7.0,"enemies":"Jaw Worm","floor":1.0,"turns":4.0},{"damage":2.0,"enemies":"2 Louse","floor":2.0,"turns":2.0},{"damage":1.0,"enemies":"Cultist","floor":3.0,"turns":3.0},{"damage":35.0,"enemies":"Exordium Thugs","floor":4.0,"turns":5.0},{"damage":24.0,"enemies":"3 Sentries","floor":8.0,"turns":10.0},{"damage":8.0,"enemies":"Large Slime","floor":10.0,"turns":4.0},{"damage":7.0,"enemies":"Lagavulin","floor":12.0,"turns":6.0},{"damage":16.0,"enemies":"Hexaghost","floor":16.0,"turns":11.0},{"damage":2.0,"enemies":"3 Byrds","floor":18.0,"turns":4.0},{"damage":14.0,"enemies":"2 Thieves","floor":21.0,"turns":4.0},{"damage":0.0,"enemies":"Snake Plant","floor":22.0,"turns":4.0},{"damage":33.0,"enemies":"Slavers","floor":24.0,"turns":5.0},{"damage":2.0,"enemies":"3 Cultists","floor":25.0,"turns":4.0},{"damage":21.0,"enemies":"Book of Stabbing","floor":30.0,"turns":7.0},{"damage":0.0,"enemies":"Champ","floor":33.0,"turns":11.0},{"damage":17.0,"enemies":"3 Darklings","floor":35.0,"turns":6.0},{"damage":0.0,"enemies":"Orb Walker","floor":36.0,"turns":5.0},{"damage":2.0,"enemies":"Spire Growth","floor":38.0,"turns":5.0},{"damage":18.0,"enemies":"Maw","floor":41.0,"turns":8.0},{"damage":0.0,"enemies":"Giant Head","floor":42.0,"turns":9.0},{"damage":0,"enemies":"Jaw Worm Horde","floor":45,"turns":3},{"damage":14,"enemies":"Sphere and 2 Shapes","floor":47,"turns":6},{"damage":1,"enemies":"4 Shapes","floor":48,"turns":6},{"damage":7,"enemies":"Time Eater","floor":50,"turns":10},{"damage":51,"enemies":"Awakened One","floor":51,"turns":8}],"seed_played":"5700660608182199814","potions_obtained":[{"floor":3.0,"key":"SneckoOil"},{"floor":8.0,"key":"PowerPotion"},{"floor":10.0,"key":"Fire Potion"},{"floor":16.0,"key":"AttackPotion"},{"floor":22.0,"key":"Strength Potion"},{"floor":25.0,"key":"Block Potion"},{"floor":36.0,"key":"Fire Potion"},{"floor":38.0,"key":"Weak Potion"},{"floor":47,"key":"LiquidBronze"},{"floor":48,"key":"Explosive Potion"}],"is_trial":false,"path_per_floor":["M","M","M","M","?","R","$","E","T","M","R","E","R","?","R","B",null,"M","?","T","M","M","R","E","M","T","$","R","?","E","$","R","B",null,"M","M","?","M","T","R","M","E","T","R","M","R","M","M","R","B","B"],"character_chosen":"DEFECT","items_purchased":["Cold Snap","Beam Cell","Leap","Lantern"],"campfire_rested":2,"item_purchase_floors":[7,7,7,27],"current_hp_per_floor":[57,55,54,19,19,40,40,16,16,8,29,22,22,22,22,10,56,58,58,58,48,54,54,41,41,41,41,41,41,21,21,21,27,38,27,35,35,41,41,41,24,32,32,32,36,36,32,41,41,35,0],"gold":288,"neow_bonus":"UPGRADE_CARD","is_prod":false,"is_daily":false,"chose_seed":false,"campfire_upgraded":9,"win_rate":0,"timestamp":1559216381,"path_taken":["M","M","M","M","?","R","$","E","T","M","R","E","R","?","R","BOSS","M","?","?","?","M","R","E","M","T","$","R","?","E","$","R","BOSS","M","M","?","M","?","R","M","E","T","R","M","R","M","M","R","BOSS","BOSS"],"build_version":"2019-05-28","purchased_purges":0,"victory":false,"max_hp_per_floor":[71,71,71,71,71,71,71,71,71,71,71,71,71,71,71,71,71,71,71,71,71,71,71,85,85,85,85,85,42,42,42,42,42,42,42,42,42,42,42,42,42,42,42,42,42,42,42,42,42,42,42],"card_choices":[{"not_picked":["Turbo","Heatsinks"],"picked":"Rip and Tear","floor":1.0},{"not_picked":["Skim","Aggregate"],"picked":"Genetic Algorithm","floor":2.0},{"not_picked":["FTL","Loop"],"picked":"Conserve Battery","floor":3.0},{"not_picked":["Recycle","Redo"],"picked":"Reinforced Body","floor":4.0},{"not_picked":["Consume","Rainbow"],"picked":"Defragment","floor":8.0},{"not_picked":["Barrage","Blizzard"],"picked":"Conserve Battery","floor":10.0},{"not_picked":["Scrape","Force Field"],"picked":"Compile Driver","floor":12.0},{"not_picked":["Rainbow","Seek"],"picked":"Hyperbeam","floor":16.0},{"not_picked":["Stack","Conserve Battery","Streamline"],"picked":"SKIP","floor":18.0},{"not_picked":["Hologram","Beam Cell"],"picked":"Doom and Gloom","floor":21.0},{"not_picked":["Chill","Steam"],"picked":"Coolheaded","floor":22.0},{"not_picked":["Leap","Scrape+1","Streamline+1"],"picked":"SKIP","floor":24.0},{"not_picked":["Barrage","Consume","Blizzard"],"picked":"SKIP","floor":25.0},{"not_picked":["Hyperbeam","Compile Driver","Leap"],"picked":"SKIP","floor":30.0},{"not_picked":["All For One","Machine Learning"],"picked":"Fission","floor":33.0},{"not_picked":["Conserve Battery","FTL"],"picked":"Loop","floor":35.0},{"not_picked":["Go for the Eyes","Barrage","Fusion"],"picked":"SKIP","floor":36.0},{"not_picked":["Compile Driver+1","Undo+1"],"picked":"Hologram+1","floor":38.0},{"not_picked":["Steam Power","Sweeping Beam","Barrage"],"picked":"SKIP","floor":41.0},{"not_picked":["Streamline+1","Chaos"],"picked":"Turbo","floor":42},{"not_picked":["Rebound+1","BootSequence"],"picked":"Biased Cognition","floor":45},{"not_picked":["Coolheaded","Sweeping Beam","Melter+1"],"picked":"SKIP","floor":47},{"not_picked":["Coolheaded","Ball Lightning","Tempest+1"],"picked":"SKIP","floor":48}],"player_experience":1612506,"relics_obtained":[{"floor":8.0,"key":"Letter Opener"},{"floor":9.0,"key":"Pocketwatch"},{"floor":12.0,"key":"Bird Faced Urn"},{"floor":20.0,"key":"Bag of Marbles"},{"floor":24.0,"key":"Mango"},{"floor":26.0,"key":"Smiling Mask"},{"floor":30.0,"key":"Boot"},{"floor":39.0,"key":"War Paint"},{"floor":42,"key":"Bottled Flame"},{"floor":43,"key":"Bottled Tornado"}],"event_choices":[{"damage_healed":0.0,"max_hp_gain":0.0,"max_hp_loss":0.0,"gold_gain":0.0,"event_name":"Scrap Ooze","player_choice":"Fled","floor":5.0,"gold_loss":0.0,"damage_taken":0.0},{"damage_healed":0.0,"max_hp_gain":0.0,"max_hp_loss":0.0,"gold_gain":0.0,"event_name":"WeMeetAgain","player_choice":"Paid Gold","floor":14.0,"gold_loss":75.0,"damage_taken":0.0,"relics_obtained":["Orichalcum"]},{"cards_removed":["Strike_B"],"damage_healed":0.0,"max_hp_gain":0.0,"max_hp_loss":0.0,"gold_gain":0.0,"event_name":"Beggar","player_choice":"Gave Gold","floor":19.0,"gold_loss":75.0,"damage_taken":0.0},{"damage_healed":0.0,"max_hp_gain":0.0,"max_hp_loss":43.0,"gold_gain":0.0,"event_name":"Ghosts","player_choice":"Became a Ghost","floor":29.0,"gold_loss":0.0,"damage_taken":0.0,"cards_obtained":["Ghostly","Ghostly","Ghostly"]},{"damage_healed":0.0,"max_hp_gain":0.0,"max_hp_loss":0.0,"gold_gain":0.0,"event_name":"Tomb of Lord Red Mask","player_choice":"Ignored","floor":37.0,"gold_loss":0.0,"damage_taken":0.0}],"is_beta":true,"boss_relics":[{"not_picked":["Sozu","Eternal Feather"],"picked":"Astrolabe"},{"not_picked":["Pandora\u0027s Box","White Beast Statue"],"picked":"Coffee Dripper"}],"items_purged_floors":[],"is_endless":false,"potions_floor_spawned":[3,8,10,12,16,22,25,36,38,41,47,48],"killed_by":"Awakened One","ascension_level":20}