{"gold_per_floor":[218,237,250,263,278,313,313,363,363,381,381,421,421,442,442,540,540,554,554,84,84,100,100,0,44,44,44,62,62,78,112,112,112],"floor_reached":33,"playtime":1127,"items_purged":["Strike_B+1","Strike_B+1"],"score":644,"play_id":"d4ab17de-6345-4f14-89f5-9b707c02e850","local_time":"20190518210614","is_ascension_mode":true,"campfire_choices":[{"data":"Defragment","floor":11,"key":"SMITH"},{"floor":13,"key":"REST"},{"data":"Loop","floor":15,"key":"SMITH"},{"data":"Hyperbeam","floor":23,"key":"SMITH"},{"data":"Coolheaded","floor":27,"key":"SMITH"},{"data":"Hologram","floor":32,"key":"SMITH"}],"neow_cost":"NONE","seed_source_timestamp":19463511748777,"circlet_count":0,"master_deck":["AscendersBane","Defend_B+1","Defend_B+1","Defend_B+1","Defend_B+1","Zap","Dualcast","Genetic Algorithm","Cold Snap","Ball Lightning","Defragment+1","Sweeping Beam","Hologram+1","Loop+1","Conserve Battery","Steam","Hyperbeam+1","Cold Snap","Coolheaded+1","Self Repair","Cold Snap","Go for the Eyes","Buffer","Chill","Steam Power","Skim"],"special_seed":0,"relics":["Cracked Core","Bottled Lightning","Golden Idol","Strawberry","Ancient Tea Set","Sozu","ClockworkSouvenir","Letter Opener","Happy Flower","Blue Candle"],"potions_floor_usage":[6,16,25],"damage_taken":[{"damage":0.0,"enemies":"2 Louse","floor":1.0,"turns":2.0},{"damage":1,"enemies":"Cultist","floor":2,"turns":3},{"damage":0,"enemies":"Small Slimes","floor":3,"turns":4},{"damage":8,"enemies":"Blue Slaver","floor":4,"turns":3},{"damage":4,"enemies":"Looter","floor":5,"turns":3},{"damage":18,"enemies":"Gremlin Nob","floor":6,"turns":4},{"damage":15,"enemies":"Exordium Thugs","floor":10,"turns":5},{"damage":21,"enemies":"3 Sentries","floor":12,"turns":6},{"damage":8,"enemies":"Exordium Wildlife","floor":14,"turns":4},{"damage":41,"enemies":"Slime Boss","floor":16,"turns":9},{"damage":0,"enemies":"2 Thieves","floor":18,"turns":2},{"damage":14,"enemies":"3 Byrds","floor":22,"turns":6},{"damage":0,"enemies":"Book of Stabbing","floor":25,"turns":8},{"damage":10,"enemies":"Snake Plant","floor":28,"turns":4},{"damage":0,"enemies":"Snecko","floor":30,"turns":7},{"damage":15,"enemies":"Gremlin Leader","floor":31,"turns":9},{"damage":63,"enemies":"Collector","floor":33,"turns":7}],"seed_played":"3109930857106414351","potions_obtained":[{"floor":3,"key":"GamblersBrew"},{"floor":6,"key":"FairyPotion"},{"floor":10,"key":"EssenceOfSteel"},{"floor":16,"key":"Block Potion"}],"is_trial":false,"path_per_floor":["M","M","M","M","M","E","?","?","T","M","R","E","R","M","R","B",null,"M","?","$","?","M","R","$","E","T","R","M","$","M","E","R","B"],"character_chosen":"DEFECT","items_purchased":["ClockworkSouvenir","Coolheaded","Self Repair","Cold Snap"],"campfire_rested":1,"item_purchase_floors":[20,20,20,20],"current_hp_per_floor":[64,63,63,55,51,33,33,33,40,25,25,4,25,17,17,4,54,54,54,54,54,47,47,47,54,54,54,51,51,58,50,50,0],"gold":112,"neow_bonus":"HUNDRED_GOLD","is_prod":false,"is_daily":false,"chose_seed":false,"campfire_upgraded":5,"win_rate":0,"timestamp":1558206374,"path_taken":["M","M","M","M","M","E","?","?","T","?","R","E","R","M","R","BOSS","M","?","$","?","M","R","?","E","T","R","M","$","M","E","R","BOSS"],"build_version":"2019-05-07","purchased_purges":2,"victory":false,"max_hp_per_floor":[71,71,71,71,71,71,64,64,71,71,71,71,71,71,71,71,71,71,71,71,71,71,71,71,71,71,71,71,71,71,71,71,71],"card_choices":[{"not_picked":["Streamline","Doom and Gloom"],"picked":"Genetic Algorithm","floor":1.0},{"not_picked":["Streamline","Leap"],"picked":"Cold Snap","floor":2},{"not_picked":["Conserve Battery","Rip and Tear"],"picked":"Ball Lightning","floor":3},{"not_picked":["Cold Snap","Heatsinks"],"picked":"Defragment","floor":4},{"not_picked":["Beam Cell","Gash"],"picked":"Sweeping Beam","floor":5},{"not_picked":["Force Field","Barrage"],"picked":"Hologram","floor":6},{"not_picked":["Conserve Battery","Redo"],"picked":"Loop","floor":10},{"not_picked":["Leap","All For One"],"picked":"Conserve Battery","floor":12},{"not_picked":["Streamline","Static Discharge"],"picked":"Steam","floor":14},{"not_picked":["All For One","Thunder Strike"],"picked":"Hyperbeam","floor":16},{"not_picked":["Hologram","Capacitor"],"picked":"Cold Snap","floor":18},{"not_picked":["Coolheaded","Leap"],"picked":"Chill","floor":22},{"not_picked":["Streamline","Tempest"],"picked":"Steam Power","floor":25},{"not_picked":["Steam","Beam Cell"],"picked":"Skim","floor":28},{"not_picked":["Ball Lightning","Streamline+1","Tempest"],"picked":"SKIP","floor":30},{"not_picked":["Gash","Beam Cell","Lockon"],"picked":"SKIP","floor":31}],"player_experience":1561856,"relics_obtained":[{"floor":6,"key":"Bottled Lightning"},{"floor":9,"key":"Strawberry"},{"floor":12,"key":"Ancient Tea Set"},{"floor":25,"key":"Letter Opener"},{"floor":26,"key":"Happy Flower"},{"floor":31,"key":"Blue Candle"}],"event_choices":[{"damage_healed":0,"gold_gain":0,"player_choice":"Lose Max HP","damage_taken":0,"relics_obtained":["Golden Idol"],"max_hp_gain":0,"max_hp_loss":7,"event_name":"Golden Idol","floor":7,"gold_loss":0},{"damage_healed":0,"gold_gain":50,"player_choice":"Pray","damage_taken":0,"max_hp_gain":0,"max_hp_loss":0,"event_name":"Golden Shrine","floor":8,"gold_loss":0},{"damage_healed":0,"gold_gain":0,"player_choice":"Simplicity","damage_taken":0,"max_hp_gain":0,"max_hp_loss":0,"event_name":"Back to Basics","floor":19,"gold_loss":0,"cards_upgraded":["Strike_B","Strike_B","Strike_B","Strike_B","Defend_B","Defend_B","Defend_B","Defend_B"]},{"damage_healed":0,"gold_gain":0,"cards_transformed":["Strike_B","Strike_B"],"player_choice":"Became Test Subject","damage_taken":0,"max_hp_gain":0,"max_hp_loss":0,"event_name":"Drug Dealer","floor":21,"gold_loss":0,"cards_obtained":["Go for the Eyes","Buffer"]}],"is_beta":true,"boss_relics":[{"not_picked":["Lizard Tail","White Beast Statue"],"picked":"Sozu"}],"items_purged_floors":[20,24],"is_endless":false,"potions_floor_spawned":[3,6,10,16,18,25],"killed_by":"Collector","ascension_level":20}