{"gold_per_floor":[119,131,11,25,45,45,45,45,45,64,81,81,106,106,106,201,201,221,232,248,248,261,261,279,279,279,290,290,307,307,406,406,508,508,526,541,541],"floor_reached":37,"playtime":4553,"items_purged":[],"score":375,"play_id":"c87eea9a-e0f7-4bfe-b19f-42489edef69a","local_time":"20190422232728","is_ascension_mode":false,"campfire_choices":[{"data":"Rupture","floor":6,"key":"SMITH"},{"data":"Demon Form","floor":12,"key":"SMITH"},{"floor":15,"key":"REST"},{"floor":23,"key":"REST"},{"floor":25,"key":"REST"},{"floor":28,"key":"REST"},{"data":"Spot Weakness","floor":32,"key":"SMITH"}],"neow_cost":"NONE","seed_source_timestamp":863501724121509,"circlet_count":0,"master_deck":["Strike_R","Strike_R","Strike_R","Defend_R","Defend_R","Defend_R","Defend_R","Bash","Twin Strike","Armaments","Juggernaut","Headbutt","Rupture+1","Second Wind","Heavy Blade","Demon Form+1","Whirlwind","Fiend Fire","Spot Weakness+1","Sword Boomerang+1","Cleave+1","Body Slam","Rampage","Rage","Anger","Inflame","Barricade","Twin Strike","Whirlwind+1"],"relics":["Burning Blood","NeowsBlessing","Mercury Hourglass","Kunai","Lantern","Busted Crown","Matryoshka","Runic Pyramid"],"potions_floor_usage":[16,16,16,24,29,33,36,36,37],"damage_taken":[{"damage":0,"enemies":"Small Slimes","floor":1,"turns":1},{"damage":0,"enemies":"Jaw Worm","floor":2,"turns":1},{"damage":0,"enemies":"Cultist","floor":4,"turns":1},{"damage":6,"enemies":"Blue Slaver","floor":5,"turns":4},{"damage":3,"enemies":"Lots of Slimes","floor":10,"turns":3},{"damage":6,"enemies":"3 Louse","floor":11,"turns":2},{"damage":35,"enemies":"Lagavulin","floor":13,"turns":6},{"damage":55,"enemies":"The Guardian","floor":16,"turns":8},{"damage":22,"enemies":"3 Byrds","floor":18,"turns":4},{"damage":20,"enemies":"2 Thieves","floor":19,"turns":3},{"damage":28,"enemies":"Snake Plant","floor":20,"turns":4},{"damage":6,"enemies":"Cultist and Chosen","floor":22,"turns":6},{"damage":34,"enemies":"Sentry and Sphere","floor":24,"turns":4},{"damage":10,"enemies":"Chosen and Byrds","floor":27,"turns":4},{"damage":5,"enemies":"Snecko","floor":29,"turns":3},{"damage":49,"enemies":"Champ","floor":33,"turns":9},{"damage":13,"enemies":"3 Shapes","floor":35,"turns":3},{"damage":57,"enemies":"3 Darklings","floor":36,"turns":5},{"damage":23,"enemies":"Mind Bloom Boss Battle","floor":37,"turns":4}],"seed_played":"6322846840504810515","potions_obtained":[{"floor":1,"key":"GamblersBrew"},{"floor":4,"key":"FearPotion"},{"floor":10,"key":"Fire Potion"},{"floor":13,"key":"SteroidPotion"},{"floor":18,"key":"Strength Potion"},{"floor":20,"key":"AttackPotion"},{"floor":29,"key":"Swift Potion"},{"floor":33,"key":"AttackPotion"},{"floor":35,"key":"Strength Potion"},{"floor":36,"key":"Fire Potion"}],"is_trial":false,"path_per_floor":["M","M","$","M","M","R","?","T","T","M","M","R","E","?","R","B",null,"M","M","M","?","M","R","M","R","T","M","R","M","?","?","R","B",null,"M","M","?"],"character_chosen":"IRONCLAD","items_purchased":["Juggernaut","Headbutt"],"campfire_rested":4,"item_purchase_floors":[3,3],"current_hp_per_floor":[80,80,80,80,80,80,73,73,73,76,76,76,47,47,71,22,80,64,50,28,28,28,52,24,48,48,44,68,69,69,69,69,26,80,73,22,0],"gold":541,"neow_bonus":"THREE_ENEMY_KILL","is_prod":false,"is_daily":false,"chose_seed":false,"campfire_upgraded":3,"win_rate":0.0,"timestamp":1555990048,"path_taken":["M","M","$","M","M","R","?","?","T","M","M","R","E","?","R","BOSS","M","?","M","?","M","R","M","R","T","M","R","?","?","?","R","BOSS","M","M","?"],"build_version":"2019-01-23","purchased_purges":0,"victory":false,"max_hp_per_floor":[80,80,80,80,80,80,80,80,80,80,80,80,80,80,80,80,80,80,80,80,80,80,80,80,80,80,80,80,80,80,80,80,80,80,80,80,80],"card_choices":[{"not_picked":["Metallicize","Clothesline"],"picked":"Twin Strike","floor":1},{"not_picked":["Sword Boomerang","Reckless Charge"],"picked":"Armaments","floor":2},{"not_picked":["Ghostly Armor","True Grit"],"picked":"Rupture","floor":4},{"not_picked":["Clothesline","Thunderclap"],"picked":"Second Wind","floor":5},{"not_picked":["Sword Boomerang","Armaments"],"picked":"Heavy Blade","floor":10},{"not_picked":["Anger","Spot Weakness"],"picked":"Demon Form","floor":11},{"not_picked":["Cleave","Combust"],"picked":"Whirlwind","floor":13},{"not_picked":["Reaper","Barricade"],"picked":"Fiend Fire","floor":16},{"not_picked":[],"picked":"Spot Weakness","floor":18},{"not_picked":[],"picked":"Sword Boomerang+1","floor":19},{"not_picked":[],"picked":"Cleave+1","floor":20},{"not_picked":[],"picked":"Body Slam","floor":22},{"not_picked":[],"picked":"Rampage","floor":24},{"not_picked":[],"picked":"Rage","floor":27},{"not_picked":[],"picked":"Anger","floor":29},{"not_picked":[],"picked":"Barricade","floor":33},{"not_picked":[],"picked":"Twin Strike","floor":35},{"not_picked":[],"picked":"Whirlwind+1","floor":36}],"player_experience":20691,"relics_obtained":[{"floor":8,"key":"Mercury Hourglass"},{"floor":9,"key":"Kunai"},{"floor":13,"key":"Lantern"},{"floor":26,"key":"Matryoshka"}],"event_choices":[{"cards_removed":["Strike_R"],"damage_healed":0,"gold_gain":0,"player_choice":"Card Removal","damage_taken":7,"max_hp_gain":0,"max_hp_loss":0,"event_name":"Golden Wing","floor":7,"gold_loss":0},{"damage_healed":0,"gold_gain":0,"player_choice":"Bought 0 Potions","damage_taken":0,"max_hp_gain":0,"max_hp_loss":0,"event_name":"The Woman in Blue","floor":14,"gold_loss":0},{"cards_removed":["Strike_R"],"damage_healed":0,"gold_gain":0,"player_choice":"Offered Basic","damage_taken":0,"max_hp_gain":0,"max_hp_loss":0,"event_name":"Bonfire Elementals","floor":21,"gold_loss":0},{"damage_healed":0,"gold_gain":0,"player_choice":"Read","damage_taken":0,"max_hp_gain":0,"max_hp_loss":0,"event_name":"The Library","floor":30,"gold_loss":0,"cards_obtained":["Inflame"]},{"damage_healed":0,"gold_gain":99,"player_choice":"Stole From Cult","damage_taken":0,"max_hp_gain":0,"max_hp_loss":0,"event_name":"Nest","floor":31,"gold_loss":0},{"damage_healed":0,"gold_gain":0,"player_choice":"Fight","damage_taken":0,"max_hp_gain":0,"max_hp_loss":0,"event_name":"MindBloom","floor":37,"gold_loss":0}],"is_beta":false,"boss_relics":[{"not_picked":["Orrery","Eternal Feather"],"picked":"Busted Crown"},{"not_picked":["Mark of Pain","Empty Cage"],"picked":"Runic Pyramid"}],"items_purged_floors":[],"is_endless":false,"potions_floor_spawned":[1,4,10,13,18,20,29,33,35,36],"killed_by":"Mind Bloom Boss Battle","ascension_level":0}