{"gold_per_floor":[111,111,127,127,139,139,139,139,164,177,177,195,148,173,173,270,270,286,211,158,132,132,132,132,147,174,174,202,220,236,110,110,209,209,220,220,120,120,120,120,48,61,61,81,27,27,41,53,53,53],"floor_reached":50,"playtime":2370,"items_purged":["Decay","Strike_R"],"score":460,"play_id":"37155921-6fea-48c4-a679-766a9ad92057","local_time":"20190525151733","is_ascension_mode":false,"campfire_choices":[{"data":"Bash","floor":6.0,"key":"SMITH"},{"data":"True Grit","floor":8.0,"key":"SMITH"},{"data":"Warcry","floor":11.0,"key":"SMITH"},{"data":"Flex","floor":15.0,"key":"SMITH"},{"data":"Pommel Strike","floor":23,"key":"SMITH"},{"floor":27,"key":"REST"},{"floor":32,"key":"REST"},{"data":"Pommel Strike","floor":40,"key":"SMITH"},{"floor":46,"key":"REST"},{"floor":49,"key":"REST"}],"neow_cost":"NONE","seed_source_timestamp":679955588900825,"circlet_count":0,"master_deck":["Strike_R","Strike_R","Strike_R","Defend_R+1","Defend_R+1","Bash+1","True Grit+1","Pommel Strike+1","Warcry+1","Pommel Strike+1","Flex+1","Decay","True Grit+1","Shrug It Off+1","Clash+1","Iron Wave","Shrug It Off+1","Flex+1","Twin Strike","Writhe","Sword Boomerang","Shrug It Off+1","Warcry+1","Armaments+1","Wild Strike","Anger+1"],"special_seed":0,"relics":["Burning Blood","NeowsBlessing","Strawberry","Happy Flower","Calling Bell","Regal Pillow","Toxic Egg 2","Nunchaku","Nilry\u0027s Codex","Pen Nib","Champion Belt","Mark of Pain","Prayer Wheel"],"potions_floor_usage":[25,28,42,50,50,50,50],"damage_taken":[{"damage":0.0,"enemies":"Jaw Worm","floor":1.0,"turns":1.0},{"damage":0.0,"enemies":"Small Slimes","floor":3.0,"turns":1.0},{"damage":0.0,"enemies":"Cultist","floor":5.0,"turns":1.0},{"damage":10.0,"enemies":"Lots of Slimes","floor":10.0,"turns":6.0},{"damage":7.0,"enemies":"Blue Slaver","floor":12.0,"turns":5.0},{"damage":19.0,"enemies":"Lagavulin","floor":14.0,"turns":6.0},{"damage":36.0,"enemies":"Hexaghost","floor":16.0,"turns":8.0},{"damage":8,"enemies":"Chosen","floor":18,"turns":6},{"damage":25,"enemies":"2 Thieves","floor":21,"turns":5},{"damage":24,"enemies":"Snake Plant","floor":25,"turns":4},{"damage":29,"enemies":"Gremlin Leader","floor":28,"turns":7},{"damage":5,"enemies":"Centurion and Healer","floor":29,"turns":5},{"damage":17,"enemies":"Snecko","floor":30,"turns":6},{"damage":70,"enemies":"Collector","floor":33,"turns":11},{"damage":0,"enemies":"3 Shapes","floor":35,"turns":4},{"damage":35,"enemies":"3 Darklings","floor":42,"turns":7},{"damage":47,"enemies":"4 Shapes","floor":44,"turns":11},{"damage":3,"enemies":"Transient","floor":47,"turns":5},{"damage":25,"enemies":"Jaw Worm Horde","floor":48,"turns":6},{"damage":101,"enemies":"Awakened One","floor":50,"turns":11}],"seed_played":"3583115687985364790","potions_obtained":[{"floor":1.0,"key":"Poison Potion"},{"floor":3.0,"key":"Poison Potion"},{"floor":10.0,"key":"SneckoOil"},{"floor":18,"key":"Explosive Potion"},{"floor":25,"key":"FairyPotion"},{"floor":28,"key":"EntropicBrew"},{"floor":33,"key":"PowerPotion"},{"floor":42,"key":"Explosive Potion"}],"is_trial":false,"path_per_floor":["M","?","M","?","M","R","$","R","T","M","R","M","$","E","R","B",null,"M","?","$","M","?","R","?","M","T","R","E","M","M","$","R","B",null,"M","?","$","?","?","R","$","M","T","M","$","R","M","M","R","B"],"character_chosen":"IRONCLAD","items_purchased":["Flex","Shrug It Off+1","Twin Strike","Sword Boomerang","Shrug It Off+1","Wild Strike"],"campfire_rested":4,"item_purchase_floors":[13,20,31,41,41,45],"current_hp_per_floor":[80,64,70,70,76,76,76,76,83,79,79,78,78,65,65,35,87,85,85,85,66,50,50,50,32,32,73,50,51,40,40,81,17,87,87,87,87,87,87,87,87,58,58,17,17,58,61,42,83,0],"gold":53,"neow_bonus":"THREE_ENEMY_KILL","is_prod":false,"is_daily":false,"chose_seed":false,"campfire_upgraded":6,"win_rate":0,"timestamp":1558790253,"path_taken":["M","?","M","?","M","R","?","R","T","?","R","M","?","E","R","BOSS","M","?","$","M","?","R","?","?","T","R","E","M","M","$","R","BOSS","M","?","$","?","?","R","$","M","T","M","$","R","M","M","R","BOSS"],"build_version":"2019-01-23","purchased_purges":2,"victory":false,"max_hp_per_floor":[80,80,80,80,80,80,80,80,87,87,87,87,87,87,87,87,87,87,87,87,87,87,87,87,87,87,87,87,87,87,87,87,87,87,87,87,87,87,87,87,87,87,87,87,87,87,87,87,87,87],"card_choices":[{"not_picked":["Reckless Charge","Shockwave"],"picked":"True Grit","floor":1.0},{"not_picked":["Havoc","Shockwave"],"picked":"Pommel Strike","floor":3.0},{"not_picked":["Body Slam","Anger"],"picked":"Pommel Strike","floor":5.0},{"not_picked":["Pummel","Dual Wield","Clothesline"],"picked":"SKIP","floor":10.0},{"not_picked":["Thunderclap","True Grit","Clothesline"],"picked":"SKIP","floor":12.0},{"not_picked":["Headbutt","Brutality","Ghostly Armor"],"picked":"SKIP","floor":14.0},{"not_picked":["Warcry+1","Body Slam"],"picked":"True Grit+1","floor":18},{"not_picked":["Dropkick","Flame Barrier+1"],"picked":"Clash+1","floor":21},{"not_picked":["Sentinel+1","Twin Strike"],"picked":"Shrug It Off+1","floor":25},{"not_picked":["Uppercut","Brutality","Rampage"],"picked":"SKIP","floor":28},{"not_picked":["Dropkick","Disarm+1"],"picked":"Flex+1","floor":29},{"not_picked":["Sever Soul","Shrug It Off+1","Heavy Blade"],"picked":"SKIP","floor":30},{"not_picked":["Iron Wave","Searing Blow+1","Body Slam"],"picked":"SKIP","floor":35},{"not_picked":["Fire Breathing+1","Blood for Blood"],"picked":"Warcry+1","floor":42},{"not_picked":["Headbutt","Heavy Blade+1","Seeing Red+1"],"picked":"SKIP","floor":44},{"not_picked":["Armaments+1","Searing Blow","Feel No Pain"],"picked":"SKIP","floor":44},{"not_picked":["Searing Blow","Feel No Pain"],"picked":"Armaments+1","floor":44},{"not_picked":["Headbutt","Heavy Blade+1","Seeing Red+1"],"picked":"SKIP","floor":44},{"not_picked":["Berserk","Intimidate+1"],"picked":"Anger+1","floor":47},{"not_picked":["Flame Barrier+1","True Grit+1","Armaments+1"],"picked":"SKIP","floor":47},{"not_picked":["Perfected Strike","Burning Pact+1","Wild Strike"],"picked":"SKIP","floor":48},{"not_picked":["Reckless Charge","Havoc+1","Body Slam+1"],"picked":"SKIP","floor":48}],"player_experience":410043,"relics_obtained":[{"floor":9.0,"key":"Strawberry"},{"floor":14.0,"key":"Happy Flower"},{"floor":17,"key":"Regal Pillow"},{"floor":17,"key":"Toxic Egg 2"},{"floor":17,"key":"Nunchaku"},{"floor":22,"key":"Nilry\u0027s Codex"},{"floor":26,"key":"Pen Nib"},{"floor":28,"key":"Champion Belt"},{"floor":43,"key":"Prayer Wheel"}],"event_choices":[{"damage_healed":0.0,"max_hp_gain":0.0,"max_hp_loss":0.0,"gold_gain":0.0,"event_name":"Shining Light","player_choice":"Entered Light","floor":2.0,"gold_loss":0.0,"damage_taken":16.0,"cards_upgraded":["Defend_R","Defend_R"]},{"damage_healed":0.0,"max_hp_gain":0.0,"max_hp_loss":0.0,"gold_gain":0.0,"cards_transformed":["Defend_R"],"event_name":"Living Wall","player_choice":"Change","floor":4.0,"gold_loss":0.0,"damage_taken":0.0,"cards_obtained":["Warcry"]},{"cards_removed":["Pain"],"damage_healed":0,"gold_gain":0,"player_choice":"Gave Gold","damage_taken":0,"max_hp_gain":0,"max_hp_loss":0,"event_name":"Beggar","floor":19,"gold_loss":75},{"damage_healed":0,"gold_gain":0,"player_choice":"Obtained Book","damage_taken":16,"max_hp_gain":0,"max_hp_loss":0,"event_name":"Cursed Tome","floor":22,"gold_loss":0},{"cards_removed":["Strike_R"],"damage_healed":0,"gold_gain":0,"player_choice":"Took Card","damage_taken":0,"max_hp_gain":0,"max_hp_loss":0,"event_name":"NoteForYourself","floor":24,"gold_loss":0,"cards_obtained":["Iron Wave"]},{"cards_removed":["Defend_R"],"damage_healed":0,"gold_gain":0,"player_choice":"Removed Skill","damage_taken":0,"max_hp_gain":0,"max_hp_loss":0,"event_name":"Falling","floor":36,"gold_loss":0},{"damage_healed":22,"gold_gain":0,"player_choice":"Writhe","damage_taken":0,"max_hp_gain":0,"max_hp_loss":0,"event_name":"Winding Halls","floor":38,"gold_loss":0,"cards_obtained":["Writhe"]},{"damage_healed":0,"gold_gain":0,"player_choice":"Ignored","damage_taken":0,"max_hp_gain":0,"max_hp_loss":0,"event_name":"SecretPortal","floor":39,"gold_loss":0}],"is_beta":false,"boss_relics":[{"not_picked":["Lizard Tail","Pandora\u0027s Box"],"picked":"Calling Bell"},{"not_picked":["Busted Crown","Runic Pyramid"],"picked":"Mark of Pain"}],"items_purged_floors":[31,37],"is_endless":false,"potions_floor_spawned":[1,3,10,18,25,28,33,35,42,48],"killed_by":"Awakened One","ascension_level":0}