{"gold_per_floor":[117,67,67,16,29,29,62,62,62,83,83,97,97,141,141,265,265,288,301,157,182,196,196,221,221,248,266,266,285,324,324,324,450,450,469,494,494,509,235,269,269,169,217,248,267,267,291,93,93,93,93,93,93,93],"floor_reached":54,"playtime":3035,"items_purged":["Hello World","Rainbow"],"score":1183,"play_id":"dd6ac5bd-d4b6-4d5e-ad95-076264b46688","local_time":"20190328135504","is_ascension_mode":true,"campfire_choices":[{"data":"Buffer","floor":6.0,"key":"SMITH"},{"data":"Zap","floor":8.0,"key":"SMITH"},{"data":"Consume","floor":15.0,"key":"SMITH"},{"data":"Chaos","floor":23.0,"key":"SMITH"},{"floor":25.0,"key":"REST"},{"data":"Redo","floor":28.0,"key":"SMITH"},{"floor":32.0,"key":"REST"},{"data":"Redo","floor":41,"key":"SMITH"},{"data":"Dualcast","floor":46,"key":"SMITH"},{"floor":49,"key":"RECALL"},{"data":"Darkness","floor":52,"key":"SMITH"}],"neow_cost":"NONE","seed_source_timestamp":167211079547524,"circlet_count":0,"master_deck":["Zap+1","Dualcast+1","Redo+1","Glacier","Buffer+1","Redo+1","Rebound","Leap","Streamline","Consume+1","Electrodynamics","Loop","Chaos+1","Conserve Battery","Capacitor","Reinforced Body","Reboot","Redo+1","Darkness+1","Chaos+1","Reinforced Body+1","Redo+1"],"special_seed":0,"relics":["Pandora\u0027s Box","Golden Idol","Bag of Preparation","Vajra","Nunchaku","Unceasing Top","Sozu","Juzu Bracelet","PreservedInsect","Thread and Needle","Runic Dome","DollysMirror","Anchor","Oddly Smooth Stone","Lee\u0027s Waffle"],"potions_floor_usage":[],"damage_taken":[{"damage":14.0,"enemies":"Small Slimes","floor":1.0,"turns":4.0},{"damage":0.0,"enemies":"2 Louse","floor":5.0,"turns":2.0},{"damage":14.0,"enemies":"Gremlin Nob","floor":7.0,"turns":5.0},{"damage":0.0,"enemies":"Jaw Worm","floor":10.0,"turns":3.0},{"damage":10.0,"enemies":"Gremlin Gang","floor":12.0,"turns":2.0},{"damage":0.0,"enemies":"Lagavulin","floor":14.0,"turns":5.0},{"damage":10.0,"enemies":"Hexaghost","floor":16.0,"turns":7.0},{"damage":0.0,"enemies":"Shell Parasite","floor":18.0,"turns":3.0},{"damage":0.0,"enemies":"Spheric Guardian","floor":19.0,"turns":4.0},{"damage":0.0,"enemies":"Snecko","floor":21.0,"turns":7.0},{"damage":0.0,"enemies":"3 Cultists","floor":22.0,"turns":3.0},{"damage":20.0,"enemies":"Centurion and Healer","floor":24.0,"turns":5.0},{"damage":15.0,"enemies":"Snake Plant","floor":27.0,"turns":4.0},{"damage":7.0,"enemies":"Sentry and Sphere","floor":29.0,"turns":4.0},{"damage":19.0,"enemies":"Book of Stabbing","floor":30.0,"turns":5.0},{"damage":0.0,"enemies":"Collector","floor":33.0,"turns":7.0},{"damage":0.0,"enemies":"3 Shapes","floor":35.0,"turns":2.0},{"damage":0.0,"enemies":"3 Darklings","floor":36.0,"turns":5.0},{"damage":0,"enemies":"Writhing Mass","floor":38,"turns":8},{"damage":0,"enemies":"Reptomancer","floor":40,"turns":4},{"damage":11,"enemies":"Nemesis","floor":44,"turns":5},{"damage":0,"enemies":"Spire Growth","floor":45,"turns":5},{"damage":0,"enemies":"Sphere and 2 Shapes","floor":47,"turns":7},{"damage":33,"enemies":"Awakened One","floor":50,"turns":14},{"damage":72,"enemies":"Shield and Spear","floor":54,"turns":3}],"seed_played":"-1147246161948861142","potions_obtained":[{"floor":10.0,"key":"EssenceOfSteel"},{"floor":12.0,"key":"FocusPotion"},{"floor":14.0,"key":"EssenceOfSteel"}],"is_trial":false,"path_per_floor":["M","?","?","$","M","R","E","R","T","M","T","M","$","E","R","B",null,"M","M","$","M","M","R","M","R","T","M","R","M","E","?","R","B",null,"M","M","?","M","$","E","R","$","T","E","M","R","M","$","R","B",null,"R","$","E"],"character_chosen":"DEFECT","items_purchased":["Streamline","Juzu Bracelet","DollysMirror","Lee\u0027s Waffle"],"campfire_rested":2,"item_purchase_floors":[4,20,39,48],"current_hp_per_floor":[54,54,54,54,54,54,40,40,40,40,40,30,30,30,30,20,57,57,57,57,57,57,57,37,57,57,42,42,35,16,16,36,36,61,61,61,61,61,61,61,61,61,61,50,50,50,50,76,76,43,68,68,68,0],"gold":93,"neow_bonus":"BOSS_RELIC","is_prod":false,"is_daily":false,"chose_seed":false,"campfire_upgraded":8,"win_rate":0,"timestamp":1553777704,"path_taken":["M","?","?","$","M","R","E","R","T","M","?","M","$","E","R","BOSS","M","?","$","M","M","R","M","R","T","M","R","M","E","?","R","BOSS","M","M","?","M","$","E","R","?","T","E","M","R","M","$","R","BOSS","R","$","E"],"build_version":"2019-01-23","purchased_purges":2,"victory":false,"max_hp_per_floor":[75,75,69,69,69,69,69,69,69,69,69,69,69,69,69,69,69,69,69,69,69,69,69,69,69,69,69,69,69,69,69,69,69,69,69,69,69,69,69,69,69,69,69,69,69,69,69,76,76,76,76,76,76,76],"card_choices":[{"not_picked":["Beam Cell","Hologram","Coolheaded"],"picked":"SKIP","floor":1.0},{"not_picked":["BootSequence","Stack"],"picked":"Consume","floor":5.0},{"not_picked":["Steam","Gash"],"picked":"Electrodynamics","floor":7.0},{"not_picked":["Cold Snap","Sunder","Gash"],"picked":"SKIP","floor":10.0},{"not_picked":["Sunder","Rebound","Steam"],"picked":"SKIP","floor":12.0},{"not_picked":["Hello World","White Noise"],"picked":"Loop","floor":14.0},{"not_picked":["Creative AI","Hyperbeam"],"picked":"Rainbow","floor":16.0},{"not_picked":["Leap","Go for the Eyes"],"picked":"Chaos","floor":18.0},{"not_picked":["Static Discharge+1","Steam Power"],"picked":"Conserve Battery","floor":19.0},{"not_picked":["Melter","Go for the Eyes","Storm+1"],"picked":"SKIP","floor":21.0},{"not_picked":["Hologram","Streamline","Heatsinks"],"picked":"SKIP","floor":22.0},{"not_picked":["Stack+1","Steam+1"],"picked":"Capacitor","floor":24.0},{"not_picked":["Rip and Tear","Go for the Eyes","Rainbow"],"picked":"SKIP","floor":27.0},{"not_picked":["Turbo","Genetic Algorithm+1","Compile Driver+1"],"picked":"SKIP","floor":29.0},{"not_picked":["Hologram","Amplify"],"picked":"Reinforced Body","floor":30.0},{"not_picked":["Seek","Buffer"],"picked":"Reboot","floor":33.0},{"not_picked":["Self Repair","Conserve Battery+1"],"picked":"Redo+1","floor":35.0},{"not_picked":["Coolheaded","Chaos+1","Compile Driver"],"picked":"SKIP","floor":36.0},{"not_picked":["Compile Driver+1","Hyperbeam"],"picked":"Darkness","floor":38},{"not_picked":["Redo","Ball Lightning+1","Tempest"],"picked":"SKIP","floor":40},{"not_picked":["Chaos","Sweeping Beam"],"picked":"Reinforced Body+1","floor":44},{"not_picked":["Storm","Coolheaded+1"],"picked":"Redo+1","floor":45},{"not_picked":["Aggregate+1","Sunder","Conserve Battery"],"picked":"SKIP","floor":47}],"player_experience":160801,"relics_obtained":[{"floor":7.0,"key":"Bag of Preparation"},{"floor":9.0,"key":"Vajra"},{"floor":11.0,"key":"Nunchaku"},{"floor":14.0,"key":"Unceasing Top"},{"floor":26.0,"key":"PreservedInsect"},{"floor":30.0,"key":"Thread and Needle"},{"floor":40,"key":"Anchor"},{"floor":44,"key":"Oddly Smooth Stone"}],"event_choices":[{"cards_removed":["Force Field"],"damage_healed":0.0,"max_hp_gain":0.0,"max_hp_loss":0.0,"gold_gain":0.0,"event_name":"The Cleric","player_choice":"Card Removal","floor":2.0,"gold_loss":50.0,"damage_taken":0.0},{"damage_healed":0.0,"max_hp_gain":0.0,"max_hp_loss":6.0,"gold_gain":0.0,"event_name":"Golden Idol","player_choice":"Lose Max HP","floor":3.0,"gold_loss":0.0,"damage_taken":0.0,"relics_obtained":["Golden Idol"]},{"damage_healed":0.0,"max_hp_gain":0.0,"max_hp_loss":0.0,"gold_gain":0.0,"event_name":"Vampires","player_choice":"Ignored","floor":31.0,"gold_loss":0.0,"damage_taken":0.0},{"damage_healed":0.0,"max_hp_gain":0.0,"max_hp_loss":0.0,"gold_gain":0.0,"event_name":"SecretPortal","player_choice":"Ignored","floor":37.0,"gold_loss":0.0,"damage_taken":0.0}],"is_beta":false,"boss_relics":[{"not_picked":["Eternal Feather","Lizard Tail"],"picked":"Sozu"},{"not_picked":["Tiny House","Astrolabe"],"picked":"Runic Dome"}],"items_purged_floors":[39,42],"is_endless":false,"potions_floor_spawned":[10,12,14,21,22,24,33,38,40,44],"killed_by":"Shield and Spear","ascension_level":8}