{"gold_per_floor":[211,228,228,17,33,65,79,79,133,168,168,168,133,147,147,147],"floor_reached":16,"playtime":594,"items_purged":["Strike_R"],"score":220,"play_id":"cc16ddcd-e532-4fac-bae1-8c411db887f2","local_time":"20190530154739","is_ascension_mode":true,"campfire_choices":[{"data":"True Grit","floor":8,"key":"SMITH"},{"data":"Cleave","floor":12,"key":"SMITH"},{"data":"Bash","floor":15,"key":"SMITH"}],"neow_cost":"NONE","seed_source_timestamp":1115615587951432,"circlet_count":0,"master_deck":["AscendersBane","Strike_R","Strike_R","Strike_R","Strike_R","Defend_R","Defend_R","Defend_R","Bash+1","Cleave+1","Iron Wave","True Grit+1","Thunderclap","Cleave","Second Wind","Shockwave+1","Shrug It Off+1"],"special_seed":0,"relics":["Burning Blood","Mummified Hand","Potion Belt","War Paint"],"potions_floor_usage":[6,14,16,16],"damage_taken":[{"damage":0.0,"enemies":"2 Louse","floor":1.0,"turns":4.0},{"damage":2,"enemies":"Cultist","floor":2,"turns":4},{"damage":0,"enemies":"Small Slimes","floor":5,"turns":2},{"damage":27,"enemies":"Gremlin Nob","floor":6,"turns":4},{"damage":12,"enemies":"Blue Slaver","floor":7,"turns":5},{"damage":35,"enemies":"3 Sentries","floor":10,"turns":5},{"damage":7,"enemies":"2 Fungi Beasts","floor":14,"turns":2},{"damage":36,"enemies":"Slime Boss","floor":16,"turns":8}],"seed_played":"3968332559457388592","potions_obtained":[{"floor":3,"key":"Fire Potion"},{"floor":3,"key":"SpeedPotion"},{"floor":7,"key":"PowerPotion"},{"floor":10,"key":"Poison Potion"}],"is_trial":false,"path_per_floor":["M","M","?","$","M","E","M","R","T","E","?","R","?","M","R","B"],"character_chosen":"IRONCLAD","items_purchased":["True Grit","Thunderclap","Cleave"],"campfire_rested":0,"item_purchase_floors":[4,4,4],"current_hp_per_floor":[74,75,75,75,75,54,48,48,48,19,12,12,30,29,29,0],"gold":147,"neow_bonus":"HUNDRED_GOLD","is_prod":false,"is_daily":false,"chose_seed":false,"campfire_upgraded":3,"win_rate":0,"timestamp":1559224059,"path_taken":["M","M","?","$","?","E","M","R","T","E","?","R","?","M","R","BOSS"],"build_version":"2019-01-23","purchased_purges":1,"victory":false,"max_hp_per_floor":[75,75,75,75,75,75,75,75,75,75,75,75,75,75,75,75],"card_choices":[{"not_picked":["Havoc","Sever Soul"],"picked":"Cleave","floor":1.0},{"not_picked":["Heavy Blade","Hemokinesis"],"picked":"Iron Wave","floor":2},{"not_picked":["Sword Boomerang","Clash","Armaments"],"picked":"SKIP","floor":5},{"not_picked":["Warcry","Limit Break"],"picked":"Second Wind","floor":6},{"not_picked":["Heavy Blade","Armaments"],"picked":"Shockwave","floor":7},{"not_picked":["Sever Soul","Thunderclap"],"picked":"Shrug It Off","floor":10},{"not_picked":["Pommel Strike","Sever Soul","Bloodletting"],"picked":"SKIP","floor":14}],"player_experience":464460,"relics_obtained":[{"floor":6,"key":"Mummified Hand"},{"floor":9,"key":"Potion Belt"},{"floor":10,"key":"War Paint"}],"event_choices":[{"damage_healed":0,"gold_gain":0,"player_choice":"Got Potions","damage_taken":0,"max_hp_gain":0,"max_hp_loss":0,"event_name":"Lab","floor":3,"gold_loss":0},{"cards_removed":["Defend_R"],"damage_healed":0,"gold_gain":0,"player_choice":"Card Removal","damage_taken":7,"max_hp_gain":0,"max_hp_loss":0,"event_name":"Golden Wing","floor":11,"gold_loss":0},{"damage_healed":18,"gold_gain":0,"player_choice":"Healed","damage_taken":0,"max_hp_gain":0,"max_hp_loss":0,"event_name":"The Cleric","floor":13,"gold_loss":35}],"is_beta":false,"boss_relics":[],"items_purged_floors":[4],"is_endless":false,"potions_floor_spawned":[7,10],"killed_by":"Slime Boss","ascension_level":20}