{"gold_per_floor":[210,210,230,79,92,124,124,151,151,151,151,167,180,214,214,214],"floor_reached":16,"playtime":394,"items_purged":["Decay"],"score":240,"play_id":"5c5b6e22-ebc3-4554-9f9c-daf96c833fc0","local_time":"20190517185014","is_ascension_mode":true,"campfire_choices":[{"data":"Beam Cell","floor":7.0,"key":"SMITH"},{"floor":15,"key":"DIG"}],"neow_cost":"NONE","seed_source_timestamp":3572178919999,"circlet_count":0,"master_deck":["AscendersBane","Strike_B","Strike_B","Strike_B","Strike_B","Defend_B","Defend_B","Defend_B","Defend_B","Zap","Dualcast","BootSequence","Beam Cell+1","Rip and Tear","Melter","Sweeping Beam","Chill","Coolheaded"],"special_seed":0,"relics":["Cracked Core","Potion Belt","Shovel","Dodecahedron","Singing Bowl","Ginger","Peace Pipe","Juzu Bracelet"],"potions_floor_usage":[14,16,16],"damage_taken":[{"damage":9.0,"enemies":"Jaw Worm","floor":1.0,"turns":4.0},{"damage":3.0,"enemies":"Cultist","floor":3.0,"turns":3.0},{"damage":0.0,"enemies":"2 Louse","floor":5.0,"turns":2.0},{"damage":8.0,"enemies":"Gremlin Nob","floor":6.0,"turns":3.0},{"damage":5.0,"enemies":"3 Sentries","floor":8.0,"turns":5.0},{"damage":13,"enemies":"Exordium Wildlife","floor":12,"turns":4},{"damage":0,"enemies":"3 Louse","floor":13,"turns":2},{"damage":5,"enemies":"Gremlin Nob","floor":14,"turns":3},{"damage":31,"enemies":"Slime Boss","floor":16,"turns":7}],"seed_played":"-1346311038502563837","potions_obtained":[{"floor":3.0,"key":"Fire Potion"},{"floor":5.0,"key":"Explosive Potion"},{"floor":8.0,"key":"PowerPotion"},{"floor":12,"key":"GamblersBrew"},{"floor":14,"key":"SpeedPotion"}],"is_trial":false,"path_per_floor":["M","?","M","$","M","E","R","E","T","?","T","M","M","E","R","B"],"character_chosen":"DEFECT","items_purchased":["Rip and Tear"],"campfire_rested":0,"item_purchase_floors":[4],"current_hp_per_floor":[55,55,52,52,52,44,44,39,39,39,39,26,28,25,25,0],"gold":214,"neow_bonus":"HUNDRED_GOLD","is_prod":false,"is_daily":false,"chose_seed":false,"campfire_upgraded":1,"win_rate":0,"timestamp":1558111814,"path_taken":["M","?","M","$","?","E","R","E","T","?","?","M","M","E","R","BOSS"],"build_version":"2019-05-07","purchased_purges":1,"victory":false,"max_hp_per_floor":[71,71,71,71,71,71,71,71,71,71,71,71,73,75,75,75],"card_choices":[{"not_picked":["Hologram","Redo"],"picked":"BootSequence","floor":1.0},{"not_picked":["Force Field","Barrage"],"picked":"Beam Cell","floor":3.0},{"not_picked":["Fusion","Compile Driver"],"picked":"Melter","floor":5.0},{"not_picked":["Go for the Eyes","Leap"],"picked":"Sweeping Beam","floor":6.0},{"not_picked":["Auto Shields","Recycle"],"picked":"Chill","floor":8.0},{"not_picked":["Recycle","Steam"],"picked":"Coolheaded","floor":12},{"not_picked":["Conserve Battery","Reinforced Body","Coolheaded"],"picked":"Singing Bowl","floor":13},{"not_picked":["Steam","Multi-Cast","Beam Cell"],"picked":"Singing Bowl","floor":14}],"player_experience":1550436,"relics_obtained":[{"floor":6.0,"key":"Potion Belt"},{"floor":8.0,"key":"Shovel"},{"floor":9.0,"key":"Dodecahedron"},{"floor":11,"key":"Ginger"},{"floor":14,"key":"Peace Pipe"},{"floor":15,"key":"Juzu Bracelet"}],"event_choices":[{"damage_healed":0.0,"max_hp_gain":0.0,"max_hp_loss":0.0,"gold_gain":0.0,"event_name":"Wheel of Change","player_choice":"Cursed","floor":2.0,"gold_loss":0.0,"damage_taken":0.0,"cards_obtained":["Decay"]},{"damage_healed":0,"gold_gain":0,"player_choice":"Searched \u00271\u0027 times","damage_taken":0,"relics_obtained":["Singing Bowl"],"max_hp_gain":0,"max_hp_loss":0,"event_name":"Dead Adventurer","floor":10,"gold_loss":0}],"is_beta":true,"boss_relics":[],"items_purged_floors":[4],"is_endless":false,"potions_floor_spawned":[3,5,8,12,14],"killed_by":"Slime Boss","ascension_level":20}