{"gold_per_floor":[115,44,60,60,60,90,100,132,156,176,195,227,302,7,7,102,102,120,140,45,65,80,105,120,148,148,148,148,148,158,67,67,165,165,185,196,296,313,329,362,362,394,394,420,447,447,466,498,498,498,498,498,5,36,36],"floor_reached":55,"playtime":2272,"items_purged":["Strike_B","Zap"],"score":913,"play_id":"819e2e42-6724-4356-9f04-4807b809089f","local_time":"20190521182742","is_ascension_mode":true,"campfire_choices":[{"data":"Fission","floor":15.0,"key":"SMITH"},{"data":"Hologram","floor":28.0,"key":"SMITH"},{"floor":32.0,"key":"REST"},{"data":"Fusion","floor":41.0,"key":"SMITH"},{"floor":49,"key":"RECALL"},{"data":"Defragment","floor":52,"key":"SMITH"}],"neow_cost":"NONE","seed_source_timestamp":3093464996271,"circlet_count":0,"master_deck":["Defend_B","Defend_B","Defend_B","Defend_B","Dualcast","Cold Snap","Glacier+1","Ball Lightning+1","Rip and Tear+1","Fusion+1","Scrape","Creative AI","Turbo+1","Fission+1","All For One","Rip and Tear+1","Creative AI+1","Leap+1","Go for the Eyes+1","FTL","Beam Cell","Go for the Eyes","Coolheaded","Go for the Eyes+1","Hologram+1","Gash","Scrape","Impatience","Meteor Strike","Self Repair+1","Steam Power","Turbo+1","Compile Driver","Defragment+1","Coolheaded+1","Trip","Mayhem","Compile Driver","Compile Driver+1"],"special_seed":0,"relics":["Cracked Core","Pen Nib","Blood Vial","Shuriken","Orichalcum","Juzu Bracelet","Smiling Mask","Cables","Astrolabe","Peace Pipe","Whetstone","Gambling Chip","Enchiridion","Inserter","Thread and Needle","Centennial Puzzle","PreservedInsect","Strawberry","Boot","Bronze Scales","Vajra","Anchor","Toolbox","War Paint"],"potions_floor_usage":[55],"damage_taken":[{"damage":0.0,"enemies":"2 Louse","floor":1.0,"turns":3.0},{"damage":0.0,"enemies":"Cultist","floor":3.0,"turns":3.0},{"damage":23.0,"enemies":"Lagavulin","floor":6.0,"turns":8.0},{"damage":1.0,"enemies":"Jaw Worm","floor":7.0,"turns":2.0},{"damage":16.0,"enemies":"Gremlin Nob","floor":8.0,"turns":3.0},{"damage":8.0,"enemies":"Blue Slaver","floor":10.0,"turns":3.0},{"damage":0.0,"enemies":"Exordium Wildlife","floor":11.0,"turns":4.0},{"damage":10.0,"enemies":"3 Sentries","floor":12.0,"turns":7.0},{"damage":8.0,"enemies":"Hexaghost","floor":16.0,"turns":8.0},{"damage":10.0,"enemies":"Chosen","floor":18.0,"turns":5.0},{"damage":0.0,"enemies":"Spheric Guardian","floor":19.0,"turns":3.0},{"damage":0.0,"enemies":"Cultist and Chosen","floor":21.0,"turns":5.0},{"damage":7.0,"enemies":"Snake Plant","floor":22.0,"turns":3.0},{"damage":12.0,"enemies":"Book of Stabbing","floor":23.0,"turns":6.0},{"damage":2.0,"enemies":"Centurion and Healer","floor":24.0,"turns":5.0},{"damage":17.0,"enemies":"Slavers","floor":25.0,"turns":4.0},{"damage":0.0,"enemies":"Cultist and Chosen","floor":30.0,"turns":3.0},{"damage":27.0,"enemies":"Collector","floor":33.0,"turns":7.0},{"damage":14.0,"enemies":"3 Darklings","floor":35.0,"turns":4.0},{"damage":0.0,"enemies":"3 Shapes","floor":36.0,"turns":8.0},{"damage":4.0,"enemies":"Mind Bloom Boss Battle","floor":37.0,"turns":7.0},{"damage":2.0,"enemies":"Jaw Worm Horde","floor":38.0,"turns":6.0},{"damage":9.0,"enemies":"4 Shapes","floor":39.0,"turns":2.0},{"damage":23.0,"enemies":"Nemesis","floor":40.0,"turns":5.0},{"damage":32.0,"enemies":"Reptomancer","floor":42.0,"turns":7.0},{"damage":1,"enemies":"Giant Head","floor":45,"turns":4},{"damage":5,"enemies":"Sphere and 2 Shapes","floor":47,"turns":3},{"damage":23,"enemies":"Reptomancer","floor":48,"turns":4},{"damage":47,"enemies":"Awakened One","floor":50,"turns":10},{"damage":17,"enemies":"Shield and Spear","floor":54,"turns":4},{"damage":95,"enemies":"The Heart","floor":55,"turns":5}],"seed_played":"-6372207927198003636","potions_obtained":[{"floor":3.0,"key":"SneckoOil"},{"floor":6.0,"key":"Energy Potion"},{"floor":8.0,"key":"LiquidBronze"},{"floor":16.0,"key":"SpeedPotion"},{"floor":18.0,"key":"EssenceOfSteel"},{"floor":21.0,"key":"Regen Potion"},{"floor":24.0,"key":"SpeedPotion"},{"floor":47,"key":"FearPotion"}],"is_trial":false,"path_per_floor":["M","$","M","?","?","E","M","E","T","M","M","E","?","$","R","B",null,"M","M","$","M","M","E","M","E","T","?","R","?","M","$","R","B",null,"M","M","?","M","M","E","R","E","T","T","E","?","M","E","R","B",null,"R","$","E","B"],"character_chosen":"DEFECT","items_purchased":["Glacier","Cables","Beam Cell","Impatience","Vajra","Anchor","Toolbox"],"campfire_rested":1,"item_purchase_floors":[2,14,20,31,53,53,53],"current_hp_per_floor":[82,82,82,70,70,49,50,36,36,30,32,24,13,13,13,7,82,72,74,74,76,79,69,69,54,54,38,38,22,24,24,50,25,87,73,85,87,87,87,74,74,54,54,61,72,67,74,53,53,18,94,94,94,77,0],"gold":36,"neow_bonus":"TEN_PERCENT_HP_BONUS","is_prod":false,"is_daily":false,"chose_seed":false,"campfire_upgraded":4,"win_rate":0,"timestamp":1558456062,"path_taken":["M","$","M","?","?","E","M","E","T","M","M","E","?","$","R","BOSS","M","M","$","M","M","E","M","E","T","?","R","?","M","?","R","BOSS","M","M","?","M","M","E","R","E","T","?","E","?","M","E","R","BOSS","R","$","E","BOSS"],"build_version":"2019-05-07","purchased_purges":2,"victory":false,"max_hp_per_floor":[82,82,82,82,82,82,82,82,82,82,82,82,82,82,82,82,82,82,82,82,82,82,82,82,82,82,87,87,87,87,87,87,87,87,87,87,87,87,87,87,87,87,87,94,94,94,94,94,94,94,94,94,94,94,94],"card_choices":[{"not_picked":["Coolheaded","Redo"],"picked":"Cold Snap","floor":1.0},{"not_picked":["Compile Driver","Barrage"],"picked":"Ball Lightning","floor":3.0},{"not_picked":["Darkness","Loop"],"picked":"Rip and Tear","floor":6.0},{"not_picked":["Compile Driver","Hologram"],"picked":"Fusion","floor":7.0},{"not_picked":["Force Field","Heatsinks"],"picked":"Scrape","floor":8.0},{"not_picked":["Ball Lightning","Steam"],"picked":"Creative AI","floor":10.0},{"not_picked":["Redo","Leap"],"picked":"Turbo","floor":11.0},{"not_picked":["Conserve Battery","Sweeping Beam"],"picked":"Fission","floor":12.0},{"not_picked":["Multi-Cast","Hyperbeam"],"picked":"All For One","floor":16.0},{"not_picked":["Coolheaded","Redo"],"picked":"Go for the Eyes+1","floor":18.0},{"not_picked":["Go for the Eyes","Glacier"],"picked":"FTL","floor":19.0},{"not_picked":["Blizzard+1","Stack+1"],"picked":"Go for the Eyes","floor":21.0},{"not_picked":["Aggregate","Streamline"],"picked":"Coolheaded","floor":22.0},{"not_picked":["Barrage","Conserve Battery+1"],"picked":"Go for the Eyes+1","floor":23.0},{"not_picked":["Hello World+1","Turbo"],"picked":"Hologram","floor":24.0},{"not_picked":["Hyperbeam","Reinforced Body"],"picked":"Gash","floor":25.0},{"not_picked":["Darkness+1","Rip and Tear"],"picked":"Scrape","floor":30.0},{"not_picked":["Core Surge","Fission"],"picked":"Meteor Strike","floor":33.0},{"not_picked":["Coolheaded+1","Streamline+1"],"picked":"Self Repair+1","floor":35.0},{"not_picked":["Reinforced Body+1","Turbo"],"picked":"Steam Power","floor":36.0},{"not_picked":["Reinforced Body+1","Steam+1"],"picked":"Turbo+1","floor":37.0},{"not_picked":["Rebound+1","Rip and Tear+1","Turbo"],"picked":"SKIP","floor":38.0},{"not_picked":["Sweeping Beam","Gash"],"picked":"Compile Driver","floor":39.0},{"not_picked":["Ball Lightning+1","Blizzard","White Noise"],"picked":"SKIP","floor":40.0},{"not_picked":["Leap","Ball Lightning+1"],"picked":"Defragment","floor":42.0},{"not_picked":["Self Repair","Heatsinks"],"picked":"Coolheaded+1","floor":45},{"not_picked":["Mind Blast","Discovery"],"picked":"Trip","floor":46},{"not_picked":["Blind","Jack Of All Trades"],"picked":"Mayhem","floor":46},{"not_picked":["Beam Cell","Stack+1"],"picked":"Compile Driver","floor":47},{"not_picked":["Beam Cell+1","Tempest+1","Redo+1"],"picked":"SKIP","floor":48},{"not_picked":["Chaos","Conserve Battery"],"picked":"Compile Driver+1","floor":54}],"player_experience":1578065,"relics_obtained":[{"floor":6.0,"key":"Shuriken"},{"floor":8.0,"key":"Orichalcum"},{"floor":9.0,"key":"Juzu Bracelet"},{"floor":12.0,"key":"Smiling Mask"},{"floor":23.0,"key":"Peace Pipe"},{"floor":25.0,"key":"Whetstone"},{"floor":26.0,"key":"Gambling Chip"},{"floor":29.0,"key":"Enchiridion"},{"floor":37.0,"key":"Thread and Needle"},{"floor":40.0,"key":"Centennial Puzzle"},{"floor":42.0,"key":"PreservedInsect"},{"floor":44,"key":"Strawberry"},{"floor":45,"key":"Boot"},{"floor":48,"key":"Bronze Scales"},{"floor":54,"key":"War Paint"}],"event_choices":[{"damage_healed":0.0,"max_hp_gain":0.0,"max_hp_loss":0.0,"gold_gain":0.0,"event_name":"Scrap Ooze","player_choice":"Success","floor":4.0,"gold_loss":0.0,"damage_taken":12.0,"relics_obtained":["Pen Nib"]},{"damage_healed":0.0,"max_hp_gain":0.0,"max_hp_loss":0.0,"gold_gain":0.0,"event_name":"WeMeetAgain","player_choice":"Gave Potion","floor":5.0,"gold_loss":0.0,"damage_taken":0.0,"relics_obtained":["Blood Vial"]},{"damage_healed":0.0,"max_hp_gain":0.0,"max_hp_loss":0.0,"gold_gain":75.0,"event_name":"World of Goop","player_choice":"Gather Gold","floor":13.0,"gold_loss":0.0,"damage_taken":11.0},{"damage_healed":0.0,"max_hp_gain":5.0,"max_hp_loss":0.0,"gold_gain":0.0,"event_name":"Forgotten Altar","player_choice":"Shed Blood","floor":27.0,"gold_loss":0.0,"damage_taken":21.0},{"damage_healed":0.0,"max_hp_gain":0.0,"max_hp_loss":0.0,"gold_gain":0.0,"event_name":"Cursed Tome","player_choice":"Obtained Book","floor":29.0,"gold_loss":0.0,"damage_taken":16.0},{"damage_healed":0.0,"max_hp_gain":0.0,"max_hp_loss":0.0,"gold_gain":0.0,"event_name":"MindBloom","player_choice":"Fight","floor":37.0,"gold_loss":0.0,"damage_taken":0.0},{"damage_healed":0,"gold_gain":0,"player_choice":"Memory 2","damage_taken":5,"max_hp_gain":0,"max_hp_loss":0,"event_name":"SensoryStone","floor":46,"gold_loss":0}],"is_beta":true,"boss_relics":[{"not_picked":["Runic Dome","Tiny House"],"picked":"Astrolabe"},{"not_picked":["Orrery","Velvet Choker"],"picked":"Inserter"}],"items_purged_floors":[14,20],"is_endless":false,"potions_floor_spawned":[3,6,8,16,18,21,24,30,39,40,42,45,47,48],"killed_by":"The Heart","ascension_level":1}