{"gold_per_floor":[118,118,128,142,48,82,82,82,131,159,178,195,195,69,69,140,140,118,18,18],"floor_reached":20,"playtime":588,"items_purged":["Strike_B","Strike_B"],"score":346,"play_id":"d17a7c9b-03f7-4aec-8981-a372c9d11fa4","local_time":"20190609174518","is_ascension_mode":true,"campfire_choices":[{"data":"Zap","floor":7,"key":"SMITH"},{"data":"Capacitor","floor":13,"key":"SMITH"},{"data":"Hologram","floor":15,"key":"SMITH"}],"neow_cost":"NONE","seed_source_timestamp":14473240527792,"circlet_count":0,"master_deck":["AscendersBane","Strike_B","Defend_B","Defend_B","Defend_B","Defend_B","Zap+1","Dualcast","Cold Snap","Streamline+1","Hologram+1","Gash","Static Discharge","Ball Lightning","Glacier","Capacitor+1","Gash","Machine Learning","Coolheaded"],"relics":["Cracked Core","NeowsBlessing","Happy Flower","Oddly Smooth Stone","Strawberry","Coffee Dripper"],"potions_floor_usage":[6,18],"damage_taken":[{"damage":0,"enemies":"Jaw Worm","floor":1,"turns":1},{"damage":0,"enemies":"Cultist","floor":3,"turns":1},{"damage":0,"enemies":"Small Slimes","floor":4,"turns":1},{"damage":6,"enemies":"Gremlin Nob","floor":6,"turns":3},{"damage":22,"enemies":"Lagavulin","floor":10,"turns":6},{"damage":4,"enemies":"2 Fungi Beasts","floor":11,"turns":3},{"damage":0,"enemies":"Exordium Wildlife","floor":12,"turns":2},{"damage":6,"enemies":"Hexaghost","floor":16,"turns":9},{"damage":9,"enemies":"2 Thieves","floor":18,"turns":4},{"damage":16,"enemies":"Colosseum Slavers","floor":20,"turns":5},{"damage":57,"enemies":"Colosseum Nobs","floor":20,"turns":3}],"seed_played":"861711434382556320","potions_obtained":[{"floor":3,"key":"Poison Potion"},{"floor":11,"key":"Weak Potion"}],"is_trial":false,"path_per_floor":["M","?","M","M","$","E","R","?","T","E","M","M","R","$","R","B",null,"M","$","?"],"character_chosen":"DEFECT","items_purchased":["Gash","Static Discharge","Gash"],"campfire_rested":0,"item_purchase_floors":[5,5,14],"current_hp_per_floor":[64,64,64,64,64,58,58,58,58,43,39,39,39,39,39,33,67,58,58,0],"gold":18,"neow_bonus":"THREE_ENEMY_KILL","is_prod":false,"is_daily":false,"chose_seed":false,"campfire_upgraded":3,"win_rate":0,"timestamp":1560095118,"path_taken":["M","?","?","M","$","E","R","?","T","E","M","M","R","$","R","BOSS","M","$","?"],"build_version":"2019-01-23","purchased_purges":2,"victory":false,"max_hp_per_floor":[71,71,71,71,71,71,71,71,71,78,78,78,78,78,78,78,78,78,78,78],"card_choices":[{"not_picked":["Turbo","Double Energy"],"picked":"Cold Snap","floor":1},{"not_picked":["Compile Driver","Rip and Tear"],"picked":"Streamline","floor":3},{"not_picked":["Stack","Steam"],"picked":"Hologram","floor":4},{"not_picked":["Streamline","Darkness"],"picked":"Ball Lightning","floor":6},{"not_picked":["Redo","Multi-Cast"],"picked":"Glacier","floor":10},{"not_picked":["Sweeping Beam","Sunder"],"picked":"Capacitor","floor":11},{"not_picked":["Compile Driver","Heatsinks","Melter"],"picked":"SKIP","floor":12},{"not_picked":["Fission","All For One"],"picked":"Machine Learning","floor":16},{"not_picked":["Cold Snap","Fusion"],"picked":"Coolheaded","floor":18}],"player_experience":550469,"relics_obtained":[{"floor":6,"key":"Happy Flower"},{"floor":9,"key":"Oddly Smooth Stone"},{"floor":10,"key":"Strawberry"}],"event_choices":[{"cards_removed":["Strike_B"],"damage_healed":0,"gold_gain":0,"player_choice":"Offered Basic","damage_taken":0,"max_hp_gain":0,"max_hp_loss":0,"event_name":"Bonfire Elementals","floor":2,"gold_loss":0},{"damage_healed":0,"gold_gain":0,"player_choice":"Grow","damage_taken":0,"max_hp_gain":0,"max_hp_loss":0,"event_name":"Living Wall","floor":8,"gold_loss":0,"cards_upgraded":["Streamline"]},{"damage_healed":0,"gold_gain":0,"player_choice":"Fight","damage_taken":0,"max_hp_gain":0,"max_hp_loss":0,"event_name":"Colosseum","floor":20,"gold_loss":0},{"damage_healed":0,"gold_gain":0,"player_choice":"Fought Nobs","damage_taken":0,"max_hp_gain":0,"max_hp_loss":0,"event_name":"Colosseum","floor":20,"gold_loss":0}],"is_beta":false,"boss_relics":[{"not_picked":["Black Star","Empty Cage"],"picked":"Coffee Dripper"}],"items_purged_floors":[14,19],"is_endless":false,"potions_floor_spawned":[3,11,20],"killed_by":"Colosseum Nobs","ascension_level":18}