{"gold_per_floor":[111,121,16,34,51,51,77,103,103,115,115,147,163,238,238,334,334,334,115,40,40,40,40,40,40,40,40,40,40,40,40,40,40,40,40,40,40,40,0,0,0,0,0,0,0,0,0,0,0,0],"floor_reached":51,"playtime":3610,"items_purged":["Strike_G"],"score":945,"play_id":"67c6d801-1fea-478c-b8bd-8c5015c2b4c3","local_time":"20190515184414","is_ascension_mode":true,"campfire_choices":[{"data":"A Thousand Cuts","floor":6,"key":"SMITH"},{"floor":11,"key":"REST"},{"floor":15,"key":"REST"},{"data":"Choke","floor":24,"key":"SMITH"},{"data":"Accuracy","floor":29,"key":"SMITH"},{"floor":32,"key":"REST"},{"data":"Strike_G","floor":40,"key":"PURGE"},{"data":"Strike_G","floor":42,"key":"PURGE"},{"floor":45,"key":"REST"},{"data":"Strike_G","floor":49,"key":"PURGE"}],"neow_cost":"NONE","seed_source_timestamp":1006624652586800,"circlet_count":0,"master_deck":["Defend_G","Defend_G","Defend_G","Defend_G","Survivor","Neutralize","A Thousand Cuts+1","Dash","PiercingWail","Accuracy+1","Cloak And Dagger","Well Laid Plans","Acrobatics+1","Dagger Spray","Escape Plan+1","Sucker Punch","Wraith Form v2","Cloak And Dagger+1","Blade Dance+1","Cloak And Dagger+1","Choke+1","Backflip+1","Blade Dance+1","Adrenaline+1","Prepared+1","Storm of Steel+1","Terror+1","Footwork+1"],"relics":["Ring of the Snake","Toxic Egg 2","Odd Mushroom","Gambling Chip","FossilizedHelix","Ectoplasm","Omamori","Meat on the Bone","Frozen Egg 2","Mercury Hourglass","Lizard Tail","Peace Pipe","Red Mask","The Specimen","Letter Opener","Bottled Flame","Ancient Tea Set"],"potions_floor_usage":[8,16,38,50,50],"damage_taken":[{"damage":2,"enemies":"Small Slimes","floor":1,"turns":6},{"damage":2,"enemies":"2 Louse","floor":2,"turns":4},{"damage":0,"enemies":"Jaw Worm","floor":4,"turns":4},{"damage":4,"enemies":"2 Fungi Beasts","floor":5,"turns":4},{"damage":17,"enemies":"3 Sentries","floor":7,"turns":7},{"damage":5,"enemies":"The Mushroom Lair","floor":8,"turns":3},{"damage":6,"enemies":"3 Louse","floor":10,"turns":4},{"damage":13,"enemies":"Lagavulin","floor":12,"turns":6},{"damage":1,"enemies":"Looter","floor":13,"turns":3},{"damage":19,"enemies":"The Guardian","floor":16,"turns":12},{"damage":1,"enemies":"Spheric Guardian","floor":18,"turns":4},{"damage":0,"enemies":"Chosen","floor":21,"turns":3},{"damage":0,"enemies":"Gremlin Leader","floor":23,"turns":5},{"damage":8,"enemies":"Book of Stabbing","floor":25,"turns":5},{"damage":1,"enemies":"Centurion and Healer","floor":27,"turns":6},{"damage":36,"enemies":"Automaton","floor":33,"turns":9},{"damage":0,"enemies":"Orb Walker","floor":35,"turns":2},{"damage":4,"enemies":"3 Darklings","floor":36,"turns":3},{"damage":0,"enemies":"4 Shapes","floor":37,"turns":5},{"damage":4,"enemies":"2 Orb Walkers","floor":38,"turns":5},{"damage":22,"enemies":"Nemesis","floor":41,"turns":9},{"damage":14,"enemies":"Reptomancer","floor":44,"turns":5},{"damage":7,"enemies":"Nemesis","floor":46,"turns":5},{"damage":0,"enemies":"Writhing Mass","floor":47,"turns":6},{"damage":44,"enemies":"Awakened One","floor":50,"turns":11}],"seed_played":"363998931900408154","potions_obtained":[{"floor":1,"key":"Dexterity Potion"},{"floor":2,"key":"Strength Potion"},{"floor":4,"key":"GhostInAJar"},{"floor":13,"key":"Swift Potion"},{"floor":16,"key":"Explosive Potion"},{"floor":25,"key":"Regen Potion"},{"floor":35,"key":"Ancient Potion"},{"floor":44,"key":"Strength Potion"}],"is_trial":false,"path_per_floor":["M","M","$","M","M","R","E","?","T","M","R","E","M","?","R","B",null,"M","$","?","M","?","E","R","E","T","M","$","R","?","T","R","B",null,"M","M","M","?","?","R","E","R","T","E","R","E","M","?","R","B",null],"character_chosen":"THE_SILENT","items_purchased":["Accuracy","Cloak And Dagger","Blade Dance+1","Cloak And Dagger+1","Choke"],"campfire_rested":4,"item_purchase_floors":[3,3,19,19,19],"current_hp_per_floor":[68,66,66,66,62,62,45,40,40,34,55,42,41,30,51,32,61,60,60,60,60,60,60,60,52,52,51,51,51,38,38,60,36,65,65,61,61,57,57,57,47,47,47,45,67,60,60,60,60,28],"gold":0,"neow_bonus":"ONE_RANDOM_RARE_CARD","is_prod":false,"is_daily":false,"chose_seed":false,"campfire_upgraded":3,"win_rate":0,"timestamp":1557971054,"path_taken":["M","M","$","M","M","R","E","?","T","M","R","E","M","?","R","BOSS","M","$","?","M","?","E","R","E","T","M","$","R","?","?","R","BOSS","M","M","M","?","?","R","E","R","T","E","R","E","M","?","R","BOSS"],"build_version":"2019-01-23","purchased_purges":1,"victory":true,"max_hp_per_floor":[70,70,70,70,70,70,70,70,70,70,70,70,70,70,70,70,70,70,70,70,70,70,70,70,70,70,70,70,70,75,75,75,75,75,75,75,75,75,75,75,75,75,75,75,75,75,75,75,75,75],"card_choices":[{"not_picked":["Outmaneuver","Underhanded Strike"],"picked":"Dash","floor":1},{"not_picked":["Underhanded Strike","Concentrate"],"picked":"PiercingWail","floor":2},{"not_picked":["Underhanded Strike","Leg Sweep","Tactician"],"picked":"SKIP","floor":4},{"not_picked":["Underhanded Strike","Dodge and Roll"],"picked":"Well Laid Plans","floor":5},{"not_picked":["Tactician","Underhanded Strike","Outmaneuver"],"picked":"SKIP","floor":7},{"not_picked":["Tactician","Underhanded Strike","Outmaneuver"],"picked":"SKIP","floor":7},{"not_picked":["Poisoned Stab","Slice"],"picked":"Acrobatics+1","floor":8},{"not_picked":["Catalyst+1","Poisoned Stab"],"picked":"Dagger Spray","floor":10},{"not_picked":["Leg Sweep+1","Expertise+1"],"picked":"Escape Plan+1","floor":12},{"not_picked":["Dagger Spray","Poisoned Stab"],"picked":"Sucker Punch","floor":13},{"not_picked":["Grand Finale","Doppelganger+1"],"picked":"Wraith Form v2","floor":16},{"not_picked":["Eviscerate","Reflex+1"],"picked":"Cloak And Dagger+1","floor":18},{"not_picked":["Flying Knee+1","Cloak And Dagger+1"],"picked":"Backflip+1","floor":21},{"not_picked":["Dagger Spray","Dodge and Roll+1","Acrobatics+1"],"picked":"SKIP","floor":23},{"not_picked":["Catalyst+1","Well Laid Plans"],"picked":"Blade Dance+1","floor":25},{"not_picked":["Bane","Flying Knee","Deadly Poison+1"],"picked":"SKIP","floor":27},{"not_picked":["Grand Finale","Malaise+1"],"picked":"Adrenaline+1","floor":33},{"not_picked":["Dodge and Roll+1","Backstab+1"],"picked":"Prepared+1","floor":35},{"not_picked":["Prepared+1","Flechettes","Expertise+1"],"picked":"SKIP","floor":36},{"not_picked":["Dagger Throw","Slice"],"picked":"Storm of Steel+1","floor":37},{"not_picked":["Dagger Throw","Dagger Spray"],"picked":"Terror+1","floor":38},{"not_picked":["Eviscerate+1","Backflip+1","Skewer"],"picked":"SKIP","floor":41},{"not_picked":["Dagger Throw","Poisoned Stab+1","Reflex+1"],"picked":"SKIP","floor":44},{"not_picked":["Dagger Spray+1","Endless Agony+1"],"picked":"Footwork+1","floor":46},{"not_picked":["Setup+1","Heel Hook","Deflect+1"],"picked":"SKIP","floor":47}],"player_experience":312528,"relics_obtained":[{"floor":7,"key":"Toxic Egg 2"},{"floor":8,"key":"Odd Mushroom"},{"floor":9,"key":"Gambling Chip"},{"floor":12,"key":"FossilizedHelix"},{"floor":23,"key":"Omamori"},{"floor":25,"key":"Meat on the Bone"},{"floor":26,"key":"Frozen Egg 2"},{"floor":31,"key":"Mercury Hourglass"},{"floor":38,"key":"Peace Pipe"},{"floor":41,"key":"The Specimen"},{"floor":43,"key":"Letter Opener"},{"floor":44,"key":"Bottled Flame"},{"floor":46,"key":"Ancient Tea Set"}],"event_choices":[{"damage_healed":0,"gold_gain":0,"player_choice":"Fought Mushrooms","damage_taken":0,"max_hp_gain":0,"max_hp_loss":0,"event_name":"Mushrooms","floor":8,"gold_loss":0},{"damage_healed":0,"gold_gain":75,"player_choice":"Gather Gold","damage_taken":11,"max_hp_gain":0,"max_hp_loss":0,"event_name":"World of Goop","floor":14,"gold_loss":0},{"cards_removed":["Strike_G"],"damage_healed":0,"gold_gain":0,"player_choice":"Gave Gold","damage_taken":0,"max_hp_gain":0,"max_hp_loss":0,"event_name":"Beggar","floor":20,"gold_loss":75},{"damage_healed":0,"gold_gain":0,"player_choice":"Ignored","damage_taken":0,"max_hp_gain":0,"max_hp_loss":0,"event_name":"The Mausoleum","floor":22,"gold_loss":0},{"damage_healed":0,"gold_gain":0,"player_choice":"Shed Blood","damage_taken":18,"max_hp_gain":5,"max_hp_loss":0,"event_name":"Forgotten Altar","floor":30,"gold_loss":0},{"damage_healed":0,"gold_gain":0,"player_choice":"Fight","damage_taken":0,"max_hp_gain":0,"max_hp_loss":0,"event_name":"Mysterious Sphere","floor":38,"gold_loss":0},{"damage_healed":0,"gold_gain":0,"player_choice":"Paid","damage_taken":0,"relics_obtained":["Red Mask"],"max_hp_gain":0,"max_hp_loss":0,"event_name":"Tomb of Lord Red Mask","floor":39,"gold_loss":40},{"cards_removed":["Defend_G"],"damage_healed":0,"gold_gain":0,"player_choice":"Removed Skill","damage_taken":0,"max_hp_gain":0,"max_hp_loss":0,"event_name":"Falling","floor":48,"gold_loss":0}],"is_beta":false,"boss_relics":[{"not_picked":["Cursed Key","Fusion Hammer"],"picked":"Ectoplasm"},{"not_picked":["Coffee Dripper","Astrolabe"],"picked":"Lizard Tail"}],"items_purged_floors":[19],"is_endless":false,"potions_floor_spawned":[1,2,4,13,16,18,25,27,35,44,47],"ascension_level":5}