{"gold_per_floor":[115,115,129,147,159,159,190,200,200,219,219,245,245,257,257,328,328,346,346,346,360,39,39,59,59,59,93,93,106,106],"floor_reached":30,"playtime":1652,"items_purged":[],"score":511,"play_id":"e4f915e6-9e12-4144-a167-1279582212ce","local_time":"20190603164100","is_ascension_mode":true,"campfire_choices":[{"data":"Skewer","floor":6.0,"key":"SMITH"},{"floor":11.0,"key":"REST"},{"data":"Caltrops","floor":13,"key":"SMITH"},{"data":"Leg Sweep","floor":15,"key":"SMITH"},{"data":"Bullet Time","floor":23,"key":"SMITH"},{"floor":25,"key":"REST"}],"neow_cost":"NONE","seed_source_timestamp":1463229971564822,"circlet_count":0,"master_deck":["AscendersBane","Defend_G","Defend_G","Defend_G","Defend_G","Defend_G","Strike_G","Strike_G","Strike_G","Survivor","Neutralize","Skewer+1","Neutralize","Dagger Throw","Backflip","Well Laid Plans","Caltrops","Terror","Caltrops+1","Blur","Leg Sweep+1","Malaise","Deflect","Bullet Time+1","Dash","Deflect+1","Footwork"],"special_seed":0,"relics":["Ring of the Snake","Strawberry","Ancient Tea Set","Omamori","Sozu","Thread and Needle","Gremlin Horn","Singing Bowl","WarpedTongs"],"potions_floor_usage":[12,12,14,16],"damage_taken":[{"damage":11.0,"enemies":"Jaw Worm","floor":1.0,"turns":7.0},{"damage":0.0,"enemies":"Cultist","floor":3.0,"turns":4.0},{"damage":3.0,"enemies":"Small Slimes","floor":4.0,"turns":4.0},{"damage":1.0,"enemies":"3 Louse","floor":5.0,"turns":3.0},{"damage":22.0,"enemies":"3 Sentries","floor":7.0,"turns":12.0},{"damage":22.0,"enemies":"Gremlin Gang","floor":8.0,"turns":4.0},{"damage":0.0,"enemies":"2 Fungi Beasts","floor":10.0,"turns":4.0},{"damage":10,"enemies":"Lagavulin","floor":12,"turns":5},{"damage":0,"enemies":"Large Slime","floor":14,"turns":4},{"damage":17,"enemies":"Hexaghost","floor":16,"turns":10},{"damage":24,"enemies":"Chosen","floor":18,"turns":5},{"damage":13,"enemies":"Shell Parasite","floor":21,"turns":6},{"damage":0,"enemies":"Snecko","floor":24,"turns":7},{"damage":44,"enemies":"Slavers","floor":27,"turns":8},{"damage":14,"enemies":"Sentry and Sphere","floor":29,"turns":7},{"damage":9,"enemies":"3 Cultists","floor":30,"turns":4}],"seed_played":"8023477986147808231","potions_obtained":[{"floor":3.0,"key":"Fire Potion"},{"floor":4.0,"key":"SkillPotion"},{"floor":8.0,"key":"EntropicBrew"},{"floor":12,"key":"Weak Potion"},{"floor":16,"key":"FairyPotion"}],"is_trial":false,"path_per_floor":["M","?","M","M","M","R","E","M","T","M","R","E","R","M","R","B",null,"M","?","?","M","$","R","M","R","T","E","?","M","M"],"character_chosen":"THE_SILENT","items_purchased":["Thread and Needle"],"campfire_rested":2,"item_purchase_floors":[22],"current_hp_per_floor":[54,54,54,51,50,50,35,13,13,13,36,26,26,26,26,9,62,38,38,38,25,25,25,25,48,48,6,6,6,0],"gold":106,"neow_bonus":"TEN_PERCENT_HP_BONUS","is_prod":false,"is_daily":false,"chose_seed":false,"campfire_upgraded":4,"win_rate":0,"timestamp":1559572860,"path_taken":["M","?","M","?","M","R","E","M","T","M","R","E","R","M","R","BOSS","M","?","?","M","$","R","M","R","T","E","?","M","?"],"build_version":"2019-01-23","purchased_purges":0,"victory":false,"max_hp_per_floor":[72,72,72,72,72,72,79,79,79,79,79,79,79,79,79,79,79,79,79,79,79,79,79,79,79,79,81,81,81,81],"card_choices":[{"not_picked":["Cloak And Dagger","Catalyst"],"picked":"Skewer","floor":1.0},{"not_picked":["Finisher","Tactician"],"picked":"Dagger Throw","floor":3.0},{"not_picked":["Quick Slash","Outmaneuver"],"picked":"Backflip","floor":4.0},{"not_picked":["Reflex","Poisoned Stab"],"picked":"Well Laid Plans","floor":5.0},{"not_picked":["Riddle With Holes","Calculated Gamble"],"picked":"Caltrops","floor":7.0},{"not_picked":["Eviscerate","Cloak And Dagger"],"picked":"Terror","floor":8.0},{"not_picked":["Distraction","Terror"],"picked":"Caltrops","floor":10.0},{"not_picked":["Slice","Poisoned Stab"],"picked":"Blur","floor":12},{"not_picked":["Blur","Acrobatics"],"picked":"Leg Sweep","floor":14},{"not_picked":["Wraith Form v2","Die Die Die"],"picked":"Malaise","floor":16},{"not_picked":["Bouncing Flask","Prepared","Poisoned Stab"],"picked":"SKIP","floor":18},{"not_picked":["Expertise","Heel Hook"],"picked":"Dash","floor":21},{"not_picked":["Backstab","Tactician"],"picked":"Deflect+1","floor":24},{"not_picked":["Escape Plan","Slice","Prepared"],"picked":"Singing Bowl","floor":27},{"not_picked":["Corpse Explosion","Cloak And Dagger+1"],"picked":"Footwork","floor":29}],"player_experience":508060,"relics_obtained":[{"floor":7.0,"key":"Strawberry"},{"floor":9.0,"key":"Ancient Tea Set"},{"floor":12,"key":"Omamori"},{"floor":26,"key":"Gremlin Horn"},{"floor":27,"key":"Singing Bowl"}],"event_choices":[{"damage_healed":0.0,"max_hp_gain":0.0,"max_hp_loss":0.0,"gold_gain":0.0,"event_name":"Match and Keep!","player_choice":"1 cards matched","floor":2.0,"gold_loss":0.0,"damage_taken":0.0,"cards_obtained":["Neutralize"]},{"damage_healed":0,"gold_gain":0,"cards_transformed":["Strike_G","Strike_G"],"player_choice":"Became Test Subject","damage_taken":0,"max_hp_gain":0,"max_hp_loss":0,"event_name":"Drug Dealer","floor":19,"gold_loss":0,"cards_obtained":["Deflect","Bullet Time"]},{"damage_healed":0,"gold_gain":0,"player_choice":"Ignored","damage_taken":0,"max_hp_gain":0,"max_hp_loss":0,"event_name":"Vampires","floor":20,"gold_loss":0},{"damage_healed":0,"gold_gain":0,"player_choice":"Rummage","damage_taken":0,"relics_obtained":["WarpedTongs"],"max_hp_gain":0,"max_hp_loss":0,"event_name":"Accursed Blacksmith","floor":28,"gold_loss":0,"cards_obtained":["Pain"]}],"is_beta":false,"boss_relics":[{"not_picked":["Astrolabe","Black Star"],"picked":"Sozu"}],"items_purged_floors":[],"is_endless":false,"potions_floor_spawned":[3,4,8,12,16,24],"killed_by":"3 Cultists","ascension_level":19}