{"gold_per_floor":[117,130,140,140,157,157,169,199,225,225,42,42,42,42,42,172,172,161,161,161,161,10,10,48,61,136,156,156,156,156,172,172,300,300,315,440,463,489,504,547,547,590,590,339,339,84,117,117,117,117,117,117,15,49,49],"floor_reached":55,"playtime":1811,"items_purged":[],"score":1276,"play_id":"95c6524b-130e-4c4f-be1e-8f6bb7e448b5","local_time":"20190408203915","is_ascension_mode":true,"campfire_choices":[{"floor":6.0,"key":"REST"},{"data":"Searing Blow","floor":10.0,"key":"SMITH"},{"data":"Searing Blow+1","floor":12.0,"key":"SMITH"},{"data":"Searing Blow+3","floor":15.0,"key":"SMITH"},{"data":"Searing Blow+4","floor":23.0,"key":"SMITH"},{"data":"Searing Blow+5","floor":28.0,"key":"SMITH"},{"data":"Searing Blow+6","floor":30.0,"key":"SMITH"},{"data":"Searing Blow+7","floor":32.0,"key":"SMITH"},{"data":"Searing Blow+8","floor":41.0,"key":"SMITH"},{"floor":49.0,"key":"RECALL"},{"data":"Searing Blow+9","floor":52,"key":"SMITH"}],"neow_cost":"NONE","seed_source_timestamp":869524579549663,"circlet_count":0,"master_deck":["AscendersBane","Strike_R","Strike_R","Defend_R","Defend_R","Defend_R","Bash","Searing Blow+10","Headbutt","True Grit","Shockwave","Iron Wave","Fiend Fire","Discovery"],"special_seed":0,"relics":["Burning Blood","Potion Belt","Bag of Preparation","Golden Idol","Busted Crown","Champion Belt","PreservedInsect","Omamori","Kunai","Enchiridion","Lizard Tail","Girya","Centennial Puzzle","Oddly Smooth Stone","Orichalcum","Meat on the Bone","Gremlin Horn","Regal Pillow","Pantograph"],"potions_floor_usage":[50,50,50,55,55,55],"damage_taken":[{"damage":9.0,"enemies":"Small Slimes","floor":1.0,"turns":4.0},{"damage":1.0,"enemies":"Cultist","floor":2.0,"turns":3.0},{"damage":11.0,"enemies":"Jaw Worm","floor":3.0,"turns":4.0},{"damage":11.0,"enemies":"2 Fungi Beasts","floor":5.0,"turns":4.0},{"damage":14.0,"enemies":"Red Slaver","floor":7.0,"turns":4.0},{"damage":50.0,"enemies":"Hexaghost","floor":16.0,"turns":8.0},{"damage":11.0,"enemies":"2 Thieves","floor":18.0,"turns":4.0},{"damage":0.0,"enemies":"Gremlin Leader","floor":24.0,"turns":2.0},{"damage":0.0,"enemies":"Spheric Guardian","floor":25.0,"turns":2.0},{"damage":1.0,"enemies":"3 Cultists","floor":27.0,"turns":5.0},{"damage":4.0,"enemies":"Shelled Parasite and Fungi","floor":31.0,"turns":2.0},{"damage":59.0,"enemies":"Automaton","floor":33.0,"turns":7.0},{"damage":0.0,"enemies":"3 Darklings","floor":35.0,"turns":5.0},{"damage":0.0,"enemies":"Mind Bloom Boss Battle","floor":36.0,"turns":2.0},{"damage":0.0,"enemies":"3 Shapes","floor":37.0,"turns":3.0},{"damage":8.0,"enemies":"Maw","floor":39.0,"turns":5.0},{"damage":13.0,"enemies":"Giant Head","floor":40.0,"turns":4.0},{"damage":0.0,"enemies":"Nemesis","floor":42.0,"turns":1.0},{"damage":0.0,"enemies":"Giant Head","floor":47.0,"turns":4.0},{"damage":73,"enemies":"Time Eater","floor":50,"turns":7},{"damage":6,"enemies":"Shield and Spear","floor":54,"turns":2},{"damage":157,"enemies":"The Heart","floor":55,"turns":6}],"seed_played":"-7969809803129288586","potions_obtained":[{"floor":3.0,"key":"Poison Potion"},{"floor":5.0,"key":"Fire Potion"},{"floor":16.0,"key":"BloodPotion"},{"floor":18.0,"key":"GamblersBrew"},{"floor":25.0,"key":"Energy Potion"},{"floor":35.0,"key":"GamblersBrew"},{"floor":36.0,"key":"PowerPotion"},{"floor":37.0,"key":"AttackPotion"},{"floor":40.0,"key":"AttackPotion"},{"floor":47.0,"key":"AttackPotion"}],"is_trial":false,"path_per_floor":["M","M","M","?","M","R","M","?","T","R","$","R","?","?","R","B",null,"M","T","?","?","$","R","E","M","T","M","R","?","R","M","R","B",null,"M","?","M","T","M","E","R","E","T","$","?","$","E","?","R","B",null,"R","$","E","B"],"character_chosen":"IRONCLAD","items_purchased":["Master of Strategy","PreservedInsect","Meat on the Bone","Gremlin Horn","Strength Potion","Strength Potion"],"campfire_rested":1,"item_purchase_floors":[11,22,44,46,53,53],"current_hp_per_floor":[69,74,69,69,64,80,72,72,72,72,72,72,52,52,52,8,62,57,57,57,57,57,57,63,69,69,74,74,58,58,60,60,7,62,68,74,80,80,78,71,71,77,77,77,72,72,78,78,78,23,66,66,66,66,0],"gold":49,"neow_bonus":"RANDOM_COMMON_RELIC","is_prod":false,"is_daily":false,"chose_seed":false,"campfire_upgraded":9,"win_rate":0,"timestamp":1554748755,"path_taken":["M","M","M","?","?","R","M","?","T","R","$","R","?","?","R","BOSS","M","?","?","?","$","R","E","?","T","?","R","?","R","M","R","BOSS","M","?","M","?","M","E","R","E","T","$","?","$","E","?","R","BOSS","R","$","E","BOSS"],"build_version":"2019-01-23","purchased_purges":0,"victory":false,"max_hp_per_floor":[80,80,80,80,80,80,80,80,80,80,80,80,80,80,80,80,80,80,80,80,80,80,80,80,80,80,80,80,80,80,80,80,80,80,80,80,80,80,80,80,80,80,80,80,80,80,80,80,80,80,80,80,80,80,80],"card_choices":[{"not_picked":["True Grit","Power Through"],"picked":"Searing Blow","floor":1.0},{"not_picked":["Clash","Havoc"],"picked":"Headbutt","floor":2.0},{"not_picked":["Sword Boomerang","Uppercut","Perfected Strike"],"picked":"SKIP","floor":3.0},{"not_picked":["True Grit","Infernal Blade","Hemokinesis"],"picked":"SKIP","floor":5.0},{"not_picked":["Warcry","Intimidate","Wild Strike"],"picked":"SKIP","floor":7.0},{"not_picked":["Reckless Charge"],"picked":"SKIP","floor":18.0},{"not_picked":["Seeing Red"],"picked":"SKIP","floor":24.0},{"not_picked":["Clothesline+1"],"picked":"SKIP","floor":25.0},{"not_picked":["Flame Barrier"],"picked":"SKIP","floor":27.0},{"not_picked":["Anger+1"],"picked":"SKIP","floor":31.0},{"not_picked":["Shrug It Off"],"picked":"SKIP","floor":35.0},{"not_picked":["Dual Wield"],"picked":"SKIP","floor":37.0},{"not_picked":["Sword Boomerang+1"],"picked":"SKIP","floor":39.0},{"not_picked":["Perfected Strike"],"picked":"SKIP","floor":40.0},{"not_picked":["Sword Boomerang"],"picked":"SKIP","floor":42.0},{"not_picked":[],"picked":"Discovery","floor":45.0},{"not_picked":["Twin Strike"],"picked":"SKIP","floor":47.0},{"not_picked":["Perfected Strike+1"],"picked":"SKIP","floor":54}],"player_experience":215402,"relics_obtained":[{"floor":9.0,"key":"Bag of Preparation"},{"floor":19.0,"key":"Champion Belt"},{"floor":24.0,"key":"Omamori"},{"floor":26.0,"key":"Kunai"},{"floor":29.0,"key":"Enchiridion"},{"floor":36.0,"key":"Girya"},{"floor":38.0,"key":"Centennial Puzzle"},{"floor":40.0,"key":"Oddly Smooth Stone"},{"floor":42.0,"key":"Orichalcum"},{"floor":47.0,"key":"Regal Pillow"},{"floor":54,"key":"Pantograph"}],"event_choices":[{"damage_healed":0.0,"max_hp_gain":0.0,"max_hp_loss":0.0,"gold_gain":0.0,"cards_transformed":["Strike_R"],"event_name":"Transmorgrifier","player_choice":"Transformed","floor":4.0,"gold_loss":0.0,"damage_taken":0.0,"cards_obtained":["True Grit"]},{"damage_healed":0.0,"max_hp_gain":0.0,"max_hp_loss":0.0,"gold_gain":30.0,"event_name":"Dead Adventurer","player_choice":"Searched \u00272\u0027 times","floor":8.0,"gold_loss":0.0,"damage_taken":0.0},{"damage_healed":0.0,"max_hp_gain":0.0,"max_hp_loss":0.0,"gold_gain":0.0,"event_name":"Golden Idol","player_choice":"Take Damage","floor":13.0,"gold_loss":0.0,"damage_taken":20.0,"relics_obtained":["Golden Idol"]},{"damage_healed":0.0,"max_hp_gain":0.0,"max_hp_loss":0.0,"gold_gain":0.0,"event_name":"Upgrade Shrine","player_choice":"Upgraded","floor":14.0,"gold_loss":0.0,"damage_taken":0.0,"cards_upgraded":["Searing Blow"]},{"damage_healed":0.0,"max_hp_gain":0.0,"max_hp_loss":0.0,"gold_gain":0.0,"cards_transformed":["Strike_R","Defend_R"],"event_name":"Drug Dealer","player_choice":"Became Test Subject","floor":20.0,"gold_loss":0.0,"damage_taken":0.0,"cards_obtained":["Shockwave","Iron Wave"]},{"damage_healed":0.0,"max_hp_gain":0.0,"max_hp_loss":0.0,"gold_gain":0.0,"cards_transformed":["Strike_R"],"event_name":"Transmorgrifier","player_choice":"Transformed","floor":21.0,"gold_loss":0.0,"damage_taken":0.0,"cards_obtained":["Fiend Fire"]},{"damage_healed":0.0,"max_hp_gain":0.0,"max_hp_loss":0.0,"gold_gain":0.0,"event_name":"Cursed Tome","player_choice":"Obtained Book","floor":29.0,"gold_loss":0.0,"damage_taken":16.0},{"damage_healed":0.0,"max_hp_gain":0.0,"max_hp_loss":0.0,"gold_gain":0.0,"event_name":"MindBloom","player_choice":"Fight","floor":36.0,"gold_loss":0.0,"damage_taken":0.0},{"damage_healed":0.0,"max_hp_gain":0.0,"max_hp_loss":0.0,"gold_gain":0.0,"event_name":"SensoryStone","player_choice":"Memory 2","floor":45.0,"gold_loss":0.0,"damage_taken":5.0},{"cards_removed":["Master of Strategy"],"damage_healed":0.0,"max_hp_gain":0.0,"max_hp_loss":0.0,"gold_gain":0.0,"event_name":"Falling","player_choice":"Removed Skill","floor":48.0,"gold_loss":0.0,"damage_taken":0.0}],"is_beta":false,"boss_relics":[{"not_picked":["Mark of Pain","Orrery"],"picked":"Busted Crown"},{"not_picked":["Runic Cube","Cursed Key"],"picked":"Lizard Tail"}],"items_purged_floors":[],"is_endless":false,"potions_floor_spawned":[3,5,16,18,25,35,36,37,40,47],"killed_by":"The Heart","ascension_level":10}