{"gold_per_floor":[110,39,39,53,53,79,79,97,97,108,134,134,134,150,150,250,250,264,115,126,138,156,156,184,201,201,201,234,250,250,275,275,379,379,394,494,494,511,531,560,423,423,423,442,458,475,475,39,39,39],"floor_reached":51,"playtime":2658,"items_purged":["Strike_R","Strike_R","Parasite"],"score":876,"play_id":"55819226-6763-4c06-8b1d-112d93af2539","local_time":"20190531182632","is_ascension_mode":true,"campfire_choices":[{"data":"Twin Strike","floor":7,"key":"SMITH"},{"data":"Flex","floor":13,"key":"SMITH"},{"data":"Bash","floor":15,"key":"SMITH"},{"data":"Limit Break","floor":23,"key":"SMITH"},{"data":"Metallicize","floor":30,"key":"SMITH"},{"data":"1","floor":32,"key":"LIFT"},{"floor":42,"key":"REST"},{"floor":49,"key":"REST"}],"neow_cost":"NONE","seed_source_timestamp":1070729113714361,"circlet_count":0,"master_deck":["Strike_R","Strike_R","Strike_R","Defend_R","Defend_R","Defend_R","Defend_R","Bash+1","Iron Wave","Flex+1","Twin Strike+1","Spot Weakness","Battle Trance","Flame Barrier","Flex","Dropkick","Limit Break+1","Twin Strike+1","Metallicize+1","Rampage","Thunderclap+1","Burning Pact+1","Shrug It Off","Clumsy","Offering","Writhe","Inflame","Cleave+1"],"relics":["Burning Blood","FaceOfCleric","Gremlin Horn","Lantern","Ginger","Odd Mushroom","Cursed Key","Pear","Torii","Nloth\u0027s Gift","Champion Belt","Girya","Busted Crown","Bird Faced Urn","Bottled Lightning","Shuriken","Anchor","Orichalcum"],"potions_floor_usage":[11,24,24,28,31,33,50,50,50],"damage_taken":[{"damage":0,"enemies":"2 Louse","floor":1,"turns":1},{"damage":0,"enemies":"Cultist","floor":4,"turns":1},{"damage":0,"enemies":"Gremlin Nob","floor":6,"turns":1},{"damage":11,"enemies":"Jaw Worm","floor":8,"turns":2},{"damage":1,"enemies":"Gremlin Gang","floor":10,"turns":2},{"damage":26,"enemies":"The Mushroom Lair","floor":11,"turns":4},{"damage":5,"enemies":"Large Slime","floor":14,"turns":3},{"damage":54,"enemies":"Hexaghost","floor":16,"turns":6},{"damage":10,"enemies":"Shell Parasite","floor":18,"turns":3},{"damage":1,"enemies":"3 Byrds","floor":20,"turns":6},{"damage":18,"enemies":"Snake Plant","floor":21,"turns":4},{"damage":5,"enemies":"Chosen and Byrds","floor":22,"turns":4},{"damage":15,"enemies":"Slavers","floor":24,"turns":2},{"damage":10,"enemies":"Sentry and Sphere","floor":25,"turns":3},{"damage":14,"enemies":"Book of Stabbing","floor":28,"turns":4},{"damage":3,"enemies":"Snake Plant","floor":29,"turns":4},{"damage":25,"enemies":"Slavers","floor":31,"turns":4},{"damage":12,"enemies":"Collector","floor":33,"turns":6},{"damage":20,"enemies":"3 Darklings","floor":35,"turns":5},{"damage":6,"enemies":"Mind Bloom Boss Battle","floor":36,"turns":5},{"damage":37,"enemies":"3 Shapes","floor":38,"turns":3},{"damage":19,"enemies":"Spire Growth","floor":39,"turns":5},{"damage":39,"enemies":"Reptomancer","floor":40,"turns":6},{"damage":7,"enemies":"Sphere and 2 Shapes","floor":44,"turns":4},{"damage":0,"enemies":"Transient","floor":45,"turns":5},{"damage":29,"enemies":"3 Darklings","floor":46,"turns":4},{"damage":16,"enemies":"Awakened One","floor":50,"turns":6}],"seed_played":"-6075491984296973415","potions_obtained":[{"floor":1,"key":"BloodPotion"},{"floor":10,"key":"BloodPotion"},{"floor":14,"key":"Strength Potion"},{"floor":18,"key":"FearPotion"},{"floor":21,"key":"SkillPotion"},{"floor":24,"key":"SteroidPotion"},{"floor":29,"key":"Weak Potion"},{"floor":36,"key":"Ancient Potion"},{"floor":39,"key":"SpeedPotion"},{"floor":40,"key":"SteroidPotion"}],"is_trial":false,"path_per_floor":["M","$","?","M","T","E","R","M","T","M","?","$","R","M","R","B",null,"M","$","M","M","M","R","E","M","T","?","E","M","R","E","R","B",null,"M","?","?","M","M","E","$","R","T","M","M","M","?","$","R","B",null],"character_chosen":"IRONCLAD","items_purchased":["Flex","Twin Strike","Metallicize","Inflame","Anchor","Orichalcum"],"campfire_rested":2,"item_purchase_floors":[2,2,19,41,48,48],"current_hp_per_floor":[80,80,80,81,81,82,82,78,78,84,73,73,73,75,75,28,87,84,84,89,78,80,80,82,79,79,79,72,76,76,58,58,53,107,94,95,109,79,69,39,39,72,72,76,87,69,69,69,102,97],"gold":39,"neow_bonus":"THREE_ENEMY_KILL","is_prod":false,"is_daily":false,"chose_seed":false,"campfire_upgraded":5,"win_rate":0,"timestamp":1559345192,"path_taken":["M","$","?","?","?","E","R","M","T","M","?","?","R","?","R","BOSS","M","$","M","M","M","R","E","M","T","?","E","M","R","E","R","BOSS","M","?","?","M","M","E","$","R","T","M","M","M","?","$","R","BOSS"],"build_version":"2019-01-23","purchased_purges":3,"victory":true,"max_hp_per_floor":[80,80,80,81,81,82,82,83,83,84,85,85,85,86,86,87,87,88,88,89,90,91,91,102,103,103,103,104,105,105,106,106,107,107,108,109,109,110,111,112,112,112,112,113,114,115,115,112,112,113],"card_choices":[{"not_picked":["Fire Breathing","Dropkick"],"picked":"Iron Wave","floor":1},{"not_picked":["Clash","Heavy Blade"],"picked":"Spot Weakness","floor":4},{"not_picked":["Entrench","Cleave"],"picked":"Battle Trance","floor":6},{"not_picked":["Shockwave","Body Slam"],"picked":"Flame Barrier","floor":8},{"not_picked":["Wild Strike","Headbutt"],"picked":"Flex","floor":10},{"not_picked":["Twin Strike","Dark Embrace"],"picked":"Dropkick","floor":14},{"not_picked":["Feed","Demon Form"],"picked":"Limit Break","floor":16},{"not_picked":["Iron Wave","Clash"],"picked":"Twin Strike+1","floor":18},{"not_picked":["Sword Boomerang","Second Wind","Impervious"],"picked":"SKIP","floor":20},{"not_picked":["Clash","Twin Strike"],"picked":"Rampage","floor":21},{"not_picked":["Armaments","Headbutt"],"picked":"Thunderclap+1","floor":22},{"not_picked":["Sever Soul+1","True Grit"],"picked":"Burning Pact+1","floor":24},{"not_picked":["Wild Strike+1","Iron Wave"],"picked":"Shrug It Off","floor":25},{"not_picked":["Perfected Strike+1","Fiend Fire","Evolve+1"],"picked":"SKIP","floor":28},{"not_picked":["Clothesline","Evolve","Sword Boomerang"],"picked":"SKIP","floor":29},{"not_picked":["Anger","Body Slam","Pommel Strike"],"picked":"SKIP","floor":31},{"not_picked":["Fiend Fire","Reaper"],"picked":"Offering","floor":33},{"not_picked":["Pummel"],"picked":"SKIP","floor":35},{"not_picked":["Body Slam+1"],"picked":"SKIP","floor":38},{"not_picked":["Carnage"],"picked":"SKIP","floor":39},{"not_picked":["Fiend Fire"],"picked":"SKIP","floor":40},{"not_picked":[],"picked":"Cleave+1","floor":44},{"not_picked":["Whirlwind+1"],"picked":"SKIP","floor":45},{"not_picked":["Headbutt"],"picked":"SKIP","floor":46}],"player_experience":42714,"relics_obtained":[{"floor":5,"key":"Gremlin Horn"},{"floor":6,"key":"Lantern"},{"floor":9,"key":"Ginger"},{"floor":11,"key":"Odd Mushroom"},{"floor":24,"key":"Pear"},{"floor":26,"key":"Torii"},{"floor":28,"key":"Champion Belt"},{"floor":31,"key":"Girya"},{"floor":36,"key":"Bird Faced Urn"},{"floor":40,"key":"Bottled Lightning"},{"floor":43,"key":"Shuriken"}],"event_choices":[{"damage_healed":0,"gold_gain":0,"player_choice":"Trade","damage_taken":0,"relics_obtained":["FaceOfCleric"],"max_hp_gain":0,"max_hp_loss":0,"event_name":"FaceTrader","floor":3,"gold_loss":0},{"damage_healed":0,"gold_gain":0,"player_choice":"Fought Mushrooms","damage_taken":0,"max_hp_gain":0,"max_hp_loss":0,"event_name":"Mushrooms","floor":11,"gold_loss":0},{"damage_healed":0,"gold_gain":0,"player_choice":"Traded Relic","damage_taken":0,"relics_obtained":["Nloth\u0027s Gift"],"max_hp_gain":0,"max_hp_loss":0,"event_name":"N\u0027loth","floor":27,"relics_lost":["NeowsBlessing"],"gold_loss":0},{"damage_healed":0,"gold_gain":0,"player_choice":"Fight","damage_taken":0,"max_hp_gain":0,"max_hp_loss":0,"event_name":"MindBloom","floor":36,"gold_loss":0},{"damage_healed":27,"gold_gain":0,"player_choice":"Writhe","damage_taken":0,"max_hp_gain":0,"max_hp_loss":0,"event_name":"Winding Halls","floor":37,"gold_loss":0,"cards_obtained":["Writhe"]},{"damage_healed":0,"gold_gain":0,"player_choice":"Ignored","damage_taken":0,"max_hp_gain":0,"max_hp_loss":0,"event_name":"Tomb of Lord Red Mask","floor":47,"gold_loss":0}],"is_beta":false,"boss_relics":[{"not_picked":["Snecko Eye","Velvet Choker"],"picked":"Cursed Key"},{"not_picked":["Sozu","White Beast Statue"],"picked":"Busted Crown"}],"items_purged_floors":[19,41,48],"is_endless":false,"potions_floor_spawned":[1,10,14,18,21,24,29,36,39,40,44],"ascension_level":1}