{"gold_per_floor":[112,129,144,163,18,51,51,126,126,182,182,199,215,229,229,330,330,345,345,270,287,306],"floor_reached":22,"playtime":1535,"items_purged":[],"score":190,"play_id":"6b425118-da87-4fd9-bddb-b421cde49ee7","local_time":"20190529165033","is_ascension_mode":false,"campfire_choices":[{"data":"Glass Knife","floor":7.0,"key":"SMITH"},{"floor":15.0,"key":"REST"}],"neow_cost":"NONE","seed_source_timestamp":0,"circlet_count":0,"master_deck":["Defend_G","Defend_G+1","Defend_G","Defend_G","Strike_G","Strike_G","Survivor+1","Neutralize+1","Glass Knife+1","Dagger Throw","Well Laid Plans","Envenom","PiercingWail","Quick Slash","Deadly Poison","Backstab","Venomology","Tools of the Trade","Blade Dance","Predator+1"],"special_seed":0,"relics":["Ring of the Snake","War Paint","Dodecahedron","Pantograph","Empty Cage","Shuriken"],"potions_floor_usage":[22],"damage_taken":[{"damage":0.0,"enemies":"2 Louse","floor":1.0,"turns":2.0},{"damage":2.0,"enemies":"Small Slimes","floor":2.0,"turns":2.0},{"damage":0.0,"enemies":"Jaw Worm","floor":3.0,"turns":3.0},{"damage":5.0,"enemies":"2 Fungi Beasts","floor":4.0,"turns":4.0},{"damage":27.0,"enemies":"Gremlin Nob","floor":6.0,"turns":5.0},{"damage":0.0,"enemies":"Red Slaver","floor":12.0,"turns":3.0},{"damage":0.0,"enemies":"3 Louse","floor":13.0,"turns":3.0},{"damage":2.0,"enemies":"Large Slime","floor":14.0,"turns":3.0},{"damage":17.0,"enemies":"The Guardian","floor":16.0,"turns":9.0},{"damage":10,"enemies":"3 Byrds","floor":18,"turns":5},{"damage":15,"enemies":"Spheric Guardian","floor":21,"turns":4},{"damage":44,"enemies":"3 Cultists","floor":22,"turns":6}],"seed_played":"517042102503506762","potions_obtained":[{"floor":4.0,"key":"SkillPotion"},{"floor":6.0,"key":"GamblersBrew"},{"floor":12.0,"key":"Ancient Potion"},{"floor":18,"key":"SteroidPotion"},{"floor":21,"key":"GhostInAJar"}],"is_trial":false,"path_per_floor":["M","M","M","M","$","E","R","?","T","?","?","M","M","M","R","B",null,"M","?","?","M","M"],"character_chosen":"THE_SILENT","items_purchased":["War Paint"],"campfire_rested":1,"item_purchase_floors":[5],"current_hp_per_floor":[70,68,68,63,63,36,36,25,25,25,25,25,25,23,44,52,70,60,60,60,45,1],"gold":306,"neow_bonus":"TRANSFORM_CARD","is_prod":false,"is_daily":false,"chose_seed":false,"campfire_upgraded":1,"win_rate":0.0,"timestamp":1559166633,"path_taken":["M","M","M","M","$","E","R","?","T","?","?","M","M","M","R","BOSS","M","?","?","M","M"],"build_version":"2019-01-23","purchased_purges":0,"victory":false,"max_hp_per_floor":[70,70,70,70,70,70,70,70,70,70,70,70,70,70,70,70,70,70,70,70,70,70],"card_choices":[{"not_picked":["Underhanded Strike","Finisher"],"picked":"Dagger Throw","floor":1.0},{"not_picked":["PiercingWail","Bane"],"picked":"Well Laid Plans","floor":2.0},{"not_picked":["Underhanded Strike","Quick Slash"],"picked":"Envenom","floor":3.0},{"not_picked":["Outmaneuver","Expertise"],"picked":"PiercingWail","floor":4.0},{"not_picked":["Outmaneuver","Predator"],"picked":"Quick Slash","floor":6.0},{"not_picked":["Heel Hook","Masterful Stab"],"picked":"Deadly Poison","floor":12.0},{"not_picked":["Sucker Punch","Quick Slash"],"picked":"Backstab","floor":13.0},{"not_picked":["Underhanded Strike","Bane"],"picked":"Venomology","floor":14.0},{"not_picked":["Unload","Malaise"],"picked":"Tools of the Trade","floor":16.0},{"not_picked":["Bane","Prepared"],"picked":"Blade Dance","floor":18},{"not_picked":["Heel Hook","Poisoned Stab"],"picked":"Predator+1","floor":21}],"player_experience":15747,"relics_obtained":[{"floor":6.0,"key":"Dodecahedron"},{"floor":9.0,"key":"Pantograph"}],"event_choices":[{"damage_healed":0.0,"max_hp_gain":0.0,"max_hp_loss":0.0,"gold_gain":75.0,"event_name":"World of Goop","player_choice":"Gather Gold","floor":8.0,"gold_loss":0.0,"damage_taken":11.0},{"damage_healed":0.0,"max_hp_gain":0.0,"max_hp_loss":0.0,"gold_gain":56.0,"event_name":"Golden Wing","player_choice":"Gained Gold","floor":10.0,"gold_loss":0.0,"damage_taken":0.0},{"damage_healed":0.0,"max_hp_gain":0.0,"max_hp_loss":0.0,"gold_gain":0.0,"event_name":"Living Wall","player_choice":"Grow","floor":11.0,"gold_loss":0.0,"damage_taken":0.0,"cards_upgraded":["Neutralize"]},{"damage_healed":0,"gold_gain":0,"player_choice":"Opened","damage_taken":0,"relics_obtained":["Shuriken"],"max_hp_gain":0,"max_hp_loss":0,"event_name":"The Mausoleum","floor":19,"gold_loss":0},{"cards_removed":["Strike_G"],"damage_healed":0,"gold_gain":0,"player_choice":"Gave Gold","damage_taken":0,"max_hp_gain":0,"max_hp_loss":0,"event_name":"Beggar","floor":20,"gold_loss":75}],"is_beta":false,"boss_relics":[{"not_picked":["Lizard Tail","Eternal Feather"],"picked":"Empty Cage"}],"items_purged_floors":[],"is_endless":false,"potions_floor_spawned":[4,6,12,18,21],"killed_by":"3 Cultists","ascension_level":0}