{"gold_per_floor":[118,118,118,118,68,101,101,127,127,127,138,163,174,193,193,295,295,315,330,255,255,26,54,69,69,69,95,163,163,197,247,247,350,350,365,442,466,495,206,238,167,186,186,218,218,252,252,270,270,270,270,270,16,48,48],"floor_reached":55,"playtime":3005,"items_purged":["Strike_G","Defend_G","Defend_G"],"score":1409,"play_id":"77e48271-255e-4390-bbb6-6c710ec0be0b","local_time":"20190408212946","is_ascension_mode":true,"campfire_choices":[{"data":"Accuracy","floor":7,"key":"SMITH"},{"data":"Neutralize","floor":10,"key":"SMITH"},{"data":"Blade Dance","floor":15,"key":"SMITH"},{"floor":29,"key":"REST"},{"floor":32,"key":"RECALL"},{"floor":45,"key":"REST"},{"floor":47,"key":"REST"},{"floor":49,"key":"REST"},{"floor":52,"key":"REST"}],"neow_cost":"NONE","seed_source_timestamp":871662737095321,"circlet_count":0,"master_deck":["AscendersBane","Defend_G","Defend_G","Strike_G","Strike_G","Strike_G","Survivor","Neutralize+1","Dagger Spray","Accuracy+1","Blade Dance+1","Dodge and Roll","Malaise","Backflip+1","Deflect","Accuracy","Skewer","Blade Dance+1","Escape Plan","Blur","Leg Sweep","A Thousand Cuts","Predator+1","Footwork","Backstab+1","Terror+1"],"relics":["Ring of the Snake","NeowsBlessing","Paper Crane","Omamori","Gremlin Horn","Question Card","Ornamental Fan","Fusion Hammer","SsserpentHead","Tiny Chest","Ancient Tea Set","Lantern","Smiling Mask","Vajra","Kunai","Cursed Key","MawBank","Mummified Hand","Bottled Tornado","Juzu Bracelet","Blue Candle","Bronze Scales","Bottled Flame"],"potions_floor_usage":[18,24,28,40,42,42,42,48,50,55,55],"damage_taken":[{"damage":0,"enemies":"Cultist","floor":1,"turns":1},{"damage":0,"enemies":"3 Sentries","floor":6,"turns":1},{"damage":0,"enemies":"Lagavulin","floor":8,"turns":2},{"damage":0,"enemies":"2 Louse","floor":11,"turns":2},{"damage":22,"enemies":"3 Sentries","floor":12,"turns":9},{"damage":0,"enemies":"Small Slimes","floor":13,"turns":2},{"damage":0,"enemies":"Blue Slaver","floor":14,"turns":4},{"damage":26,"enemies":"Hexaghost","floor":16,"turns":13},{"damage":7,"enemies":"3 Byrds","floor":18,"turns":5},{"damage":6,"enemies":"Shell Parasite","floor":19,"turns":6},{"damage":8,"enemies":"Gremlin Leader","floor":23,"turns":10},{"damage":0,"enemies":"Snecko","floor":24,"turns":4},{"damage":2,"enemies":"Book of Stabbing","floor":27,"turns":6},{"damage":6,"enemies":"Chosen and Byrds","floor":28,"turns":7},{"damage":4,"enemies":"Gremlin Leader","floor":30,"turns":8},{"damage":40,"enemies":"Collector","floor":33,"turns":17},{"damage":9,"enemies":"Orb Walker","floor":35,"turns":5},{"damage":0,"enemies":"3 Shapes","floor":37,"turns":4},{"damage":24,"enemies":"Spire Growth","floor":38,"turns":5},{"damage":0,"enemies":"Giant Head","floor":40,"turns":7},{"damage":0,"enemies":"Jaw Worm Horde","floor":42,"turns":4},{"damage":0,"enemies":"Reptomancer","floor":44,"turns":5},{"damage":0,"enemies":"Giant Head","floor":46,"turns":9},{"damage":0,"enemies":"Maw","floor":48,"turns":6},{"damage":38,"enemies":"Time Eater","floor":50,"turns":16},{"damage":18,"enemies":"Shield and Spear","floor":54,"turns":6},{"damage":68,"enemies":"The Heart","floor":55,"turns":8}],"seed_played":"2669763162877513938","potions_obtained":[{"floor":8,"key":"SpeedPotion"},{"floor":13,"key":"Swift Potion"},{"floor":16,"key":"Ancient Potion"},{"floor":23,"key":"AttackPotion"},{"floor":27,"key":"Weak Potion"},{"floor":28,"key":"Weak Potion"},{"floor":30,"key":"FearPotion"},{"floor":40,"key":"Fruit Juice"},{"floor":42,"key":"Weak Potion"},{"floor":46,"key":"Weak Potion"},{"floor":48,"key":"Fruit Juice"}],"is_trial":false,"path_per_floor":["M","?","?","?","?","E","R","E","T","R","M","E","M","M","R","B",null,"M","M","?","?","$","E","M","$","T","E","M","R","E","T","R","B",null,"M","T","M","M","$","E","$","M","T","E","R","E","R","M","R","B",null,"R","$","E","B"],"character_chosen":"THE_SILENT","items_purchased":["Accuracy","Tiny Chest","Skewer","Mummified Hand","Footwork","Bronze Scales","FearPotion"],"campfire_rested":5,"item_purchase_floors":[22,22,22,39,41,53,53],"current_hp_per_floor":[63,60,60,65,65,65,65,65,65,65,65,43,43,43,43,17,61,54,48,48,48,48,40,40,40,40,38,32,54,50,50,50,10,59,50,50,50,26,26,26,26,31,31,31,55,55,79,84,85,47,76,85,85,67,0],"gold":48,"neow_bonus":"THREE_ENEMY_KILL","is_prod":false,"is_daily":false,"chose_seed":false,"campfire_upgraded":3,"win_rate":0,"timestamp":1554751786,"path_taken":["M","?","?","?","?","E","R","E","T","R","M","E","M","M","R","BOSS","M","M","?","?","$","E","M","$","T","E","?","R","E","?","R","BOSS","M","?","M","M","$","E","?","M","T","E","R","E","R","M","R","BOSS","R","$","E","BOSS"],"build_version":"2019-01-23","purchased_purges":3,"victory":false,"max_hp_per_floor":[70,70,70,75,75,75,75,75,75,75,75,75,75,75,75,75,75,75,75,75,75,75,75,75,75,75,75,75,75,75,75,75,75,75,75,75,75,75,75,75,75,80,80,80,80,80,80,85,85,85,85,85,85,85,85],"card_choices":[{"not_picked":["Predator","Cloak And Dagger"],"picked":"Dagger Spray","floor":1},{"not_picked":["Masterful Stab","Poisoned Stab"],"picked":"Accuracy","floor":6},{"not_picked":["Crippling Poison","Bouncing Flask"],"picked":"Blade Dance","floor":8},{"not_picked":["Bane","Underhanded Strike","Noxious Fumes","Phantasmal Killer"],"picked":"SKIP","floor":11},{"not_picked":["Dagger Throw","Crippling Poison","Poisoned Stab","Quick Slash"],"picked":"SKIP","floor":12},{"not_picked":["Dagger Throw","Sucker Punch","Flying Knee"],"picked":"Dodge and Roll","floor":13},{"not_picked":["Acrobatics","Outmaneuver","Deadly Poison","Bane"],"picked":"SKIP","floor":14},{"not_picked":["Tools of the Trade","Night Terror","Wraith Form v2"],"picked":"Malaise","floor":16},{"not_picked":["Reflex","Outmaneuver","Distraction"],"picked":"Backflip+1","floor":18},{"not_picked":["Dagger Throw","Flying Knee","Underhanded Strike"],"picked":"Deflect","floor":19},{"not_picked":["Glass Knife","Dagger Spray","Blur+1"],"picked":"Blade Dance+1","floor":23},{"not_picked":["Crippling Poison","Underhanded Strike","Concentrate"],"picked":"Escape Plan","floor":24},{"not_picked":["Predator","Endless Agony","Finisher","Skewer"],"picked":"SKIP","floor":27},{"not_picked":["Distraction","Caltrops","Deflect"],"picked":"Blur","floor":28},{"not_picked":["Storm of Steel","Bane","Acrobatics+1"],"picked":"Leg Sweep","floor":30},{"not_picked":["Adrenaline","Grand Finale","Venomology"],"picked":"A Thousand Cuts","floor":33},{"not_picked":["Quick Slash","Reflex","Slice+1"],"picked":"Predator+1","floor":35},{"not_picked":["Dagger Spray","Bane+1","Slice","Blade Dance"],"picked":"SKIP","floor":37},{"not_picked":["Sucker Punch+1","Dagger Throw+1","Underhanded Strike","Slice+1"],"picked":"SKIP","floor":38},{"not_picked":["Noxious Fumes+1","Poisoned Stab","Deadly Poison","Predator"],"picked":"SKIP","floor":40},{"not_picked":["Blade Dance","Underhanded Strike+1","Outmaneuver+1","Heel Hook"],"picked":"SKIP","floor":42},{"not_picked":["Corpse Explosion","Tools of the Trade","Poisoned Stab+1","Choke"],"picked":"SKIP","floor":44},{"not_picked":["Dagger Spray+1","Acrobatics","Prepared+1"],"picked":"Backstab+1","floor":46},{"not_picked":["Dagger Throw","Dodge and Roll+1","Prepared"],"picked":"Terror+1","floor":48},{"not_picked":["Skewer+1","Phantasmal Killer","PiercingWail+1","Poisoned Stab"],"picked":"SKIP","floor":54}],"player_experience":217213,"relics_obtained":[{"floor":6,"key":"Omamori"},{"floor":8,"key":"Gremlin Horn"},{"floor":9,"key":"Question Card"},{"floor":12,"key":"Ornamental Fan"},{"floor":23,"key":"Ancient Tea Set"},{"floor":26,"key":"Lantern"},{"floor":27,"key":"Smiling Mask"},{"floor":30,"key":"Vajra"},{"floor":31,"key":"Kunai"},{"floor":36,"key":"MawBank"},{"floor":40,"key":"Bottled Tornado"},{"floor":44,"key":"Juzu Bracelet"},{"floor":46,"key":"Blue Candle"},{"floor":54,"key":"Bottled Flame"}],"event_choices":[{"damage_healed":0,"gold_gain":0,"player_choice":"Success","damage_taken":3,"relics_obtained":["Paper Crane"],"max_hp_gain":0,"max_hp_loss":0,"event_name":"Scrap Ooze","floor":2,"gold_loss":0},{"damage_healed":0,"gold_gain":0,"player_choice":"Ignored","damage_taken":0,"max_hp_gain":0,"max_hp_loss":0,"event_name":"Liars Game","floor":3,"gold_loss":0},{"damage_healed":0,"gold_gain":0,"player_choice":"Donut","damage_taken":0,"max_hp_gain":5,"max_hp_loss":0,"event_name":"Big Fish","floor":4,"gold_loss":0},{"cards_removed":["Strike_G"],"damage_healed":0,"gold_gain":0,"player_choice":"Card Removal","damage_taken":0,"max_hp_gain":0,"max_hp_loss":0,"event_name":"The Cleric","floor":5,"gold_loss":50},{"cards_removed":["Defend_G"],"damage_healed":0,"gold_gain":0,"player_choice":"Gave Gold","damage_taken":0,"max_hp_gain":0,"max_hp_loss":0,"event_name":"Beggar","floor":20,"gold_loss":75},{"damage_healed":0,"gold_gain":0,"player_choice":"Trade","damage_taken":0,"relics_obtained":["SsserpentHead"],"max_hp_gain":0,"max_hp_loss":0,"event_name":"FaceTrader","floor":21,"gold_loss":0}],"is_beta":false,"boss_relics":[{"not_picked":["Velvet Choker","Snecko Eye"],"picked":"Fusion Hammer"},{"not_picked":["Busted Crown","Orrery"],"picked":"Cursed Key"}],"items_purged_floors":[39,41,53],"is_endless":false,"potions_floor_spawned":[8,13,16,23,27,28,30,33,40,42,46,48],"killed_by":"The Heart","ascension_level":10}