{"gold_per_floor":[12,12,24,24,24,24,57,57,125,137,149,149,174,174,174,248,248,266,266,280,297,310,310,310],"floor_reached":24,"playtime":755,"items_purged":[],"score":391,"play_id":"119986b2-e5ec-4426-8599-473ac108f8c4","local_time":"20190617170700","is_ascension_mode":true,"campfire_choices":[{"floor":6.0,"key":"REST"},{"floor":8.0,"key":"REST"},{"data":"Rebound","floor":12.0,"key":"SMITH"},{"data":"Doom and Gloom","floor":15.0,"key":"SMITH"},{"data":"Creative AI","floor":23,"key":"SMITH"}],"neow_cost":"NO_GOLD","seed_source_timestamp":263745165675933,"circlet_count":0,"master_deck":["AscendersBane","Strike_B","Defend_B","Defend_B","Defend_B","Defend_B","Zap+1","Dualcast","Conserve Battery","Cold Snap","Rebound+1","Doom and Gloom+1","Creative AI+1","Storm","Defragment","Auto Shields"],"special_seed":0,"relics":["Cracked Core","Cables","DataDisk","Pantograph","Strawberry","Coffee Dripper"],"potions_floor_usage":[22,22],"damage_taken":[{"damage":2.0,"enemies":"Cultist","floor":1.0,"turns":4.0},{"damage":5.0,"enemies":"2 Louse","floor":3.0,"turns":3.0},{"damage":35.0,"enemies":"Gremlin Nob","floor":7.0,"turns":4.0},{"damage":0.0,"enemies":"Jaw Worm","floor":10.0,"turns":4.0},{"damage":1.0,"enemies":"Looter","floor":11.0,"turns":3.0},{"damage":7.0,"enemies":"Lagavulin","floor":13.0,"turns":6.0},{"damage":1.0,"enemies":"The Guardian","floor":16.0,"turns":9.0},{"damage":14.0,"enemies":"Spheric Guardian","floor":18.0,"turns":6.0},{"damage":0.0,"enemies":"Chosen","floor":20.0,"turns":4.0},{"damage":52,"enemies":"Shelled Parasite and Fungi","floor":21,"turns":6},{"damage":0,"enemies":"Snake Plant","floor":22,"turns":2},{"damage":15,"enemies":"Snecko","floor":24,"turns":3}],"seed_played":"-1711593509429015940","potions_obtained":[{"floor":10.0,"key":"SteroidPotion"},{"floor":11.0,"key":"Fire Potion"},{"floor":18.0,"key":"Explosive Potion"},{"floor":22,"key":"Swift Potion"}],"is_trial":false,"path_per_floor":["M","?","M","?","$","R","E","R","T","M","M","R","E","?","R","B",null,"M","?","M","M","M","R","M"],"character_chosen":"DEFECT","items_purchased":[],"campfire_rested":2,"item_purchase_floors":[],"current_hp_per_floor":[62,36,31,31,31,52,17,38,38,38,37,37,37,37,37,61,74,60,60,60,8,8,8,0],"gold":310,"neow_bonus":"REMOVE_TWO","is_prod":false,"is_daily":false,"chose_seed":false,"campfire_upgraded":3,"win_rate":0,"timestamp":1560784020,"path_taken":["M","?","M","?","?","R","E","R","T","M","M","R","E","?","R","BOSS","M","?","?","M","M","R","M"],"build_version":"2019-01-23","purchased_purges":0,"victory":false,"max_hp_per_floor":[71,71,71,71,71,71,71,71,71,71,71,71,78,78,78,78,78,78,78,78,78,78,78,78],"card_choices":[{"not_picked":["Barrage","BootSequence"],"picked":"Conserve Battery","floor":1.0},{"not_picked":["Compile Driver","Force Field"],"picked":"Cold Snap","floor":3.0},{"not_picked":["Turbo","Gash","Steam"],"picked":"SKIP","floor":7.0},{"not_picked":["Heatsinks","Conserve Battery","Sweeping Beam"],"picked":"SKIP","floor":10.0},{"not_picked":["Sweeping Beam","Scrape"],"picked":"Rebound","floor":11.0},{"not_picked":["Capacitor","Conserve Battery"],"picked":"Doom and Gloom","floor":13.0},{"not_picked":["Amplify","Machine Learning"],"picked":"Creative AI","floor":16.0},{"not_picked":["White Noise","Rebound","Fusion"],"picked":"SKIP","floor":18.0},{"not_picked":["Cold Snap","Defragment"],"picked":"Storm","floor":20.0},{"not_picked":["Static Discharge","Leap"],"picked":"Defragment","floor":21},{"not_picked":["Compile Driver","Meteor Strike"],"picked":"Auto Shields","floor":22}],"player_experience":585642,"relics_obtained":[{"floor":7.0,"key":"DataDisk"},{"floor":9.0,"key":"Pantograph"},{"floor":13.0,"key":"Strawberry"}],"event_choices":[{"damage_healed":0.0,"max_hp_gain":0.0,"max_hp_loss":0.0,"gold_gain":0.0,"event_name":"Scrap Ooze","player_choice":"Success","floor":2.0,"gold_loss":0.0,"damage_taken":26.0,"relics_obtained":["Cables"]},{"damage_healed":0.0,"max_hp_gain":0.0,"max_hp_loss":0.0,"gold_gain":0.0,"event_name":"Living Wall","player_choice":"Grow","floor":4.0,"gold_loss":0.0,"damage_taken":0.0,"cards_upgraded":["Zap"]},{"damage_healed":0.0,"max_hp_gain":0.0,"max_hp_loss":0.0,"gold_gain":0.0,"event_name":"Liars Game","player_choice":"Ignored","floor":14.0,"gold_loss":0.0,"damage_taken":0.0},{"cards_removed":["Strike_B"],"damage_healed":0.0,"max_hp_gain":0.0,"max_hp_loss":0.0,"gold_gain":0.0,"event_name":"Purifier","player_choice":"Purged","floor":19.0,"gold_loss":0.0,"damage_taken":0.0}],"is_beta":false,"boss_relics":[{"not_picked":["Runic Pyramid","Orrery"],"picked":"Coffee Dripper"}],"items_purged_floors":[],"is_endless":false,"potions_floor_spawned":[10,11,18,22],"killed_by":"Snecko","ascension_level":18}