{"gold_per_floor":[117,292,292,310,166,166,191,206,284,315,345,345,362,382,382,382],"floor_reached":16,"playtime":693,"items_purged":["Strike_R"],"score":116,"play_id":"bb3a621c-3f1c-4a57-86e5-d63b0b91285a","local_time":"20190529212814","is_ascension_mode":true,"campfire_choices":[{"data":"Pommel Strike","floor":6,"key":"SMITH"},{"data":"1","floor":12,"key":"LIFT"},{"data":"2","floor":15,"key":"LIFT"}],"neow_cost":"PERCENT_DAMAGE","seed_source_timestamp":910808884981755,"circlet_count":0,"master_deck":["Strike_R","Strike_R","Strike_R","Strike_R+1","Defend_R","Defend_R","Defend_R","Defend_R","Bash","Mind Blast","Panacea","Pommel Strike+1","Thunderclap","Inflame","Iron Wave+1","Demon Form","Armaments","Shrug It Off"],"relics":["Burning Blood","Whetstone","Question Card","Girya"],"potions_floor_usage":[10,14],"damage_taken":[{"damage":5,"enemies":"Small Slimes","floor":1,"turns":4},{"damage":0,"enemies":"2 Louse","floor":4,"turns":3},{"damage":31,"enemies":"3 Sentries","floor":7,"turns":8},{"damage":7,"enemies":"Jaw Worm","floor":8,"turns":3},{"damage":14,"enemies":"Lagavulin","floor":10,"turns":6},{"damage":8,"enemies":"Lots of Slimes","floor":13,"turns":2},{"damage":4,"enemies":"Blue Slaver","floor":14,"turns":5},{"damage":39,"enemies":"The Guardian","floor":16,"turns":8}],"seed_played":"9210239529132044091","potions_obtained":[{"floor":7,"key":"PowerPotion"},{"floor":10,"key":"Fruit Juice"},{"floor":14,"key":"FairyPotion"}],"is_trial":false,"path_per_floor":["M","?","?","M","$","R","E","M","T","E","?","R","M","M","R","B"],"character_chosen":"IRONCLAD","items_purchased":["Inflame"],"campfire_rested":0,"item_purchase_floors":[5],"current_hp_per_floor":[57,57,50,56,56,56,31,30,30,22,22,22,20,27,27,0],"gold":382,"neow_bonus":"RANDOM_COLORLESS_2","is_prod":false,"is_daily":false,"chose_seed":false,"campfire_upgraded":1,"win_rate":0,"timestamp":1559183294,"path_taken":["M","?","?","M","$","R","E","M","T","E","?","R","M","?","R","BOSS"],"build_version":"2019-01-23","purchased_purges":1,"victory":false,"max_hp_per_floor":[80,80,80,80,80,80,80,80,80,80,80,80,80,85,85,85],"card_choices":[{"not_picked":["Clothesline","True Grit"],"picked":"Pommel Strike","floor":1},{"not_picked":["Evolve","Sword Boomerang"],"picked":"Thunderclap","floor":4},{"not_picked":["Metallicize","Body Slam"],"picked":"Iron Wave","floor":7},{"not_picked":["Infernal Blade","Reckless Charge"],"picked":"Demon Form","floor":8},{"not_picked":["Sever Soul","Blood for Blood","Pommel Strike"],"picked":"Armaments","floor":10},{"not_picked":["Blood for Blood","Combust","Warcry","Ghostly Armor"],"picked":"SKIP","floor":13},{"not_picked":["Shockwave","Wild Strike","Dark Embrace"],"picked":"Shrug It Off","floor":14}],"player_experience":30131,"relics_obtained":[{"floor":7,"key":"Whetstone"},{"floor":9,"key":"Question Card"},{"floor":10,"key":"Girya"}],"event_choices":[{"damage_healed":0,"gold_gain":175,"player_choice":"AGREE","damage_taken":0,"max_hp_gain":0,"max_hp_loss":0,"event_name":"Liars Game","floor":2,"gold_loss":0,"cards_obtained":["Doubt"]},{"cards_removed":["Doubt"],"damage_healed":0,"gold_gain":0,"player_choice":"Card Removal","damage_taken":7,"max_hp_gain":0,"max_hp_loss":0,"event_name":"Golden Wing","floor":3,"gold_loss":0},{"damage_healed":0,"gold_gain":30,"player_choice":"Searched \u00272\u0027 times","damage_taken":0,"max_hp_gain":0,"max_hp_loss":0,"event_name":"Dead Adventurer","floor":11,"gold_loss":0}],"is_beta":false,"boss_relics":[],"items_purged_floors":[5],"is_endless":false,"potions_floor_spawned":[7,10,14],"killed_by":"The Guardian","ascension_level":1}