{"gold_per_floor":[113,10,10,24,24,24,58,58,82,82,100,100,130,147,147,220,220,220,198,209,8,8,8,41,41,41,72,84,84,103,120,120,120],"floor_reached":33,"playtime":1103,"items_purged":["Strike_R"],"score":640,"play_id":"b2c9ab23-b0cf-45a1-a07c-13004fd319a3","local_time":"20190621115355","is_ascension_mode":true,"campfire_choices":[{"data":"Uppercut","floor":6.0,"key":"SMITH"},{"data":"Bash","floor":8.0,"key":"SMITH"},{"data":"Infernal Blade","floor":10.0,"key":"SMITH"},{"data":"Shrug It Off","floor":12.0,"key":"SMITH"},{"data":"Disarm","floor":15,"key":"SMITH"},{"data":"True Grit","floor":23,"key":"SMITH"},{"floor":25,"key":"REST"},{"floor":32,"key":"REST"}],"neow_cost":"NONE","seed_source_timestamp":590266436984248,"circlet_count":0,"master_deck":["AscendersBane","Strike_R","Strike_R","Strike_R","Strike_R","Defend_R","Defend_R","Defend_R","Defend_R","Bash+1","Feel No Pain","Shrug It Off+1","Uppercut+1","Infernal Blade+1","Disarm+1","True Grit+1","Juggernaut","Clothesline","Metallicize","Reckless Charge","Rampage"],"special_seed":0,"relics":["Burning Blood","NeowsBlessing","Anchor","Art of War","Gremlin Horn","Busted Crown","Pen Nib","Peace Pipe","Orichalcum"],"potions_floor_usage":[18,27,31],"damage_taken":[{"damage":0.0,"enemies":"Jaw Worm","floor":1.0,"turns":1.0},{"damage":0.0,"enemies":"2 Louse","floor":4.0,"turns":1.0},{"damage":0.0,"enemies":"Lagavulin","floor":7.0,"turns":1.0},{"damage":2.0,"enemies":"Cultist","floor":11.0,"turns":4.0},{"damage":12.0,"enemies":"3 Sentries","floor":13.0,"turns":7.0},{"damage":0,"enemies":"2 Fungi Beasts","floor":14,"turns":3},{"damage":9,"enemies":"The Guardian","floor":16,"turns":13},{"damage":0,"enemies":"3 Byrds","floor":18,"turns":1},{"damage":21,"enemies":"2 Thieves","floor":19,"turns":4},{"damage":22,"enemies":"Snecko","floor":20,"turns":5},{"damage":36,"enemies":"Gremlin Leader","floor":24,"turns":7},{"damage":15,"enemies":"Book of Stabbing","floor":27,"turns":6},{"damage":0,"enemies":"Snake Plant","floor":28,"turns":6},{"damage":3,"enemies":"Centurion and Healer","floor":30,"turns":4},{"damage":26,"enemies":"Cultist and Chosen","floor":31,"turns":7},{"damage":83,"enemies":"Collector","floor":33,"turns":6}],"seed_played":"-6069495971009746934","potions_obtained":[{"floor":1.0,"key":"AttackPotion"},{"floor":7.0,"key":"Explosive Potion"},{"floor":16,"key":"SmokeBomb"},{"floor":20,"key":"SpeedPotion"},{"floor":30,"key":"GamblersBrew"},{"floor":31,"key":"SmokeBomb"}],"is_trial":false,"path_per_floor":["M","$","?","M","?","R","E","R","T","R","M","R","E","M","R","B",null,"M","M","M","$","?","R","E","R","T","E","M","?","M","M","R","B"],"character_chosen":"IRONCLAD","items_purchased":["Feel No Pain","Shrug It Off","Metallicize","Reckless Charge"],"campfire_rested":2,"item_purchase_floors":[2,2,21,21],"current_hp_per_floor":[74,74,74,75,64,64,70,70,70,70,74,74,68,74,74,71,74,75,60,44,44,44,44,14,36,36,27,33,48,51,31,53,0],"gold":120,"neow_bonus":"THREE_ENEMY_KILL","is_prod":false,"is_daily":false,"chose_seed":false,"campfire_upgraded":6,"win_rate":0,"timestamp":1561110835,"path_taken":["M","$","?","M","?","R","E","R","T","R","M","R","E","?","R","BOSS","M","M","M","$","?","R","E","R","T","E","M","?","M","M","R","BOSS"],"build_version":"2019-01-23","purchased_purges":1,"victory":false,"max_hp_per_floor":[75,75,75,75,75,75,75,75,75,75,75,75,75,75,75,75,75,75,75,75,75,75,75,75,75,75,75,75,75,75,75,75,75],"card_choices":[{"not_picked":["Blood for Blood","Thunderclap","Reckless Charge"],"picked":"SKIP","floor":1.0},{"not_picked":["Sentinel","Havoc"],"picked":"Uppercut","floor":4.0},{"not_picked":["Clothesline","Body Slam"],"picked":"Infernal Blade","floor":7.0},{"not_picked":["Clash","Wild Strike","Sword Boomerang"],"picked":"SKIP","floor":11.0},{"not_picked":["Warcry","Feed"],"picked":"Disarm","floor":13},{"not_picked":["Pommel Strike","Burning Pact"],"picked":"True Grit","floor":14},{"not_picked":["Dark Embrace","Impervious"],"picked":"Juggernaut","floor":16},{"not_picked":["Wild Strike"],"picked":"SKIP","floor":19},{"not_picked":[],"picked":"Clothesline","floor":20},{"not_picked":["Infernal Blade"],"picked":"SKIP","floor":24},{"not_picked":[],"picked":"Rampage","floor":27},{"not_picked":["Hemokinesis"],"picked":"SKIP","floor":28},{"not_picked":["Second Wind+1"],"picked":"SKIP","floor":30},{"not_picked":["Dual Wield+1"],"picked":"SKIP","floor":31}],"player_experience":632904,"relics_obtained":[{"floor":7.0,"key":"Anchor"},{"floor":9.0,"key":"Art of War"},{"floor":13,"key":"Gremlin Horn"},{"floor":24,"key":"Pen Nib"},{"floor":26,"key":"Peace Pipe"},{"floor":27,"key":"Orichalcum"}],"event_choices":[{"damage_healed":0.0,"max_hp_gain":0.0,"max_hp_loss":0.0,"gold_gain":0.0,"event_name":"Liars Game","player_choice":"Ignored","floor":3.0,"gold_loss":0.0,"damage_taken":0.0},{"damage_healed":0.0,"max_hp_gain":0.0,"max_hp_loss":0.0,"gold_gain":0.0,"event_name":"Wheel of Change","player_choice":"Damaged","floor":5.0,"gold_loss":0.0,"damage_taken":11.0},{"damage_healed":0,"gold_gain":0,"player_choice":"Ignored","damage_taken":0,"max_hp_gain":0,"max_hp_loss":0,"event_name":"The Mausoleum","floor":22,"gold_loss":0},{"damage_healed":15,"gold_gain":0,"player_choice":"Heal","damage_taken":0,"max_hp_gain":0,"max_hp_loss":0,"event_name":"The Library","floor":29,"gold_loss":0}],"is_beta":false,"boss_relics":[{"not_picked":["Fusion Hammer","Eternal Feather"],"picked":"Busted Crown"}],"items_purged_floors":[21],"is_endless":false,"potions_floor_spawned":[1,7,16,18,20,30,31],"killed_by":"Collector","ascension_level":20}