{"gold_per_floor":[115,131,143,143,143,184,184,208,208,208],"floor_reached":10,"playtime":186,"items_purged":[],"score":136,"play_id":"78956482-e6c6-4052-9f30-3a32900e0409","local_time":"20190518183530","is_ascension_mode":true,"campfire_choices":[{"data":"Zap","floor":7,"key":"SMITH"}],"neow_cost":"NONE","seed_source_timestamp":11374788327729,"circlet_count":0,"master_deck":["AscendersBane","Strike_B","Strike_B","Strike_B","Strike_B","Defend_B","Defend_B","Defend_B","Defend_B","Zap+1","Dualcast","Ball Lightning","Compile Driver","Auto Shields","Gash","Fusion"],"relics":["Cracked Core","Golden Idol","Du-Vu Doll","Turnip","Emotion Chip"],"potions_floor_usage":[6,10],"damage_taken":[{"damage":2,"enemies":"2 Louse","floor":1,"turns":3},{"damage":3,"enemies":"Small Slimes","floor":2,"turns":2},{"damage":12,"enemies":"Jaw Worm","floor":3,"turns":3},{"damage":14,"enemies":"Lagavulin","floor":6,"turns":5},{"damage":8,"enemies":"Red Slaver","floor":8,"turns":3},{"damage":7,"enemies":"3 Louse","floor":10,"turns":1}],"seed_played":"5351129164853372718","potions_obtained":[{"floor":2,"key":"FearPotion"},{"floor":3,"key":"EssenceOfSteel"},{"floor":6,"key":"LiquidBronze"}],"is_trial":false,"path_per_floor":["M","M","M","?","?","E","R","M","T","M"],"character_chosen":"DEFECT","items_purchased":[],"campfire_rested":0,"item_purchase_floors":[],"current_hp_per_floor":[69,66,54,54,28,14,14,6,6,0],"gold":208,"neow_bonus":"TEN_PERCENT_HP_BONUS","is_prod":false,"is_daily":false,"chose_seed":false,"campfire_upgraded":1,"win_rate":0,"timestamp":1558197330,"path_taken":["M","M","M","?","?","E","R","M","T","M"],"build_version":"2019-05-07","purchased_purges":0,"victory":false,"max_hp_per_floor":[78,78,78,71,71,71,71,71,71,71],"card_choices":[{"not_picked":["Rip and Tear","Consume"],"picked":"Ball Lightning","floor":1},{"not_picked":["Barrage","Streamline"],"picked":"Compile Driver","floor":2},{"not_picked":["Sweeping Beam","Conserve Battery"],"picked":"Auto Shields","floor":3},{"not_picked":["Gash","Recycle","Turbo"],"picked":"SKIP","floor":6},{"not_picked":["Recycle","Turbo"],"picked":"Gash","floor":6},{"not_picked":["Storm","Streamline"],"picked":"Fusion","floor":8}],"player_experience":1558473,"relics_obtained":[{"floor":6,"key":"Turnip"},{"floor":9,"key":"Emotion Chip"}],"event_choices":[{"damage_healed":0,"gold_gain":0,"player_choice":"Lose Max HP","damage_taken":0,"relics_obtained":["Golden Idol"],"max_hp_gain":0,"max_hp_loss":7,"event_name":"Golden Idol","floor":4,"gold_loss":0},{"damage_healed":0,"gold_gain":0,"player_choice":"Success","damage_taken":26,"relics_obtained":["Du-Vu Doll"],"max_hp_gain":0,"max_hp_loss":0,"event_name":"Scrap Ooze","floor":5,"gold_loss":0}],"is_beta":true,"boss_relics":[],"items_purged_floors":[],"is_endless":false,"potions_floor_spawned":[2,3,6],"killed_by":"3 Louse","ascension_level":20}