{"gold_per_floor":[110,60,73,248,258,258,32,96,148,148,175,189,37,56,56,161,161,176,266,277,0,17,17,32,63,109,135,147,147,175,191,191,292,292,311,322,422,422,81,106,106,106,106,120,137,12,24,58,58,58],"floor_reached":51,"playtime":3640,"items_purged":["Doubt","Normality","Pain"],"score":767,"play_id":"b042c7b0-b933-4152-b744-f066935c0d66","local_time":"20190528224059","is_ascension_mode":false,"campfire_choices":[{"data":"Intimidate","floor":6,"key":"SMITH"},{"data":"Bash","floor":10,"key":"SMITH"},{"data":"Flex","floor":15,"key":"SMITH"},{"data":"Pummel","floor":23,"key":"SMITH"},{"data":"Shrug It Off","floor":29,"key":"SMITH"},{"data":"Headbutt","floor":32,"key":"SMITH"},{"floor":41,"key":"REST"},{"floor":49,"key":"REST"}],"neow_cost":"NONE","seed_source_timestamp":825763374085126,"circlet_count":0,"master_deck":["Strike_R","Strike_R","Strike_R","Strike_R","Defend_R","Defend_R","Defend_R","Bash+1","Ghostly Armor","Clothesline+1","Metallicize","Intimidate+1","Flex+1","Shrug It Off+1","Pummel+1","Juggernaut","Battle Trance","Swift Strike","Cleave","Carnage+1","Cleave+1","Armaments+1","Headbutt+1","Heavy Blade+1","Limit Break+1","Rampage+1","Thunderclap+1","Trip+1","Secret Technique+1","Flex+1","Shrug It Off+1","Flame Barrier+1","Parasite","Double Tap+1"],"relics":["Burning Blood","Bag of Marbles","Matryoshka","Lantern","Bag of Preparation","Letter Opener","Bronze Scales","Cursed Key","Strange Spoon","Charon\u0027s Ashes","Orichalcum","Whetstone","Toxic Egg 2","Ice Cream","Fusion Hammer","Mango","Shuriken","Anchor","Self Forming Clay","PreservedInsect"],"potions_floor_usage":[8,11,16,25,25,33,37,40,48,50],"damage_taken":[{"damage":5,"enemies":"2 Louse","floor":1,"turns":3},{"damage":6,"enemies":"Jaw Worm","floor":3,"turns":4},{"damage":4,"enemies":"Cultist","floor":5,"turns":3},{"damage":24,"enemies":"Gremlin Nob","floor":8,"turns":5},{"damage":7,"enemies":"Gremlin Nob","floor":11,"turns":3},{"damage":5,"enemies":"Large Slime","floor":12,"turns":4},{"damage":5,"enemies":"Exordium Thugs","floor":14,"turns":4},{"damage":32,"enemies":"Slime Boss","floor":16,"turns":15},{"damage":3,"enemies":"Shell Parasite","floor":18,"turns":3},{"damage":0,"enemies":"Spheric Guardian","floor":20,"turns":2},{"damage":7,"enemies":"Shelled Parasite and Fungi","floor":22,"turns":4},{"damage":12,"enemies":"Snake Plant","floor":24,"turns":3},{"damage":8,"enemies":"Book of Stabbing","floor":25,"turns":4},{"damage":9,"enemies":"Slavers","floor":27,"turns":3},{"damage":0,"enemies":"Snecko","floor":28,"turns":3},{"damage":12,"enemies":"Gremlin Leader","floor":30,"turns":5},{"damage":0,"enemies":"Cultist and Chosen","floor":31,"turns":1},{"damage":41,"enemies":"Champ","floor":33,"turns":9},{"damage":0,"enemies":"3 Shapes","floor":35,"turns":2},{"damage":8,"enemies":"3 Darklings","floor":36,"turns":4},{"damage":12,"enemies":"Mind Bloom Boss Battle","floor":37,"turns":9},{"damage":17,"enemies":"Reptomancer","floor":40,"turns":3},{"damage":5,"enemies":"Maw","floor":44,"turns":4},{"damage":21,"enemies":"Sphere and 2 Shapes","floor":45,"turns":3},{"damage":16,"enemies":"Writhing Mass","floor":47,"turns":4},{"damage":22,"enemies":"Nemesis","floor":48,"turns":5},{"damage":54,"enemies":"Awakened One","floor":50,"turns":8}],"seed_played":"1390934005722140821","potions_obtained":[{"floor":1,"key":"Poison Potion"},{"floor":5,"key":"Fire Potion"},{"floor":8,"key":"SteroidPotion"},{"floor":16,"key":"Energy Potion"},{"floor":22,"key":"Dexterity Potion"},{"floor":24,"key":"Fire Potion"},{"floor":30,"key":"LiquidBronze"},{"floor":31,"key":"Explosive Potion"},{"floor":40,"key":"Dexterity Potion"},{"floor":47,"key":"Swift Potion"}],"is_trial":false,"path_per_floor":["M","?","M","?","M","R","$","?","T","R","E","M","$","M","R","B",null,"M","?","M","$","M","R","M","E","T","E","M","R","E","M","R","B",null,"M","M","?","?","$","E","R","?","T","M","M","$","M","E","R","B",null],"character_chosen":"IRONCLAD","items_purchased":["Bag of Marbles","Bronze Scales","Strange Spoon","Carnage","Shuriken"],"campfire_rested":2,"item_purchase_floors":[7,13,21,21,39],"current_hp_per_floor":[80,80,80,80,80,80,80,62,62,62,61,62,62,63,63,37,80,80,56,62,62,61,61,55,53,53,50,56,56,50,56,56,21,80,80,78,86,81,81,70,94,94,94,94,79,79,69,53,81,33],"gold":58,"neow_bonus":"TRANSFORM_CARD","is_prod":false,"is_daily":false,"chose_seed":false,"campfire_upgraded":6,"win_rate":0.0,"timestamp":1559101259,"path_taken":["M","?","M","?","M","R","$","?","T","R","E","?","?","M","R","BOSS","M","?","M","?","M","R","M","E","T","E","M","R","E","M","R","BOSS","M","M","?","?","?","E","R","?","T","M","M","?","M","E","R","BOSS"],"build_version":"2019-01-23","purchased_purges":3,"victory":true,"max_hp_per_floor":[80,80,80,80,80,80,80,80,80,80,80,80,80,80,80,80,80,80,80,80,80,80,80,80,80,80,80,80,80,80,80,80,80,80,80,80,94,94,94,94,94,94,94,94,94,94,94,94,94,94],"card_choices":[{"not_picked":["Blood for Blood","Sever Soul"],"picked":"Clothesline","floor":1},{"not_picked":["Cleave","Headbutt"],"picked":"Metallicize","floor":3},{"not_picked":["Searing Blow","Ghostly Armor"],"picked":"Intimidate","floor":5},{"not_picked":["Burning Pact","Iron Wave"],"picked":"Flex","floor":8},{"not_picked":["Dark Embrace","Power Through","Rage"],"picked":"SKIP","floor":11},{"not_picked":["Sword Boomerang","Headbutt"],"picked":"Shrug It Off","floor":12},{"not_picked":["Rage","Rupture"],"picked":"Pummel","floor":14},{"not_picked":["Brutality","Bludgeon"],"picked":"Juggernaut","floor":16},{"not_picked":["Pummel","Flex"],"picked":"Battle Trance","floor":18},{"not_picked":["Clothesline","Flex"],"picked":"Cleave","floor":20},{"not_picked":["Clothesline","Sever Soul","Flex+1"],"picked":"SKIP","floor":22},{"not_picked":["Warcry","Dual Wield"],"picked":"Cleave+1","floor":24},{"not_picked":["Headbutt+1","Twin Strike","Perfected Strike"],"picked":"SKIP","floor":25},{"not_picked":["Clothesline","Entrench"],"picked":"Armaments","floor":27},{"not_picked":["Bludgeon","Sever Soul+1","Ghostly Armor+1"],"picked":"SKIP","floor":28},{"not_picked":["Anger","Demon Form"],"picked":"Headbutt","floor":30},{"not_picked":["Disarm+1","Dual Wield+1"],"picked":"Heavy Blade+1","floor":31},{"not_picked":["Bludgeon","Feed"],"picked":"Limit Break+1","floor":33},{"not_picked":["Second Wind+1","Headbutt","Perfected Strike"],"picked":"SKIP","floor":35},{"not_picked":["Pommel Strike","Headbutt"],"picked":"Rampage+1","floor":36},{"not_picked":["Whirlwind","True Grit+1"],"picked":"Thunderclap+1","floor":37},{"not_picked":["Blind+1","Forethought+1"],"picked":"Trip+1","floor":38},{"not_picked":["Purity+1","Transmutation+1"],"picked":"Secret Technique+1","floor":38},{"not_picked":["Rampage+1","Iron Wave+1"],"picked":"Flex+1","floor":40},{"not_picked":["Clash+1","Bloodletting+1"],"picked":"Shrug It Off+1","floor":44},{"not_picked":["Armaments+1","Twin Strike+1"],"picked":"Flame Barrier+1","floor":45},{"not_picked":["Seeing Red+1","Sword Boomerang","Uppercut"],"picked":"SKIP","floor":47},{"not_picked":["Corruption","Dropkick+1"],"picked":"Double Tap+1","floor":48}],"player_experience":6738,"relics_obtained":[{"floor":9,"key":"Lantern"},{"floor":9,"key":"Bag of Preparation"},{"floor":11,"key":"Letter Opener"},{"floor":25,"key":"Charon\u0027s Ashes"},{"floor":26,"key":"Orichalcum"},{"floor":26,"key":"Whetstone"},{"floor":27,"key":"Toxic Egg 2"},{"floor":30,"key":"Ice Cream"},{"floor":37,"key":"Mango"},{"floor":40,"key":"Anchor"},{"floor":43,"key":"Self Forming Clay"},{"floor":48,"key":"PreservedInsect"}],"event_choices":[{"cards_removed":["Defend_R"],"damage_healed":0,"gold_gain":0,"player_choice":"Card Removal","damage_taken":0,"max_hp_gain":0,"max_hp_loss":0,"event_name":"The Cleric","floor":2,"gold_loss":50},{"damage_healed":0,"gold_gain":175,"player_choice":"AGREE","damage_taken":0,"max_hp_gain":0,"max_hp_loss":0,"event_name":"Liars Game","floor":4,"gold_loss":0,"cards_obtained":["Doubt"]},{"damage_healed":0,"gold_gain":0,"player_choice":"Searched \u00273\u0027 times","damage_taken":0,"relics_obtained":["Matryoshka"],"max_hp_gain":0,"max_hp_loss":0,"event_name":"Dead Adventurer","floor":8,"gold_loss":0},{"damage_healed":0,"gold_gain":90,"player_choice":"CARD GOLD ","damage_taken":24,"max_hp_gain":0,"max_hp_loss":0,"event_name":"Knowing Skull","floor":19,"potions_obtained":[],"gold_loss":0,"cards_obtained":["Swift Strike"]},{"damage_healed":0,"gold_gain":0,"player_choice":"Fight","damage_taken":0,"max_hp_gain":0,"max_hp_loss":0,"event_name":"MindBloom","floor":37,"gold_loss":0},{"damage_healed":0,"gold_gain":0,"player_choice":"Memory 2","damage_taken":5,"max_hp_gain":0,"max_hp_loss":0,"event_name":"SensoryStone","floor":38,"gold_loss":0},{"damage_healed":0,"gold_gain":0,"player_choice":"Ignored","damage_taken":0,"max_hp_gain":0,"max_hp_loss":0,"event_name":"Mysterious Sphere","floor":42,"gold_loss":0}],"is_beta":false,"boss_relics":[{"not_picked":["Philosopher\u0027s Stone","Ectoplasm"],"picked":"Cursed Key"},{"not_picked":["Coffee Dripper","Sozu"],"picked":"Fusion Hammer"}],"items_purged_floors":[7,39,46],"is_endless":false,"potions_floor_spawned":[1,5,8,16,22,24,30,31,40,47],"ascension_level":0}