{"gold_per_floor":[113,19,19,31,31,60,60,88,139,164,182,182,44,119,119,190,190,209,226,151,166,185,185,203,203,203,223,252,252,252,267,267,267],"floor_reached":33,"playtime":964,"items_purged":[],"score":620,"play_id":"7c20c3e7-1146-49d4-8e1e-ac223473adac","local_time":"20190528193215","is_ascension_mode":true,"campfire_choices":[{"data":"Inflame","floor":7,"key":"SMITH"},{"data":"True Grit","floor":12,"key":"SMITH"},{"data":"Bash","floor":15,"key":"SMITH"},{"data":"Heavy Blade","floor":23,"key":"SMITH"},{"data":"Heavy Blade","floor":25,"key":"SMITH"},{"data":"Spot Weakness","floor":29,"key":"SMITH"},{"data":"Whirlwind","floor":32,"key":"SMITH"}],"neow_cost":"NONE","seed_source_timestamp":955915270376028,"circlet_count":0,"master_deck":["AscendersBane","Strike_R","Strike_R","Strike_R","Defend_R+1","Defend_R","Defend_R+1","Defend_R","Bash+1","Thunderclap","Inflame+1","Iron Wave","Heavy Blade+1","True Grit+1","Wild Strike","Spot Weakness+1","Cleave","Immolate","Heavy Blade+1","Clothesline","Whirlwind+1","Shrug It Off+1","Feed"],"relics":["Burning Blood","NeowsBlessing","War Paint","Lantern","Bag of Preparation","Meat on the Bone","Bottled Flame","Coffee Dripper","Happy Flower","Nloth\u0027s Gift"],"potions_floor_usage":[16,21,21],"damage_taken":[{"damage":0,"enemies":"Cultist","floor":1,"turns":1},{"damage":0,"enemies":"Small Slimes","floor":4,"turns":1},{"damage":0,"enemies":"Lagavulin","floor":6,"turns":1},{"damage":32,"enemies":"Gremlin Nob","floor":8,"turns":4},{"damage":24,"enemies":"3 Sentries","floor":10,"turns":6},{"damage":4,"enemies":"Jaw Worm","floor":11,"turns":3},{"damage":25,"enemies":"Slime Boss","floor":16,"turns":8},{"damage":6,"enemies":"Spheric Guardian","floor":18,"turns":3},{"damage":34,"enemies":"2 Thieves","floor":19,"turns":4},{"damage":0,"enemies":"Chosen and Byrds","floor":21,"turns":3},{"damage":18,"enemies":"Snake Plant","floor":22,"turns":3},{"damage":2,"enemies":"Centurion and Healer","floor":24,"turns":4},{"damage":2,"enemies":"Snecko","floor":27,"turns":3},{"damage":40,"enemies":"Book of Stabbing","floor":28,"turns":4},{"damage":12,"enemies":"Cultist and Chosen","floor":31,"turns":3},{"damage":62,"enemies":"Champ","floor":33,"turns":7}],"seed_played":"2180652145771420609","potions_obtained":[{"floor":10,"key":"Fire Potion"},{"floor":11,"key":"Strength Potion"},{"floor":16,"key":"Strength Potion"},{"floor":24,"key":"SpeedPotion"},{"floor":28,"key":"LiquidBronze"}],"is_trial":false,"path_per_floor":["M","$","?","M","?","E","R","E","T","E","M","R","$","T","R","B",null,"M","M","?","M","M","R","M","R","T","M","E","R","?","M","R","B"],"character_chosen":"IRONCLAD","items_purchased":["Inflame","Iron Wave","Spot Weakness","Cleave"],"campfire_rested":0,"item_purchase_floors":[2,2,13,13],"current_hp_per_floor":[74,74,79,80,73,79,79,53,53,35,49,49,49,49,49,42,71,71,55,55,61,49,49,53,53,53,57,35,35,35,41,41,0],"gold":267,"neow_bonus":"THREE_ENEMY_KILL","is_prod":false,"is_daily":false,"chose_seed":false,"campfire_upgraded":7,"win_rate":0,"timestamp":1559064735,"path_taken":["M","$","?","M","?","E","R","E","T","E","M","R","$","?","R","BOSS","M","M","?","M","M","R","M","R","T","M","E","R","?","M","R","BOSS"],"build_version":"2019-01-23","purchased_purges":0,"victory":false,"max_hp_per_floor":[75,75,80,80,80,80,80,80,80,80,80,80,80,80,80,80,80,80,80,80,80,80,80,80,80,80,80,80,80,80,80,80,80],"card_choices":[{"not_picked":["Clothesline","Havoc"],"picked":"Thunderclap","floor":1},{"not_picked":["Shockwave","Clothesline"],"picked":"Heavy Blade","floor":4},{"not_picked":["Clash","Power Through","Blood for Blood"],"picked":"SKIP","floor":6},{"not_picked":["Havoc","Clash","Disarm"],"picked":"SKIP","floor":8},{"not_picked":["Battle Trance","Wild Strike"],"picked":"True Grit","floor":10},{"not_picked":["Flex","Anger"],"picked":"Wild Strike","floor":11},{"not_picked":["Fiend Fire","Offering"],"picked":"Immolate","floor":16},{"not_picked":["Warcry","Sever Soul+1"],"picked":"Heavy Blade","floor":18},{"not_picked":["Inflame","Infernal Blade"],"picked":"Clothesline","floor":19},{"not_picked":["Shrug It Off","Metallicize","Clothesline"],"picked":"SKIP","floor":21},{"not_picked":["Sentinel","Disarm"],"picked":"Whirlwind","floor":22},{"not_picked":["Uppercut","Sever Soul"],"picked":"Shrug It Off+1","floor":24},{"not_picked":["Pommel Strike","Shrug It Off","Headbutt+1"],"picked":"SKIP","floor":27},{"not_picked":["Pommel Strike","Shrug It Off","Headbutt+1"],"picked":"SKIP","floor":27},{"not_picked":["Barricade","Body Slam"],"picked":"Feed","floor":28},{"not_picked":["Headbutt","Armaments","Body Slam"],"picked":"SKIP","floor":31}],"player_experience":452512,"relics_obtained":[{"floor":6,"key":"War Paint"},{"floor":8,"key":"Lantern"},{"floor":9,"key":"Bag of Preparation"},{"floor":10,"key":"Meat on the Bone"},{"floor":14,"key":"Bottled Flame"},{"floor":26,"key":"Happy Flower"},{"floor":28,"key":"Calipers"}],"event_choices":[{"damage_healed":0,"gold_gain":0,"player_choice":"Donut","damage_taken":0,"max_hp_gain":5,"max_hp_loss":0,"event_name":"Big Fish","floor":3,"gold_loss":0},{"cards_removed":["Strike_R"],"damage_healed":0,"gold_gain":0,"player_choice":"Card Removal","damage_taken":7,"max_hp_gain":0,"max_hp_loss":0,"event_name":"Golden Wing","floor":5,"gold_loss":0},{"cards_removed":["Strike_R"],"damage_healed":0,"gold_gain":0,"player_choice":"Gave Gold","damage_taken":0,"max_hp_gain":0,"max_hp_loss":0,"event_name":"Beggar","floor":20,"gold_loss":75},{"damage_healed":0,"gold_gain":0,"player_choice":"Traded Relic","damage_taken":0,"relics_obtained":["Nloth\u0027s Gift"],"max_hp_gain":0,"max_hp_loss":0,"event_name":"N\u0027loth","floor":30,"relics_lost":["Calipers"],"gold_loss":0}],"is_beta":false,"boss_relics":[{"not_picked":["Ectoplasm","Tiny House"],"picked":"Coffee Dripper"}],"items_purged_floors":[],"is_endless":false,"potions_floor_spawned":[10,11,16,19,24,28,31],"killed_by":"Champ","ascension_level":20}