{"gold_per_floor":[18,34,34,51,126,126,144,177,177,197,197],"floor_reached":11,"playtime":301,"items_purged":[],"score":124,"play_id":"59dd6224-51e5-442a-a80e-641b6eaeefda","local_time":"20190510235011","is_ascension_mode":true,"campfire_choices":[{"data":"Zap","floor":6,"key":"SMITH"}],"neow_cost":"NO_GOLD","seed_source_timestamp":2035148739965291,"circlet_count":0,"master_deck":["AscendersBane","Strike_B","Strike_B","Strike_B","Defend_B","Defend_B","Defend_B","Defend_B","Zap+1","Dualcast","Ball Lightning","Streamline","Coolheaded","Defragment","Reinforced Body","Conserve Battery"],"relics":["Cracked Core","Emotion Chip","Lantern","Orichalcum"],"potions_floor_usage":[8],"damage_taken":[{"damage":8,"enemies":"2 Louse","floor":1,"turns":3},{"damage":0,"enemies":"Small Slimes","floor":2,"turns":3},{"damage":0,"enemies":"Cultist","floor":4,"turns":3},{"damage":4,"enemies":"Looter","floor":7,"turns":2},{"damage":17,"enemies":"Lagavulin","floor":8,"turns":6},{"damage":11,"enemies":"3 Louse","floor":10,"turns":3},{"damage":12,"enemies":"Gremlin Nob","floor":11,"turns":2}],"seed_played":"-8571815861274987583","potions_obtained":[{"floor":7,"key":"Dexterity Potion"}],"is_trial":false,"path_per_floor":["M","M","?","M","?","R","M","E","T","M","E"],"character_chosen":"DEFECT","items_purchased":[],"campfire_rested":0,"item_purchase_floors":[],"current_hp_per_floor":[60,60,53,53,42,42,38,21,21,10,0],"gold":197,"neow_bonus":"ONE_RARE_RELIC","is_prod":false,"is_daily":false,"chose_seed":false,"campfire_upgraded":1,"win_rate":0,"timestamp":1557525011,"path_taken":["M","M","?","M","?","R","M","E","T","M","E"],"build_version":"2019-01-23","purchased_purges":0,"victory":false,"max_hp_per_floor":[75,75,75,75,75,75,75,75,75,75,75],"card_choices":[{"not_picked":["Conserve Battery","Compile Driver"],"picked":"Ball Lightning","floor":1},{"not_picked":["Turbo","Steam Power"],"picked":"Streamline","floor":2},{"not_picked":["Aggregate","Stack"],"picked":"Coolheaded","floor":4},{"not_picked":["Scrape","Rebound"],"picked":"Defragment","floor":7},{"not_picked":["Gash","Beam Cell"],"picked":"Reinforced Body","floor":8},{"not_picked":["Lockon","Rip and Tear"],"picked":"Conserve Battery","floor":10}],"player_experience":315824,"relics_obtained":[{"floor":8,"key":"Lantern"},{"floor":9,"key":"Orichalcum"}],"event_choices":[{"cards_removed":["Strike_B"],"damage_healed":0,"gold_gain":0,"player_choice":"Card Removal","damage_taken":7,"max_hp_gain":0,"max_hp_loss":0,"event_name":"Golden Wing","floor":3,"gold_loss":0},{"damage_healed":0,"gold_gain":75,"player_choice":"Gather Gold","damage_taken":11,"max_hp_gain":0,"max_hp_loss":0,"event_name":"World of Goop","floor":5,"gold_loss":0}],"is_beta":false,"boss_relics":[],"items_purged_floors":[],"is_endless":false,"potions_floor_spawned":[7],"killed_by":"Gremlin Nob","ascension_level":13}