{"gold_per_floor":[210,8,22,41,53,53,83,101,101,101,101,101,117,117,117,214,214,214,214,214,129,129,129,129,4,4,4,4,4,4,4,4,4,4,4,4,4,4,4,4,4,4,4,4,4,4,4,4,4,4],"floor_reached":51,"playtime":5709,"items_purged":["Strike_R","Defend_R"],"score":754,"play_id":"7857a8fc-97c9-49f4-949d-9b1d95019d25","local_time":"20190629220414","is_ascension_mode":true,"campfire_choices":[{"data":"Infernal Blade","floor":6,"key":"SMITH"},{"data":"Spot Weakness","floor":10,"key":"SMITH"},{"data":"1","floor":15,"key":"LIFT"},{"data":"2","floor":23,"key":"LIFT"},{"data":"3","floor":27,"key":"LIFT"},{"floor":32,"key":"REST"},{"floor":41,"key":"REST"},{"floor":49,"key":"REST"}],"neow_cost":"NONE","seed_source_timestamp":1822624604077368,"circlet_count":0,"master_deck":["Strike_R","Strike_R","Strike_R","Strike_R","Defend_R","Defend_R","Bash","Pommel Strike","Infernal Blade+1","Perfected Strike","Pommel Strike","Anger+1","Spot Weakness+1","Flex+1","Limit Break+1","Flex+1","Wild Strike+1","Brutality","Twin Strike+1","Anger+1","Heavy Blade+1","Inflame+1","Heavy Blade+1","Demon Form+1","Flex+1","Madness+1","Madness+1"],"relics":["Burning Blood","Molten Egg 2","Toxic Egg 2","Girya","NlothsMask","Ectoplasm","Old Coin","Gremlin Horn","Singing Bowl","Red Mask","Incense Burner","Busted Crown","PreservedInsect","Boot"],"potions_floor_usage":[7,7,20,20,31,50],"damage_taken":[{"damage":0,"enemies":"Small Slimes","floor":1,"turns":3},{"damage":6,"enemies":"Jaw Worm","floor":3,"turns":3},{"damage":1,"enemies":"Cultist","floor":4,"turns":3},{"damage":8,"enemies":"Blue Slaver","floor":5,"turns":5},{"damage":13,"enemies":"Lagavulin","floor":7,"turns":7},{"damage":0,"enemies":"2 Fungi Beasts","floor":8,"turns":2},{"damage":0,"enemies":"3 Louse","floor":13,"turns":2},{"damage":46,"enemies":"Hexaghost","floor":16,"turns":6},{"damage":5,"enemies":"Spheric Guardian","floor":18,"turns":3},{"damage":10,"enemies":"Shell Parasite","floor":19,"turns":2},{"damage":12,"enemies":"Colosseum Slavers","floor":20,"turns":2},{"damage":10,"enemies":"Colosseum Nobs","floor":20,"turns":3},{"damage":1,"enemies":"Masked Bandits","floor":22,"turns":2},{"damage":0,"enemies":"Snake Plant","floor":24,"turns":2},{"damage":28,"enemies":"Book of Stabbing","floor":30,"turns":3},{"damage":6,"enemies":"Chosen and Byrds","floor":31,"turns":3},{"damage":21,"enemies":"Collector","floor":33,"turns":5},{"damage":0,"enemies":"Orb Walker","floor":35,"turns":1},{"damage":11,"enemies":"3 Shapes","floor":38,"turns":3},{"damage":3,"enemies":"3 Darklings","floor":39,"turns":2},{"damage":32,"enemies":"Reptomancer","floor":40,"turns":3},{"damage":0,"enemies":"4 Shapes","floor":46,"turns":1},{"damage":13,"enemies":"Sphere and 2 Shapes","floor":48,"turns":2},{"damage":72,"enemies":"Time Eater","floor":50,"turns":6}],"seed_played":"-7391461272838278718","potions_obtained":[{"floor":5,"key":"SteroidPotion"},{"floor":8,"key":"BloodPotion"},{"floor":13,"key":"Strength Potion"},{"floor":16,"key":"Fire Potion"},{"floor":20,"key":"BloodPotion"},{"floor":31,"key":"Regen Potion"},{"floor":35,"key":"Ancient Potion"},{"floor":46,"key":"Explosive Potion"}],"is_trial":false,"path_per_floor":["M","$","M","M","M","R","E","M","T","R","?","?","M","?","R","B",null,"M","M","?","?","?","R","M","$","T","R","?","?","E","M","R","B",null,"M","?","?","M","M","E","R","?","T","?","$","M","$","M","R","B",null],"character_chosen":"IRONCLAD","items_purchased":["Pommel Strike","EssenceOfSteel","Anger+1"],"campfire_rested":3,"item_purchase_floors":[2,2,25],"current_hp_per_floor":[80,80,80,80,78,78,71,77,77,77,74,74,80,73,73,33,80,80,76,66,66,73,73,79,79,79,79,79,63,41,49,75,60,87,87,76,76,73,78,54,81,81,81,81,81,89,89,84,97,45],"gold":4,"neow_bonus":"HUNDRED_GOLD","is_prod":false,"is_daily":false,"chose_seed":false,"campfire_upgraded":2,"win_rate":0,"timestamp":1561860254,"path_taken":["M","$","M","M","M","R","E","M","T","R","?","?","?","?","R","BOSS","M","M","?","?","?","R","M","$","T","R","?","?","E","M","R","BOSS","M","?","?","M","?","E","R","?","T","?","$","M","?","M","R","BOSS"],"build_version":"2019-01-23","purchased_purges":2,"victory":true,"max_hp_per_floor":[80,80,80,80,80,80,80,80,80,80,80,80,80,80,80,80,80,80,80,80,80,82,82,82,82,82,82,82,87,87,87,87,87,87,87,87,87,89,91,93,93,93,93,93,93,95,95,97,97,97],"card_choices":[{"not_picked":["Sword Boomerang","Blood for Blood"],"picked":"Iron Wave","floor":1},{"not_picked":["Dual Wield","Clothesline"],"picked":"Infernal Blade","floor":3},{"not_picked":["Twin Strike","Bloodletting"],"picked":"Perfected Strike","floor":4},{"not_picked":["Warcry","Power Through"],"picked":"Pommel Strike","floor":5},{"not_picked":["Havoc","Spot Weakness"],"picked":"Anger","floor":7},{"not_picked":["Headbutt+1","Armaments"],"picked":"Spot Weakness","floor":8},{"not_picked":["Warcry+1","Body Slam+1"],"picked":"Flex+1","floor":13},{"not_picked":["Brutality","Bludgeon+1"],"picked":"Limit Break+1","floor":16},{"not_picked":["Wild Strike+1","Anger+1"],"picked":"Flex+1","floor":18},{"not_picked":["Headbutt+1","Thunderclap+1"],"picked":"Wild Strike+1","floor":19},{"not_picked":["Uppercut+1","Whirlwind+1"],"picked":"Brutality","floor":20},{"not_picked":["Warcry+1","Clash+1","Sword Boomerang+1"],"picked":"Singing Bowl","floor":22},{"not_picked":["Armaments+1","Headbutt+1"],"picked":"Twin Strike+1","floor":24},{"not_picked":["Cleave+1","Limit Break+1"],"picked":"Inflame+1","floor":30},{"not_picked":["Shrug It Off+1","Metallicize+1"],"picked":"Heavy Blade+1","floor":31},{"not_picked":["Bludgeon+1","Berserk"],"picked":"Demon Form","floor":33},{"not_picked":[],"picked":"Flex+1","floor":35},{"not_picked":["Iron Wave+1"],"picked":"Singing Bowl","floor":38},{"not_picked":["Iron Wave+1"],"picked":"Singing Bowl","floor":39},{"not_picked":["Disarm+1"],"picked":"Singing Bowl","floor":40},{"not_picked":["Fire Breathing+1"],"picked":"Singing Bowl","floor":46},{"not_picked":["Armaments+1"],"picked":"Singing Bowl","floor":48}],"player_experience":1305029,"relics_obtained":[{"floor":7,"key":"Molten Egg 2"},{"floor":9,"key":"Toxic Egg 2"},{"floor":20,"key":"Old Coin"},{"floor":20,"key":"Gremlin Horn"},{"floor":22,"key":"Red Mask"},{"floor":30,"key":"Incense Burner"},{"floor":40,"key":"PreservedInsect"},{"floor":43,"key":"Boot"}],"event_choices":[{"damage_healed":0,"gold_gain":0,"player_choice":"Success","damage_taken":3,"relics_obtained":["Girya"],"max_hp_gain":0,"max_hp_loss":0,"event_name":"Scrap Ooze","floor":11,"gold_loss":0},{"damage_healed":0,"gold_gain":0,"player_choice":"Trade","damage_taken":0,"relics_obtained":["NlothsMask"],"max_hp_gain":0,"max_hp_loss":0,"event_name":"FaceTrader","floor":12,"gold_loss":0},{"cards_removed":["Defend_R"],"damage_healed":0,"gold_gain":0,"player_choice":"Card Removal","damage_taken":7,"max_hp_gain":0,"max_hp_loss":0,"event_name":"Golden Wing","floor":14,"gold_loss":0},{"damage_healed":0,"gold_gain":0,"player_choice":"Fight","damage_taken":0,"max_hp_gain":0,"max_hp_loss":0,"event_name":"Colosseum","floor":20,"gold_loss":0},{"damage_healed":0,"gold_gain":0,"player_choice":"Fought Nobs","damage_taken":0,"max_hp_gain":0,"max_hp_loss":0,"event_name":"Colosseum","floor":20,"gold_loss":0},{"damage_healed":0,"gold_gain":0,"player_choice":"Obtained Relic","damage_taken":0,"relics_obtained":["Singing Bowl"],"max_hp_gain":0,"max_hp_loss":0,"event_name":"Addict","floor":21,"gold_loss":85},{"damage_healed":0,"gold_gain":0,"player_choice":"Fought Bandits","damage_taken":0,"max_hp_gain":0,"max_hp_loss":0,"event_name":"Masked Bandits","floor":22,"gold_loss":0},{"damage_healed":0,"gold_gain":0,"player_choice":"Read","damage_taken":0,"max_hp_gain":0,"max_hp_loss":0,"event_name":"The Library","floor":28,"gold_loss":0,"cards_obtained":["Heavy Blade"]},{"damage_healed":0,"gold_gain":0,"player_choice":"Shed Blood","damage_taken":21,"max_hp_gain":5,"max_hp_loss":0,"event_name":"Forgotten Altar","floor":29,"gold_loss":0},{"damage_healed":0,"gold_gain":0,"player_choice":"Embrace Madness","damage_taken":11,"max_hp_gain":0,"max_hp_loss":0,"event_name":"Winding Halls","floor":36,"gold_loss":0,"cards_obtained":["Madness","Madness"]},{"damage_healed":0,"gold_gain":0,"player_choice":"Upgraded","damage_taken":0,"max_hp_gain":0,"max_hp_loss":0,"event_name":"Upgrade Shrine","floor":37,"gold_loss":0,"cards_upgraded":["Demon Form"]},{"damage_healed":0,"gold_gain":0,"player_choice":"Ignored","damage_taken":0,"max_hp_gain":0,"max_hp_loss":0,"event_name":"Mysterious Sphere","floor":42,"gold_loss":0},{"cards_removed":["Iron Wave"],"damage_healed":0,"gold_gain":0,"player_choice":"Removed Attack","damage_taken":0,"max_hp_gain":0,"max_hp_loss":0,"event_name":"Falling","floor":44,"gold_loss":0}],"is_beta":false,"boss_relics":[{"not_picked":["Coffee Dripper","Calling Bell"],"picked":"Ectoplasm"},{"not_picked":["Black Star","White Beast Statue"],"picked":"Busted Crown"}],"items_purged_floors":[2,25],"is_endless":false,"potions_floor_spawned":[5,8,13,16,20,20,31,35,46,48],"ascension_level":1}