{"gold_per_floor":[113,63,90,108,119,146,146,163,163,173,173,49,114,148,148,253,253,178,178,27,27,27,27,27,27,27,27,27,27,27,27,27,27,27,27,27,27,27,0,0,0,0,0,0,0,0,0,0,0,0],"floor_reached":50,"playtime":3113,"items_purged":[],"score":692,"play_id":"c9d81176-eda1-469e-baea-4e7448aa02f8","local_time":"20190308125947","is_ascension_mode":true,"campfire_choices":[{"data":"Cloak And Dagger","floor":7,"key":"SMITH"},{"data":"Footwork","floor":11,"key":"SMITH"},{"data":"Footwork","floor":15,"key":"SMITH"},{"data":"A Thousand Cuts","floor":23,"key":"SMITH"},{"data":"Blade Dance","floor":28,"key":"SMITH"},{"data":"Cloak And Dagger","floor":32,"key":"SMITH"},{"floor":46,"key":"RECALL"},{"data":"Phantasmal Killer","floor":49,"key":"SMITH"}],"neow_cost":"NONE","seed_source_timestamp":565419574191583,"circlet_count":0,"master_deck":["Defend_G","Defend_G","Defend_G","Survivor","Neutralize","Quick Slash","Cloak And Dagger+1","Dash","Footwork+1","Backflip","Footwork+1","Dodge and Roll","Infinite Blades","Dagger Spray","A Thousand Cuts+1","PiercingWail","Bite","Bite","Bite","Bite","Bite","Tools of the Trade","Quick Slash","Blade Dance+1","Terror","Blade Dance","Cloak And Dagger+1","Cloak And Dagger+1","Burst","Finisher+1","Leg Sweep","Phantasmal Killer+1"],"special_seed":0,"relics":["Ring of the Snake","Anchor","Darkstone Periapt","Pantograph","Mango","Paper Crane","Ectoplasm","Vajra","Bottled Flame","Molten Egg 2","Sozu","Red Mask","Frozen Egg 2","Shuriken","Bag of Marbles"],"potions_floor_usage":[14,45,45,45],"damage_taken":[{"damage":0.0,"enemies":"Small Slimes","floor":1.0,"turns":3.0},{"damage":2.0,"enemies":"Jaw Worm","floor":4.0,"turns":2.0},{"damage":0.0,"enemies":"2 Louse","floor":5.0,"turns":4.0},{"damage":20,"enemies":"3 Sentries","floor":6,"turns":12},{"damage":0,"enemies":"Exordium Wildlife","floor":8,"turns":4},{"damage":0,"enemies":"Blue Slaver","floor":10,"turns":4},{"damage":4,"enemies":"3 Sentries","floor":13,"turns":11},{"damage":12,"enemies":"Gremlin Nob","floor":14,"turns":5},{"damage":39,"enemies":"The Guardian","floor":16,"turns":18},{"damage":17,"enemies":"2 Thieves","floor":18,"turns":4},{"damage":3,"enemies":"3 Byrds","floor":19,"turns":6},{"damage":9,"enemies":"Shelled Parasite and Fungi","floor":24,"turns":6},{"damage":18,"enemies":"Gremlin Leader","floor":25,"turns":8},{"damage":8,"enemies":"Sentry and Sphere","floor":27,"turns":6},{"damage":15,"enemies":"Snake Plant","floor":29,"turns":4},{"damage":3,"enemies":"3 Cultists","floor":30,"turns":4},{"damage":0,"enemies":"Book of Stabbing","floor":31,"turns":5},{"damage":19,"enemies":"Champ","floor":33,"turns":11},{"damage":9,"enemies":"Orb Walker","floor":35,"turns":4},{"damage":0,"enemies":"3 Shapes","floor":36,"turns":6},{"damage":0,"enemies":"Jaw Worm Horde","floor":37,"turns":3},{"damage":0,"enemies":"Spire Growth","floor":38,"turns":4},{"damage":9,"enemies":"Transient","floor":40,"turns":5},{"damage":46,"enemies":"Sphere and 2 Shapes","floor":44,"turns":7},{"damage":15,"enemies":"Nemesis","floor":45,"turns":9},{"damage":0,"enemies":"3 Darklings","floor":47,"turns":4},{"damage":0,"enemies":"Giant Head","floor":48,"turns":6},{"damage":72,"enemies":"Time Eater","floor":50,"turns":11}],"seed_played":"6964616657740679717","potions_obtained":[{"floor":1.0,"key":"Strength Potion"},{"floor":13,"key":"Dexterity Potion"},{"floor":14,"key":"SpeedPotion"},{"floor":18,"key":"Dexterity Potion"},{"floor":27,"key":"Energy Potion"},{"floor":31,"key":"PowerPotion"}],"is_trial":false,"path_per_floor":["M","?","T","M","M","E","R","M","T","M","R","$","?","E","R","B",null,"M","M","$","?","?","R","M","E","T","M","R","M","M","E","R","B",null,"M","M","M","M","?","M","?","$","T","M","E","R","M","E","R","B"],"character_chosen":"THE_SILENT","items_purchased":["Dodge and Roll","Infinite Blades","Vajra"],"campfire_rested":0,"item_purchase_floors":[12,12,20],"current_hp_per_floor":[77,77,77,75,75,55,55,55,55,55,55,55,65,53,53,39,91,74,71,71,63,63,63,62,55,55,55,55,48,51,59,59,58,63,56,62,63,63,63,62,62,62,62,24,27,27,29,39,39,0],"gold":0,"neow_bonus":"TEN_PERCENT_HP_BONUS","is_prod":false,"is_daily":false,"chose_seed":false,"campfire_upgraded":7,"win_rate":0,"timestamp":1552046387,"path_taken":["M","?","?","M","M","E","R","M","T","M","R","$","?","E","R","BOSS","M","M","$","?","?","R","M","E","T","M","R","M","M","E","R","BOSS","M","M","M","M","?","M","?","?","T","M","E","R","M","E","R","BOSS"],"build_version":"2019-01-23","purchased_purges":0,"victory":false,"max_hp_per_floor":[77,77,77,77,77,77,77,77,77,77,77,77,91,91,91,91,91,91,91,91,63,63,63,63,63,63,63,63,63,63,63,63,63,63,63,63,63,63,63,63,63,63,63,63,63,63,63,63,63,63],"card_choices":[{"not_picked":["All Out Attack","Bane"],"picked":"Quick Slash","floor":1.0},{"not_picked":["Quick Slash","Blade Dance"],"picked":"Cloak And Dagger","floor":4.0},{"not_picked":["Slice","Distraction"],"picked":"Dash","floor":5.0},{"not_picked":["Tactician","Dagger Spray"],"picked":"Footwork","floor":6},{"not_picked":["Sucker Punch","Cloak And Dagger"],"picked":"Backflip","floor":8},{"not_picked":["After Image","Eviscerate"],"picked":"Footwork","floor":10},{"not_picked":["Underhanded Strike","PiercingWail"],"picked":"Dagger Spray","floor":13},{"not_picked":["Acrobatics","Deadly Poison","Footwork"],"picked":"SKIP","floor":14},{"not_picked":["Wraith Form v2","Storm of Steel"],"picked":"A Thousand Cuts","floor":16},{"not_picked":["Dagger Throw","Reflex"],"picked":"PiercingWail","floor":18},{"not_picked":["Dagger Spray","Tactician+1","Eviscerate+1"],"picked":"SKIP","floor":19},{"not_picked":["Deadly Poison+1","Outmaneuver","Footwork"],"picked":"SKIP","floor":24},{"not_picked":["Slice","A Thousand Cuts","Blade Dance"],"picked":"SKIP","floor":25},{"not_picked":["Slice","A Thousand Cuts"],"picked":"Blade Dance","floor":25},{"not_picked":["Crippling Poison+1","Deflect+1"],"picked":"Terror","floor":27},{"not_picked":["Crippling Poison","Tactician"],"picked":"Blade Dance","floor":29},{"not_picked":["Dash","Slice"],"picked":"Cloak And Dagger","floor":30},{"not_picked":["Sucker Punch","Adrenaline"],"picked":"Cloak And Dagger+1","floor":31},{"not_picked":["After Image","Die Die Die+1"],"picked":"Burst","floor":33},{"not_picked":["Catalyst","Dagger Spray+1","Dagger Throw+1"],"picked":"SKIP","floor":35},{"not_picked":["Dodge and Roll+1","Leg Sweep"],"picked":"Finisher+1","floor":36},{"not_picked":["Cloak And Dagger","Deflect","Crippling Poison"],"picked":"SKIP","floor":37},{"not_picked":["Flying Knee+1","Doppelganger"],"picked":"Leg Sweep","floor":38},{"not_picked":["Endless Agony+1","Deflect+1","Flying Knee+1"],"picked":"SKIP","floor":40},{"not_picked":["Expertise","Blade Dance+1","Acrobatics+1"],"picked":"SKIP","floor":44},{"not_picked":["Grand Finale+1","Slice+1","Heel Hook+1"],"picked":"SKIP","floor":45},{"not_picked":["Bane+1","Outmaneuver","Slice+1"],"picked":"SKIP","floor":47},{"not_picked":["Prepared","Bouncing Flask+1"],"picked":"Phantasmal Killer","floor":48}],"player_experience":34309,"relics_obtained":[{"floor":3.0,"key":"Anchor"},{"floor":6,"key":"Darkstone Periapt"},{"floor":9,"key":"Pantograph"},{"floor":13,"key":"Mango"},{"floor":14,"key":"Paper Crane"},{"floor":25,"key":"Bottled Flame"},{"floor":31,"key":"Molten Egg 2"},{"floor":43,"key":"Frozen Egg 2"},{"floor":45,"key":"Shuriken"},{"floor":48,"key":"Bag of Marbles"}],"event_choices":[{"cards_removed":["Strike_G"],"damage_healed":0.0,"max_hp_gain":0.0,"max_hp_loss":0.0,"gold_gain":0.0,"event_name":"The Cleric","player_choice":"Card Removal","floor":2.0,"gold_loss":50.0,"damage_taken":0.0},{"damage_healed":0,"gold_gain":0,"player_choice":"Searched \u00272\u0027 times","damage_taken":0,"max_hp_gain":0,"max_hp_loss":0,"event_name":"Dead Adventurer","floor":13,"gold_loss":0},{"damage_healed":0,"gold_gain":0,"player_choice":"Became a vampire","damage_taken":0,"max_hp_gain":0,"max_hp_loss":28,"event_name":"Vampires","floor":21,"gold_loss":0,"cards_obtained":["Bite","Bite","Bite","Bite","Bite"]},{"damage_healed":0,"gold_gain":0,"cards_transformed":["Defend_G","Defend_G"],"player_choice":"Became Test Subject","damage_taken":0,"max_hp_gain":0,"max_hp_loss":0,"event_name":"Drug Dealer","floor":22,"gold_loss":0,"cards_obtained":["Tools of the Trade","Quick Slash"]},{"damage_healed":0,"gold_gain":0,"player_choice":"Paid","damage_taken":0,"relics_obtained":["Red Mask"],"max_hp_gain":0,"max_hp_loss":0,"event_name":"Tomb of Lord Red Mask","floor":39,"gold_loss":27},{"damage_healed":0,"gold_gain":0,"player_choice":"Memory 1","damage_taken":0,"max_hp_gain":0,"max_hp_loss":0,"event_name":"SensoryStone","floor":41,"gold_loss":0}],"is_beta":false,"boss_relics":[{"not_picked":["Runic Pyramid","Black Star"],"picked":"Ectoplasm"},{"not_picked":["Pandora\u0027s Box","Fusion Hammer"],"picked":"Sozu"}],"items_purged_floors":[],"is_endless":false,"potions_floor_spawned":[1,13,14,18,24,27,30,31,35,40,44,47],"killed_by":"Time Eater","ascension_level":2}