{"gold_per_floor":[117,192,204,218,237,237,248,280,280,280],"floor_reached":10,"playtime":522,"items_purged":[],"score":77,"play_id":"1951e68a-57eb-4c07-ba43-7db27d53158b","local_time":"20190413160655","is_ascension_mode":true,"campfire_choices":[{"data":"Cloak And Dagger","floor":6,"key":"SMITH"}],"neow_cost":"NONE","seed_source_timestamp":46909442132900,"circlet_count":0,"master_deck":["Defend_G","Defend_G","Defend_G","Defend_G","Defend_G","Strike_G","Strike_G","Strike_G","Strike_G","Survivor","Neutralize","Dagger Spray","Escape Plan","Blade Dance","Cloak And Dagger+1","Escape Plan","Tools of the Trade","Poisoned Stab"],"relics":["Ring of the Snake","Anchor","Sundial"],"potions_floor_usage":[8],"damage_taken":[{"damage":4,"enemies":"Small Slimes","floor":1,"turns":4},{"damage":0,"enemies":"Jaw Worm","floor":3,"turns":4},{"damage":4,"enemies":"Cultist","floor":4,"turns":4},{"damage":6,"enemies":"Lots of Slimes","floor":5,"turns":3},{"damage":0,"enemies":"2 Fungi Beasts","floor":7,"turns":3},{"damage":35,"enemies":"Lagavulin","floor":8,"turns":11},{"damage":0,"enemies":"Large Slime","floor":10,"turns":1}],"seed_played":"-2880509279037905277","potions_obtained":[{"floor":5,"key":"Swift Potion"},{"floor":7,"key":"Ancient Potion"},{"floor":8,"key":"PowerPotion"}],"is_trial":false,"path_per_floor":["M","?","M","M","M","R","M","E","T","M"],"character_chosen":"THE_SILENT","items_purchased":[],"campfire_rested":0,"item_purchase_floors":[],"current_hp_per_floor":[66,55,55,51,45,45,45,10,10,10],"gold":280,"neow_bonus":"TRANSFORM_CARD","is_prod":false,"is_daily":false,"chose_seed":false,"campfire_upgraded":1,"win_rate":0,"timestamp":1555196815,"path_taken":["M","?","M","M","M","R","M","E","T","M"],"build_version":"2019-01-23","purchased_purges":0,"victory":false,"max_hp_per_floor":[70,70,70,70,70,70,70,70,70,70],"card_choices":[{"not_picked":["Deflect","Dodge and Roll"],"picked":"Escape Plan","floor":1},{"not_picked":["Bane","Sucker Punch"],"picked":"Blade Dance","floor":3},{"not_picked":["Escape Plan","Acrobatics"],"picked":"Cloak And Dagger","floor":4},{"not_picked":["Acrobatics","Heel Hook"],"picked":"Escape Plan","floor":5},{"not_picked":["Dagger Spray","PiercingWail"],"picked":"Tools of the Trade","floor":7},{"not_picked":["Tactician","Prepared"],"picked":"Poisoned Stab","floor":8}],"player_experience":211790,"relics_obtained":[{"floor":8,"key":"Anchor"},{"floor":9,"key":"Sundial"}],"event_choices":[{"damage_healed":0,"gold_gain":75,"player_choice":"Gather Gold","damage_taken":11,"max_hp_gain":0,"max_hp_loss":0,"event_name":"World of Goop","floor":2,"gold_loss":0}],"is_beta":false,"boss_relics":[],"items_purged_floors":[],"is_endless":false,"potions_floor_spawned":[5,7,8],"killed_by":"Large Slime","ascension_level":2}