{"gold_per_floor":[13,13,28,49,70,101,101,136,160,185,185,223,32,53,53,142,142,158,228,278,302,59,97,97,132,156,189,189,212,282,332,332,332],"floor_reached":33,"playtime":1383,"items_purged":["Strike_R"],"score":654,"play_id":"c65ad60b-feeb-403a-a005-11395c659ffd","local_time":"20190625122146","is_ascension_mode":true,"campfire_choices":[{"data":"Immolate","floor":7,"key":"SMITH"},{"data":"Shockwave","floor":15,"key":"SMITH"},{"floor":24,"key":"REST"},{"data":"Apotheosis","floor":28,"key":"SMITH"},{"floor":32,"key":"REST"}],"neow_cost":"NO_GOLD","seed_source_timestamp":263707355810865,"circlet_count":0,"master_deck":["AscendersBane","Strike_R","Strike_R","Strike_R","Strike_R+1","Defend_R","Defend_R","Defend_R","Defend_R","Bash","Immolate+1","Evolve","Thunderclap","Shockwave+1","True Grit","Anger+1","Apotheosis+1","True Grit","Demon Form","Ghostly Armor+1","Flame Barrier","Feed"],"relics":["Burning Blood","Golden Idol","Pen Nib","Vajra","Bag of Marbles","SsserpentHead","PreservedInsect","Mark of Pain","Centennial Puzzle","Thread and Needle","Ornamental Fan","Whetstone","Smiling Mask"],"potions_floor_usage":[6,8,12,19,25,27,33,33],"damage_taken":[{"damage":5,"enemies":"Small Slimes","floor":1,"turns":4},{"damage":0,"enemies":"Cultist","floor":3,"turns":2},{"damage":0,"enemies":"2 Louse","floor":4,"turns":1},{"damage":9,"enemies":"Red Slaver","floor":5,"turns":2},{"damage":12,"enemies":"Gremlin Nob","floor":6,"turns":4},{"damage":21,"enemies":"Lagavulin","floor":8,"turns":8},{"damage":0,"enemies":"Blue Slaver","floor":10,"turns":1},{"damage":6,"enemies":"Gremlin Nob","floor":12,"turns":3},{"damage":12,"enemies":"Exordium Wildlife","floor":14,"turns":3},{"damage":10,"enemies":"Hexaghost","floor":16,"turns":8},{"damage":1,"enemies":"Chosen","floor":18,"turns":5},{"damage":18,"enemies":"3 Byrds","floor":19,"turns":5},{"damage":11,"enemies":"Snake Plant","floor":21,"turns":3},{"damage":24,"enemies":"Slavers","floor":23,"turns":6},{"damage":28,"enemies":"Gremlin Leader","floor":25,"turns":6},{"damage":5,"enemies":"Slavers","floor":27,"turns":4},{"damage":0,"enemies":"Snecko","floor":29,"turns":7},{"damage":11,"enemies":"Sentry and Sphere","floor":30,"turns":7},{"damage":96,"enemies":"Automaton","floor":33,"turns":10}],"seed_played":"-3147497365250237970","potions_obtained":[{"floor":1,"key":"Block Potion"},{"floor":4,"key":"SpeedPotion"},{"floor":8,"key":"Explosive Potion"},{"floor":10,"key":"SteroidPotion"},{"floor":18,"key":"EssenceOfSteel"},{"floor":21,"key":"Regen Potion"},{"floor":29,"key":"Energy Potion"},{"floor":30,"key":"SpeedPotion"}],"is_trial":false,"path_per_floor":["M","?","M","M","M","E","R","E","T","M","?","E","$","M","R","B",null,"M","M","?","M","$","E","R","E","T","E","R","M","M","?","R","B"],"character_chosen":"IRONCLAD","items_purchased":["Apotheosis","Centennial Puzzle"],"campfire_rested":2,"item_purchase_floors":[13,22],"current_hp_per_floor":[69,43,49,55,52,46,46,31,31,37,37,37,37,31,31,27,63,68,56,56,51,51,33,55,48,48,49,49,55,54,54,77,0],"gold":332,"neow_bonus":"THREE_RARE_CARDS","is_prod":false,"is_daily":false,"chose_seed":false,"campfire_upgraded":3,"win_rate":0,"timestamp":1561458106,"path_taken":["M","?","M","M","M","E","R","E","T","M","?","E","$","M","R","BOSS","M","?","?","M","$","E","R","E","T","E","R","M","?","?","R","BOSS"],"build_version":"2019-01-23","purchased_purges":1,"victory":false,"max_hp_per_floor":[75,75,75,75,75,75,75,75,75,75,75,75,75,75,75,75,75,75,75,75,75,75,75,75,75,75,75,75,75,79,79,79,79],"card_choices":[{"not_picked":["Reaper","Offering"],"picked":"Immolate","floor":0},{"not_picked":["Pummel","Blood for Blood","Infernal Blade"],"picked":"SKIP","floor":1},{"not_picked":["Clash","Iron Wave"],"picked":"Evolve","floor":3},{"not_picked":["Clash","Sword Boomerang"],"picked":"Thunderclap","floor":4},{"not_picked":["Flex","Anger"],"picked":"Shockwave","floor":5},{"not_picked":["Body Slam","Perfected Strike","Rupture"],"picked":"SKIP","floor":6},{"not_picked":["Impervious","Perfected Strike"],"picked":"True Grit","floor":8},{"not_picked":["Thunderclap","Body Slam","Rage"],"picked":"SKIP","floor":10},{"not_picked":["Body Slam","Reaper"],"picked":"Anger","floor":12},{"not_picked":["Anger","Pommel Strike"],"picked":"True Grit","floor":14},{"not_picked":["Berserk","Impervious"],"picked":"Demon Form","floor":16},{"not_picked":["Dropkick","Clash","Havoc+1"],"picked":"SKIP","floor":18},{"not_picked":["Carnage","Infernal Blade"],"picked":"Ghostly Armor+1","floor":19},{"not_picked":["Bloodletting","Cleave","Inflame"],"picked":"SKIP","floor":21},{"not_picked":["Brutality","Shockwave"],"picked":"Flame Barrier","floor":23},{"not_picked":["Armaments","Demon Form"],"picked":"Feed","floor":25},{"not_picked":["Twin Strike","Iron Wave","Corruption"],"picked":"SKIP","floor":27},{"not_picked":["Havoc","Headbutt","Clash+1"],"picked":"SKIP","floor":29},{"not_picked":["Clash","Headbutt+1","Dropkick"],"picked":"SKIP","floor":30}],"player_experience":658658,"relics_obtained":[{"floor":6,"key":"Pen Nib"},{"floor":8,"key":"Vajra"},{"floor":9,"key":"Bag of Marbles"},{"floor":12,"key":"PreservedInsect"},{"floor":23,"key":"Thread and Needle"},{"floor":25,"key":"Ornamental Fan"},{"floor":26,"key":"Whetstone"},{"floor":27,"key":"Smiling Mask"}],"event_choices":[{"damage_healed":0,"gold_gain":0,"player_choice":"Take Damage","damage_taken":26,"relics_obtained":["Golden Idol"],"max_hp_gain":0,"max_hp_loss":0,"event_name":"Golden Idol","floor":2,"gold_loss":0},{"damage_healed":0,"gold_gain":0,"player_choice":"Trade","damage_taken":0,"relics_obtained":["SsserpentHead"],"max_hp_gain":0,"max_hp_loss":0,"event_name":"FaceTrader","floor":11,"gold_loss":0},{"damage_healed":0,"gold_gain":0,"player_choice":"Ignored","damage_taken":0,"max_hp_gain":0,"max_hp_loss":0,"event_name":"N\u0027loth","floor":20,"gold_loss":0},{"damage_healed":0,"gold_gain":0,"player_choice":"Ignored","damage_taken":0,"max_hp_gain":0,"max_hp_loss":0,"event_name":"Ghosts","floor":31,"gold_loss":0}],"is_beta":false,"boss_relics":[{"not_picked":["Astrolabe","Eternal Feather"],"picked":"Mark of Pain"}],"items_purged_floors":[22],"is_endless":false,"potions_floor_spawned":[1,4,5,8,10,18,21,29,30],"killed_by":"Automaton","ascension_level":20}