{"gold_per_floor":[18,38,53,53,53,78,78,113,139,139,155,168,168,168,168,243,243,258,271,178,192,209,209,209],"floor_reached":24,"playtime":798,"items_purged":[],"score":466,"play_id":"d0b085e8-bfd2-4649-993a-2b472e44d222","local_time":"20190617002423","is_ascension_mode":true,"campfire_choices":[{"data":"Corpse Explosion","floor":7.0,"key":"SMITH"},{"floor":10.0,"key":"REST"},{"data":"Bouncing Flask","floor":13.0,"key":"SMITH"},{"floor":15.0,"key":"REST"},{"floor":23,"key":"REST"}],"neow_cost":"NO_GOLD","seed_source_timestamp":203532151063405,"circlet_count":0,"master_deck":["AscendersBane","Defend_G","Defend_G","Defend_G","Defend_G","Defend_G","Strike_G","Strike_G","Strike_G","Survivor","Neutralize","Corpse Explosion+1","Deadly Poison","Flechettes","Leg Sweep","Bouncing Flask+1","Crippling Poison","Footwork+1","Deflect+1"],"special_seed":0,"relics":["Ring of the Snake","Boot","Centennial Puzzle","Orichalcum","Philosopher\u0027s Stone","Tiny Chest"],"potions_floor_usage":[21,24],"damage_taken":[{"damage":0.0,"enemies":"Cultist","floor":1.0,"turns":4.0},{"damage":1.0,"enemies":"Jaw Worm","floor":2.0,"turns":4.0},{"damage":11.0,"enemies":"Small Slimes","floor":3.0,"turns":4.0},{"damage":17.0,"enemies":"3 Sentries","floor":6.0,"turns":3.0},{"damage":27.0,"enemies":"Lagavulin","floor":8.0,"turns":8.0},{"damage":0.0,"enemies":"2 Fungi Beasts","floor":11.0,"turns":3.0},{"damage":5.0,"enemies":"Gremlin Gang","floor":12.0,"turns":2.0},{"damage":6.0,"enemies":"Hexaghost","floor":16.0,"turns":7.0},{"damage":21.0,"enemies":"2 Thieves","floor":18.0,"turns":3.0},{"damage":0,"enemies":"3 Byrds","floor":19,"turns":1},{"damage":5,"enemies":"Centurion and Healer","floor":21,"turns":5},{"damage":19,"enemies":"Shelled Parasite and Fungi","floor":22,"turns":7},{"damage":34,"enemies":"Book of Stabbing","floor":24,"turns":4}],"seed_played":"-5258611749788831064","potions_obtained":[{"floor":3.0,"key":"AttackPotion"},{"floor":8.0,"key":"GhostInAJar"},{"floor":12.0,"key":"Poison Potion"},{"floor":21,"key":"Strength Potion"}],"is_trial":false,"path_per_floor":["M","M","M","$","?","E","R","E","T","R","M","M","R","?","R","B",null,"M","M","?","M","M","R","E"],"character_chosen":"THE_SILENT","items_purchased":[],"campfire_rested":3,"item_purchase_floors":[],"current_hp_per_floor":[59,58,47,47,47,30,30,3,3,22,22,17,17,10,29,23,55,34,34,34,29,10,29,0],"gold":209,"neow_bonus":"THREE_RARE_CARDS","is_prod":false,"is_daily":false,"chose_seed":false,"campfire_upgraded":2,"win_rate":0,"timestamp":1560723863,"path_taken":["M","?","M","?","?","E","R","E","T","R","M","M","R","?","R","BOSS","M","M","?","?","M","R","E"],"build_version":"2019-01-23","purchased_purges":0,"victory":false,"max_hp_per_floor":[66,66,66,66,66,66,66,66,66,66,66,66,66,66,66,66,66,66,66,66,66,66,66,66],"card_choices":[{"not_picked":["Venomology","Envenom"],"picked":"Corpse Explosion","floor":0.0},{"not_picked":["Skewer","Underhanded Strike"],"picked":"Deadly Poison","floor":1.0},{"not_picked":["Backflip","PiercingWail"],"picked":"Flechettes","floor":2.0},{"not_picked":["Dagger Spray","Skewer"],"picked":"Leg Sweep","floor":3.0},{"not_picked":["Outmaneuver","Cloak And Dagger","Doppelganger"],"picked":"SKIP","floor":6.0},{"not_picked":["Finisher","Choke"],"picked":"Bouncing Flask","floor":8.0},{"not_picked":["Deflect","Dodge and Roll"],"picked":"Crippling Poison","floor":11.0},{"not_picked":["All Out Attack","Expertise","Terror"],"picked":"SKIP","floor":12.0},{"not_picked":["Dagger Throw","Endless Agony+1","Bouncing Flask"],"picked":"SKIP","floor":18.0},{"not_picked":["Dagger Spray","PiercingWail"],"picked":"Footwork+1","floor":19},{"not_picked":["Blade Dance","Deflect+1","Acrobatics+1"],"picked":"SKIP","floor":21},{"not_picked":["Blade Dance","Deflect+1","Acrobatics+1"],"picked":"SKIP","floor":21},{"not_picked":["Blade Dance","Acrobatics+1"],"picked":"Deflect+1","floor":21},{"not_picked":["Prepared","Quick Slash","Sucker Punch"],"picked":"SKIP","floor":22}],"player_experience":581071,"relics_obtained":[{"floor":6.0,"key":"Boot"},{"floor":8.0,"key":"Centennial Puzzle"},{"floor":9.0,"key":"Orichalcum"}],"event_choices":[{"cards_removed":["Strike_G"],"damage_healed":0.0,"max_hp_gain":0.0,"max_hp_loss":0.0,"gold_gain":0.0,"event_name":"Living Wall","player_choice":"Forget","floor":5.0,"gold_loss":0.0,"damage_taken":0.0},{"cards_removed":["Strike_G"],"damage_healed":0.0,"max_hp_gain":0.0,"max_hp_loss":0.0,"gold_gain":0.0,"event_name":"Golden Wing","player_choice":"Card Removal","floor":14.0,"gold_loss":0.0,"damage_taken":7.0},{"damage_healed":0,"gold_gain":0,"player_choice":"Paid Gold","damage_taken":0,"relics_obtained":["Tiny Chest"],"max_hp_gain":0,"max_hp_loss":0,"event_name":"WeMeetAgain","floor":20,"gold_loss":123}],"is_beta":false,"boss_relics":[{"not_picked":["Astrolabe","Cursed Key"],"picked":"Philosopher\u0027s Stone"}],"items_purged_floors":[],"is_endless":false,"potions_floor_spawned":[3,8,12,21],"killed_by":"Book of Stabbing","ascension_level":20}