{"gold_per_floor":[110,35,49,65,85,110,124,124,124,139,174,237,249,261,261,357,357,375,375,54,71,85,116,53,116,140,154,183,194,194,221,221,326,326,340,65,78,1077,1087,1117,1117,698,778,807,825,825,852,371,371,371],"floor_reached":51,"playtime":1673,"items_purged":["Clothesline","Rampage","Disarm","Shrug It Off","Headbutt","Brutality"],"score":1154,"play_id":"261414d4-eca1-4f49-8777-eed09eb01aef","local_time":"20190528202918","daily_mods":["SealedDeck"],"is_ascension_mode":false,"campfire_choices":[{"data":"Rampage","floor":15,"key":"SMITH"},{"data":"Metallicize","floor":30,"key":"SMITH"},{"data":"Flame Barrier","floor":32,"key":"SMITH"},{"data":"Shrug It Off","floor":46,"key":"SMITH"},{"data":"1","floor":49,"key":"LIFT"}],"neow_cost":"","seed_source_timestamp":956925822563994,"circlet_count":0,"master_deck":["Pommel Strike+1","Flame Barrier+1","Metallicize+1","Headbutt","Shrug It Off+1","Rampage+1","Evolve"],"relics":["Burning Blood","Bag of Marbles","Meat on the Bone","Bag of Preparation","Pocketwatch","Velvet Choker","Membership Card","Orichalcum","Kunai","Tiny Chest","Boot","Happy Flower","Potion Belt","Busted Crown","Dodecahedron","Omamori","Self Forming Clay","Strawberry","TheAbacus","Mercury Hourglass","Bottled Flame","Shuriken","Girya","HandDrill","Art of War","Frozen Egg 2"],"potions_floor_usage":[10,31,40,50,50,50,50,50,50,50],"damage_taken":[{"damage":0,"enemies":"2 Louse","floor":1,"turns":2},{"damage":3,"enemies":"Small Slimes","floor":3,"turns":3},{"damage":4,"enemies":"Cultist","floor":4,"turns":3},{"damage":0,"enemies":"2 Fungi Beasts","floor":5,"turns":4},{"damage":15,"enemies":"Gremlin Nob","floor":6,"turns":4},{"damage":4,"enemies":"Blue Slaver","floor":7,"turns":3},{"damage":22,"enemies":"Exordium Thugs","floor":10,"turns":4},{"damage":18,"enemies":"Lagavulin","floor":11,"turns":5},{"damage":8,"enemies":"Gremlin Nob","floor":12,"turns":3},{"damage":6,"enemies":"2 Fungi Beasts","floor":13,"turns":3},{"damage":2,"enemies":"Looter","floor":14,"turns":3},{"damage":14,"enemies":"The Guardian","floor":16,"turns":8},{"damage":2,"enemies":"Spheric Guardian","floor":18,"turns":3},{"damage":2,"enemies":"Chosen","floor":21,"turns":3},{"damage":3,"enemies":"Snake Plant","floor":22,"turns":3},{"damage":2,"enemies":"Gremlin Leader","floor":23,"turns":3},{"damage":18,"enemies":"Book of Stabbing","floor":25,"turns":3},{"damage":3,"enemies":"Centurion and Healer","floor":27,"turns":3},{"damage":27,"enemies":"Slavers","floor":28,"turns":3},{"damage":6,"enemies":"Cultist and Chosen","floor":29,"turns":3},{"damage":11,"enemies":"Book of Stabbing","floor":31,"turns":4},{"damage":24,"enemies":"Champ","floor":33,"turns":7},{"damage":5,"enemies":"3 Darklings","floor":35,"turns":3},{"damage":1,"enemies":"Orb Walker","floor":37,"turns":2},{"damage":3,"enemies":"Maw","floor":39,"turns":4},{"damage":26,"enemies":"Reptomancer","floor":40,"turns":4},{"damage":4,"enemies":"Giant Head","floor":44,"turns":5},{"damage":1,"enemies":"Spire Growth","floor":45,"turns":2},{"damage":3,"enemies":"Nemesis","floor":47,"turns":3},{"damage":0,"enemies":"Donu and Deca","floor":50,"turns":5}],"seed_played":"1511304037817006231","potions_obtained":[{"floor":4,"key":"PowerPotion"},{"floor":10,"key":"Fruit Juice"},{"floor":11,"key":"SkillPotion"},{"floor":16,"key":"Poison Potion"},{"floor":33,"key":"Swift Potion"},{"floor":35,"key":"SpeedPotion"},{"floor":37,"key":"GamblersBrew"},{"floor":45,"key":"EntropicBrew"}],"is_trial":true,"path_per_floor":["M","$","M","M","M","E","M","?","T","M","E","?","M","M","R","B",null,"M","?","$","M","M","E","$","E","T","M","E","M","R","E","R","B",null,"M","$","M","?","M","E","?","$","T","E","M","R","E","$","R","B",null],"character_chosen":"IRONCLAD","items_purchased":["Membership Card","Orichalcum","Dodecahedron","Omamori","Strawberry","TheAbacus","Mercury Hourglass","Swift Potion","HandDrill","Evolve","Art of War","Frozen Egg 2","Dexterity Potion"],"campfire_rested":0,"item_purchase_floors":[20,20,36,36,42,42,42,42,48,48,48,48,48],"current_hp_per_floor":[80,80,80,80,80,71,73,73,73,62,50,60,60,64,64,56,85,85,85,85,85,85,85,85,73,73,76,55,55,55,50,50,44,85,85,85,85,85,85,65,65,72,72,74,79,79,82,82,82,88],"gold":371,"neow_bonus":"","is_prod":false,"is_daily":false,"chose_seed":false,"campfire_upgraded":4,"win_rate":0,"timestamp":1559068158,"path_taken":["M","$","M","M","M","E","M","?","T","M","E","?","M","M","R","BOSS","M","?","$","M","M","E","?","E","T","M","E","M","R","E","R","BOSS","M","$","M","?","M","E","?","$","T","E","M","R","E","$","R","BOSS"],"build_version":"2019-01-23","purchased_purges":6,"victory":true,"max_hp_per_floor":[80,80,80,80,80,80,80,80,80,85,85,85,85,85,85,85,85,85,85,85,85,85,85,85,85,85,85,85,85,85,85,85,85,85,85,85,85,85,85,85,85,92,92,92,92,92,92,92,92,92],"card_choices":[{"not_picked":["Flex","Havoc","Thunderclap"],"picked":"SKIP","floor":1},{"not_picked":["Armaments","Headbutt"],"picked":"Disarm","floor":3},{"not_picked":["Power Through","Body Slam","Thunderclap"],"picked":"SKIP","floor":4},{"not_picked":["Second Wind","Clothesline"],"picked":"Rampage","floor":5},{"not_picked":["Iron Wave","Inflame","Thunderclap"],"picked":"SKIP","floor":6},{"not_picked":["Flex","Clothesline"],"picked":"Brutality","floor":7},{"not_picked":["Hemokinesis","Havoc","Wild Strike"],"picked":"SKIP","floor":10},{"not_picked":["Pommel Strike","Iron Wave","Thunderclap"],"picked":"SKIP","floor":11},{"not_picked":["Demon Form","Iron Wave","Twin Strike"],"picked":"SKIP","floor":13},{"not_picked":["Sword Boomerang","Thunderclap","Havoc"],"picked":"SKIP","floor":14},{"not_picked":["Intimidate","Flex","Havoc"],"picked":"SKIP","floor":18},{"not_picked":["Anger+1","Sword Boomerang+1","True Grit"],"picked":"SKIP","floor":21},{"not_picked":["Clothesline","Headbutt+1","Perfected Strike"],"picked":"SKIP","floor":22},{"not_picked":["Pommel Strike","Wild Strike+1","Body Slam"],"picked":"SKIP","floor":23},{"not_picked":["Limit Break","Thunderclap","Iron Wave+1"],"picked":"SKIP","floor":25},{"not_picked":["Headbutt+1","Bloodletting","Offering"],"picked":"SKIP","floor":27},{"not_picked":["Corruption","Headbutt+1","Shockwave"],"picked":"SKIP","floor":28},{"not_picked":["Shrug It Off","True Grit","Heavy Blade"],"picked":"SKIP","floor":29},{"not_picked":["Whirlwind","Inflame","Clothesline"],"picked":"SKIP","floor":31},{"not_picked":["Burning Pact"],"picked":"SKIP","floor":35},{"not_picked":["Dual Wield+1"],"picked":"SKIP","floor":37},{"not_picked":["Rage+1"],"picked":"SKIP","floor":39},{"not_picked":["Headbutt+1"],"picked":"SKIP","floor":40},{"not_picked":["Sever Soul+1"],"picked":"SKIP","floor":44},{"not_picked":["Iron Wave+1"],"picked":"SKIP","floor":45},{"not_picked":["Twin Strike+1"],"picked":"SKIP","floor":47}],"player_experience":455026,"relics_obtained":[{"floor":6,"key":"Bag of Marbles"},{"floor":9,"key":"Meat on the Bone"},{"floor":11,"key":"Bag of Preparation"},{"floor":12,"key":"Pocketwatch"},{"floor":23,"key":"Kunai"},{"floor":25,"key":"Tiny Chest"},{"floor":26,"key":"Boot"},{"floor":28,"key":"Happy Flower"},{"floor":31,"key":"Potion Belt"},{"floor":40,"key":"Self Forming Clay"},{"floor":43,"key":"Bottled Flame"},{"floor":44,"key":"Shuriken"},{"floor":47,"key":"Girya"}],"event_choices":[{"damage_healed":0,"gold_gain":0,"player_choice":"Ignored","damage_taken":0,"max_hp_gain":0,"max_hp_loss":0,"event_name":"Liars Game","floor":8,"gold_loss":0},{"damage_healed":0,"gold_gain":0,"player_choice":"Searched \u00271\u0027 times","damage_taken":0,"max_hp_gain":0,"max_hp_loss":0,"event_name":"Dead Adventurer","floor":12,"gold_loss":0},{"damage_healed":0,"gold_gain":0,"player_choice":"Upgraded","damage_taken":0,"max_hp_gain":0,"max_hp_loss":0,"event_name":"Upgrade Shrine","floor":19,"gold_loss":0,"cards_upgraded":["Pommel Strike"]},{"damage_healed":0,"gold_gain":999,"player_choice":"Gold","damage_taken":0,"max_hp_gain":0,"max_hp_loss":0,"event_name":"MindBloom","floor":38,"gold_loss":0,"cards_obtained":["Normality","Normality"]},{"cards_removed":["Flame Barrier"],"damage_healed":0,"gold_gain":0,"player_choice":"Removed Skill","damage_taken":0,"max_hp_gain":0,"max_hp_loss":0,"event_name":"Falling","floor":41,"gold_loss":0}],"is_beta":false,"boss_relics":[{"not_picked":["Runic Pyramid","Lizard Tail"],"picked":"Velvet Choker"},{"not_picked":["Cursed Key","Runic Cube"],"picked":"Busted Crown"}],"items_purged_floors":[2,20,24,36,42,48],"is_endless":false,"potions_floor_spawned":[4,10,11,16,18,21,23,27,29,33,35,37,44,45],"ascension_level":0}