{"gold_per_floor":[111,111,129,129,2,2,33,45,71,104,104,114,141,168,168,242,242,256,288,288,298,108,135,135,155,155,155,165,165,194,223,235,324,336,359,593,143,160,178,209,209,235,235,269,269,269,269,350,350,350,350,350,86,114,114],"floor_reached":55,"playtime":2494,"items_purged":["Strike_B","Strike_B","Darkness"],"score":1500,"play_id":"3cc2f47c-f659-438a-9561-a3219ec2cd95","local_time":"20190606230543","is_ascension_mode":true,"campfire_choices":[{"data":"Zap","floor":6.0,"key":"SMITH"},{"floor":11.0,"key":"REST"},{"data":"Dualcast","floor":15,"key":"SMITH"},{"data":"Redo","floor":24,"key":"SMITH"},{"data":"Coolheaded","floor":27,"key":"SMITH"},{"floor":32,"key":"REST"},{"data":"Hologram","floor":41,"key":"SMITH"},{"floor":45,"key":"RECALL"},{"data":"Transmutation","floor":49,"key":"SMITH"},{"data":"Coolheaded","floor":52,"key":"SMITH"}],"neow_cost":"NONE","seed_source_timestamp":169922897508445,"circlet_count":0,"master_deck":["AscendersBane","Defend_B","Defend_B","Defend_B","Zap+1","Dualcast+1","Gash+1","BootSequence","Conserve Battery","All For One","Gash","Chill","Go for the Eyes","Electrodynamics","Gash","Coolheaded+1","FTL","FTL","BootSequence+1","Conserve Battery+1","Gash+1","Redo+1","Blind","Coolheaded+1","Hologram+1","Fission","Beam Cell+1","Transmutation+1"],"special_seed":0,"relics":["Cracked Core","NeowsBlessing","Omamori","Juzu Bracelet","Gremlin Horn","Meat on the Bone","Boot","Orrery","Red Mask","Bottled Flame","Sundial","MawBank","Nuclear Battery","Incense Burner","Bag of Marbles","Art of War","Orichalcum","Bottled Tornado","Shuriken","Lantern"],"potions_floor_usage":[19,19,33,42,50],"damage_taken":[{"damage":0.0,"enemies":"2 Louse","floor":1.0,"turns":1.0},{"damage":0.0,"enemies":"Jaw Worm","floor":3.0,"turns":1.0},{"damage":0.0,"enemies":"Gremlin Nob","floor":7.0,"turns":1.0},{"damage":0.0,"enemies":"Cultist","floor":8.0,"turns":2.0},{"damage":20.0,"enemies":"3 Sentries","floor":10.0,"turns":6.0},{"damage":0,"enemies":"3 Louse","floor":12,"turns":3},{"damage":9,"enemies":"Lagavulin","floor":13,"turns":7},{"damage":27,"enemies":"Hexaghost","floor":16,"turns":9},{"damage":14,"enemies":"Shell Parasite","floor":18,"turns":5},{"damage":15,"enemies":"Masked Bandits","floor":19,"turns":3},{"damage":0,"enemies":"3 Byrds","floor":21,"turns":2},{"damage":8,"enemies":"Book of Stabbing","floor":23,"turns":5},{"damage":33,"enemies":"Cultist and Chosen","floor":25,"turns":6},{"damage":11,"enemies":"Snake Plant","floor":28,"turns":3},{"damage":1,"enemies":"Gremlin Leader","floor":30,"turns":5},{"damage":0,"enemies":"Centurion and Healer","floor":31,"turns":4},{"damage":4,"enemies":"Champ","floor":33,"turns":9},{"damage":10,"enemies":"Orb Walker","floor":35,"turns":3},{"damage":4,"enemies":"3 Darklings","floor":38,"turns":5},{"damage":0,"enemies":"Spire Growth","floor":39,"turns":3},{"damage":13,"enemies":"Giant Head","floor":40,"turns":6},{"damage":4,"enemies":"Reptomancer","floor":42,"turns":5},{"damage":16,"enemies":"Nemesis","floor":44,"turns":6},{"damage":30,"enemies":"Awakened One","floor":50,"turns":10},{"damage":24,"enemies":"Shield and Spear","floor":54,"turns":6},{"damage":68,"enemies":"The Heart","floor":55,"turns":3}],"seed_played":"-90783021050099155","potions_obtained":[{"floor":1.0,"key":"Fruit Juice"},{"floor":13,"key":"LiquidBronze"},{"floor":16,"key":"Explosive Potion"},{"floor":19,"key":"SpeedPotion"},{"floor":28,"key":"Dexterity Potion"},{"floor":38,"key":"SpeedPotion"},{"floor":39,"key":"Swift Potion"}],"is_trial":false,"path_per_floor":["M","?","M","?","$","R","E","M","T","E","R","M","E","T","R","B",null,"M","?","?","M","$","E","R","M","T","R","M","?","E","M","R","B",null,"M","?","$","M","M","E","R","E","T","E","R","?","?","T","R","B",null,"R","$","E","B"],"character_chosen":"DEFECT","items_purchased":["Conserve Battery","Blind","Incense Burner","Shuriken"],"campfire_rested":2,"item_purchase_floors":[5,22,37,53],"current_hp_per_floor":[69,46,46,46,46,46,46,46,46,26,48,48,39,39,39,24,63,49,46,46,46,46,50,50,29,29,29,30,30,41,41,63,59,72,62,62,62,58,58,45,45,41,41,37,37,37,62,62,62,32,55,55,55,43,0],"gold":114,"neow_bonus":"THREE_ENEMY_KILL","is_prod":false,"is_daily":false,"chose_seed":false,"campfire_upgraded":7,"win_rate":0,"timestamp":1559855143,"path_taken":["M","?","M","?","$","R","E","M","T","E","R","M","E","?","R","BOSS","M","?","?","M","$","E","R","M","T","R","M","?","E","M","R","BOSS","M","?","$","M","M","E","R","E","T","E","R","?","?","?","R","BOSS","R","$","E","BOSS"],"build_version":"2019-01-23","purchased_purges":3,"victory":false,"max_hp_per_floor":[76,76,76,76,76,76,76,76,76,76,76,76,76,76,76,76,76,76,76,76,76,76,76,76,76,76,76,76,76,76,76,76,76,76,76,76,76,76,76,76,76,76,76,76,76,76,62,62,62,62,62,62,62,62,62],"card_choices":[{"not_picked":["Turbo","Loop"],"picked":"Gash","floor":1.0},{"not_picked":["Storm","Tempest"],"picked":"BootSequence","floor":3.0},{"not_picked":["Stack","Hello World"],"picked":"All For One","floor":7.0},{"not_picked":["Streamline","Rebound"],"picked":"Gash","floor":8.0},{"not_picked":["Ball Lightning","Rainbow"],"picked":"Chill","floor":10.0},{"not_picked":["BootSequence","Leap"],"picked":"Go for the Eyes","floor":12},{"not_picked":["Cold Snap","Turbo","Barrage"],"picked":"SKIP","floor":13},{"not_picked":["Multi-Cast","Core Surge"],"picked":"Electrodynamics","floor":16},{"not_picked":["Doom and Gloom","Steam"],"picked":"Gash","floor":17},{"not_picked":["FTL","Cold Snap"],"picked":"Coolheaded","floor":17},{"not_picked":["Barrage","Stack"],"picked":"FTL","floor":17},{"not_picked":["Streamline","Tempest"],"picked":"FTL","floor":17},{"not_picked":["Go for the Eyes","White Noise+1"],"picked":"BootSequence+1","floor":18},{"not_picked":["Sweeping Beam","Barrage"],"picked":"Conserve Battery+1","floor":19},{"not_picked":["Multi-Cast","Coolheaded"],"picked":"Redo","floor":21},{"not_picked":["Blizzard","White Noise","Leap"],"picked":"SKIP","floor":23},{"not_picked":["Barrage","Turbo"],"picked":"Coolheaded","floor":25},{"not_picked":["Barrage","Leap+1","Go for the Eyes"],"picked":"SKIP","floor":28},{"not_picked":["Rainbow","Ball Lightning","Chill"],"picked":"SKIP","floor":30},{"not_picked":["Coolheaded","Compile Driver","Aggregate"],"picked":"SKIP","floor":31},{"not_picked":["Echo Form","Multi-Cast"],"picked":"Fission","floor":33},{"not_picked":["Tempest","Cold Snap+1"],"picked":"Beam Cell+1","floor":35},{"not_picked":["FTL","Doom and Gloom","Hologram"],"picked":"SKIP","floor":38},{"not_picked":["Self Repair+1","Auto Shields+1","Fusion"],"picked":"SKIP","floor":39},{"not_picked":["Heatsinks+1","Turbo","Double Energy"],"picked":"SKIP","floor":40},{"not_picked":["Coolheaded","Aggregate","Barrage"],"picked":"SKIP","floor":42},{"not_picked":["Aggregate","Conserve Battery","Redo+1"],"picked":"SKIP","floor":44},{"not_picked":["Finesse","Forethought"],"picked":"Transmutation","floor":46},{"not_picked":["Conserve Battery","Redo","Steam"],"picked":"SKIP","floor":54}],"player_experience":528253,"relics_obtained":[{"floor":7.0,"key":"Omamori"},{"floor":9.0,"key":"Juzu Bracelet"},{"floor":10.0,"key":"Gremlin Horn"},{"floor":13,"key":"Meat on the Bone"},{"floor":14,"key":"Boot"},{"floor":19,"key":"Red Mask"},{"floor":23,"key":"Bottled Flame"},{"floor":26,"key":"Sundial"},{"floor":30,"key":"MawBank"},{"floor":40,"key":"Bag of Marbles"},{"floor":42,"key":"Art of War"},{"floor":44,"key":"Orichalcum"},{"floor":48,"key":"Bottled Tornado"},{"floor":54,"key":"Lantern"}],"event_choices":[{"damage_healed":0.0,"max_hp_gain":0.0,"max_hp_loss":0.0,"gold_gain":0.0,"event_name":"Shining Light","player_choice":"Entered Light","floor":2.0,"gold_loss":0.0,"damage_taken":23.0,"cards_upgraded":["Strike_B","Gash"]},{"cards_removed":["Strike_B"],"damage_healed":0.0,"max_hp_gain":0.0,"max_hp_loss":0.0,"gold_gain":0.0,"event_name":"Living Wall","player_choice":"Forget","floor":4.0,"gold_loss":0.0,"damage_taken":0.0},{"damage_healed":0,"gold_gain":0,"player_choice":"Fought Bandits","damage_taken":0,"max_hp_gain":0,"max_hp_loss":0,"event_name":"Masked Bandits","floor":19,"gold_loss":0},{"damage_healed":0,"gold_gain":0,"player_choice":"Copied","damage_taken":0,"max_hp_gain":0,"max_hp_loss":0,"event_name":"Duplicator","floor":20,"gold_loss":0,"cards_obtained":["Gash"]},{"damage_healed":0,"gold_gain":0,"cards_transformed":["Defend_B","Strike_B"],"player_choice":"Became Test Subject","damage_taken":0,"max_hp_gain":0,"max_hp_loss":0,"event_name":"Drug Dealer","floor":29,"gold_loss":0,"cards_obtained":["Darkness","Hologram"]},{"damage_healed":0,"gold_gain":222,"player_choice":"Wore Mask","damage_taken":0,"max_hp_gain":0,"max_hp_loss":0,"event_name":"Tomb of Lord Red Mask","floor":36,"gold_loss":0},{"damage_healed":0,"gold_gain":0,"player_choice":"Memory 1","damage_taken":0,"max_hp_gain":0,"max_hp_loss":0,"event_name":"SensoryStone","floor":46,"gold_loss":0},{"damage_healed":62,"gold_gain":0,"player_choice":"Heal","damage_taken":0,"max_hp_gain":0,"max_hp_loss":14,"event_name":"The Moai Head","floor":47,"gold_loss":0}],"is_beta":false,"boss_relics":[{"not_picked":["Calling Bell","Ectoplasm"],"picked":"Orrery"},{"not_picked":["Philosopher\u0027s Stone","Fusion Hammer"],"picked":"Nuclear Battery"}],"items_purged_floors":[5,22,37],"is_endless":false,"potions_floor_spawned":[1,13,16,19,28,30,38,39,40],"killed_by":"The Heart","ascension_level":17}