{"gold_per_floor":[109,284,284,302,315,342,342,355,355,370,370,370,383,398,398,398],"floor_reached":16,"playtime":1607,"items_purged":[],"score":104,"play_id":"4e27d208-0c6c-4cc7-9d38-ff80694ce950","local_time":"20190524212107","is_ascension_mode":false,"campfire_choices":[{"floor":7,"key":"REST"},{"data":"Calculated Gamble","floor":11,"key":"SMITH"},{"floor":15,"key":"REST"}],"neow_cost":"NONE","seed_source_timestamp":2353591023470054,"circlet_count":0,"master_deck":["Defend_G","Defend_G","Defend_G","Defend_G","Defend_G","Strike_G","Strike_G","Strike_G","Strike_G","Strike_G","Survivor","Neutralize","Infinite Blades","Doubt","Pain","Blade Dance","Dagger Spray","Bane","Calculated Gamble+1","Blade Dance","Underhanded Strike","Crippling Poison"],"relics":["Ring of the Snake","WarpedTongs","Tingsha","The Courier"],"potions_floor_usage":[14,14,16],"damage_taken":[{"damage":0,"enemies":"2 Louse","floor":1,"turns":4},{"damage":3,"enemies":"Small Slimes","floor":4,"turns":5},{"damage":2,"enemies":"Cultist","floor":5,"turns":4},{"damage":33,"enemies":"Gremlin Nob","floor":6,"turns":5},{"damage":6,"enemies":"Looter","floor":8,"turns":4},{"damage":7,"enemies":"Large Slime","floor":10,"turns":5},{"damage":16,"enemies":"2 Fungi Beasts","floor":13,"turns":4},{"damage":21,"enemies":"Exordium Thugs","floor":14,"turns":4},{"damage":40,"enemies":"The Guardian","floor":16,"turns":5}],"seed_played":"4606603912987705412","potions_obtained":[{"floor":5,"key":"FearPotion"},{"floor":10,"key":"SkillPotion"},{"floor":13,"key":"Fire Potion"}],"is_trial":false,"path_per_floor":["M","?","?","M","M","E","R","M","T","M","R","?","M","M","R","B"],"character_chosen":"THE_SILENT","items_purchased":[],"campfire_rested":2,"item_purchase_floors":[],"current_hp_per_floor":[77,77,77,74,72,39,62,56,56,49,49,49,33,12,35,0],"gold":398,"neow_bonus":"TEN_PERCENT_HP_BONUS","is_prod":false,"is_daily":false,"chose_seed":false,"campfire_upgraded":1,"win_rate":0.0,"timestamp":1558747267,"path_taken":["M","?","?","?","M","E","R","M","T","M","R","?","M","M","R","BOSS"],"build_version":"2019-01-23","purchased_purges":0,"victory":false,"max_hp_per_floor":[77,77,77,77,77,77,77,77,77,77,77,77,77,77,77,77],"card_choices":[{"not_picked":["Acrobatics","Leg Sweep"],"picked":"Infinite Blades","floor":1},{"not_picked":["Footwork","Sucker Punch"],"picked":"Blade Dance","floor":4},{"not_picked":["Deflect","Riddle With Holes"],"picked":"Dagger Spray","floor":5},{"not_picked":["Quick Slash","Slice"],"picked":"Bane","floor":6},{"not_picked":["Choke","Wraith Form v2"],"picked":"Calculated Gamble","floor":8},{"not_picked":["Reflex","Deflect"],"picked":"Blade Dance","floor":10},{"not_picked":["Sucker Punch","Infinite Blades"],"picked":"Underhanded Strike","floor":13},{"not_picked":["Deflect","Dash"],"picked":"Crippling Poison","floor":14}],"player_experience":918815,"relics_obtained":[{"floor":6,"key":"Tingsha"},{"floor":9,"key":"The Courier"}],"event_choices":[{"damage_healed":0,"gold_gain":175,"player_choice":"AGREE","damage_taken":0,"max_hp_gain":0,"max_hp_loss":0,"event_name":"Liars Game","floor":2,"gold_loss":0,"cards_obtained":["Doubt"]},{"damage_healed":0,"gold_gain":0,"player_choice":"Rummage","damage_taken":0,"relics_obtained":["WarpedTongs"],"max_hp_gain":0,"max_hp_loss":0,"event_name":"Accursed Blacksmith","floor":3,"gold_loss":0,"cards_obtained":["Pain"]},{"damage_healed":0,"gold_gain":0,"player_choice":"Ignored","damage_taken":0,"max_hp_gain":0,"max_hp_loss":0,"event_name":"Golden Idol","floor":12,"gold_loss":0}],"is_beta":false,"boss_relics":[],"items_purged_floors":[],"is_endless":false,"potions_floor_spawned":[5,10,13],"killed_by":"The Guardian","ascension_level":0}