{"gold_per_floor":[109,109,11,11,26,57,232,232],"floor_reached":8,"playtime":1138,"items_purged":["Regret"],"score":54,"play_id":"56b0018e-af14-40dc-8fb4-c982658182a2","local_time":"20190515142740","is_ascension_mode":false,"campfire_choices":[],"neow_cost":"NONE","seed_source_timestamp":1551662134279744,"circlet_count":0,"master_deck":["Defend_G","Defend_G","Defend_G","Defend_G","Defend_G","Strike_G","Strike_G","Strike_G","Strike_G","Survivor","Neutralize","Poisoned Stab","PiercingWail","Slice","Catalyst","Doubt"],"relics":["Ring of the Snake","Strawberry","Blue Candle","Letter Opener"],"potions_floor_usage":[6],"damage_taken":[{"damage":0,"enemies":"2 Louse","floor":1,"turns":3},{"damage":3,"enemies":"Jaw Worm","floor":5,"turns":4},{"damage":54,"enemies":"Lagavulin","floor":6,"turns":12},{"damage":25,"enemies":"3 Sentries","floor":8,"turns":11}],"seed_played":"2886831893525385331","potions_obtained":[{"floor":5,"key":"Fire Potion"}],"is_trial":false,"path_per_floor":["M","?","$","?","M","E","?","E"],"character_chosen":"THE_SILENT","items_purchased":["PiercingWail"],"campfire_rested":0,"item_purchase_floors":[3],"current_hp_per_floor":[77,77,77,77,74,20,20,0],"gold":232,"neow_bonus":"RANDOM_COMMON_RELIC","is_prod":false,"is_daily":false,"chose_seed":false,"campfire_upgraded":0,"win_rate":0.0,"timestamp":1557944860,"path_taken":["M","?","$","?","?","E","?","E"],"build_version":"2019-01-23","purchased_purges":1,"victory":false,"max_hp_per_floor":[77,77,77,77,77,77,77,77],"card_choices":[{"not_picked":["Dodge and Roll","Sucker Punch"],"picked":"Poisoned Stab","floor":1},{"not_picked":["Bane","Flechettes"],"picked":"Slice","floor":5},{"not_picked":["Backflip","Sucker Punch"],"picked":"Catalyst","floor":6}],"player_experience":735705,"relics_obtained":[{"floor":6,"key":"Letter Opener"}],"event_choices":[{"damage_healed":0,"gold_gain":0,"player_choice":"Box","damage_taken":0,"relics_obtained":["Blue Candle"],"max_hp_gain":0,"max_hp_loss":0,"event_name":"Big Fish","floor":2,"gold_loss":0,"cards_obtained":["Regret"]},{"cards_removed":["Strike_G"],"damage_healed":0,"gold_gain":0,"player_choice":"Offered Basic","damage_taken":0,"max_hp_gain":0,"max_hp_loss":0,"event_name":"Bonfire Elementals","floor":4,"gold_loss":0},{"damage_healed":0,"gold_gain":175,"player_choice":"AGREE","damage_taken":0,"max_hp_gain":0,"max_hp_loss":0,"event_name":"Liars Game","floor":7,"gold_loss":0,"cards_obtained":["Doubt"]}],"is_beta":false,"boss_relics":[],"items_purged_floors":[3],"is_endless":false,"potions_floor_spawned":[5],"killed_by":"3 Sentries","ascension_level":0}