{"gold_per_floor":[116,116,36,46,64,64,93,93,93,93,125,300,330,348,348,449,449,463,388,26,26,26,26],"floor_reached":23,"playtime":711,"items_purged":["Strike_G"],"score":328,"play_id":"8cc6a3b0-2eae-4e30-94af-61445d0604ea","local_time":"20190509192417","is_ascension_mode":true,"campfire_choices":[{"data":"Dagger Spray","floor":6.0,"key":"SMITH"},{"data":"Noxious Fumes","floor":8.0,"key":"SMITH"},{"data":"Bane","floor":10.0,"key":"SMITH"},{"floor":15.0,"key":"REST"}],"neow_cost":"NONE","seed_source_timestamp":1932277388325620,"circlet_count":0,"master_deck":["AscendersBane","Defend_G","Defend_G","Defend_G","Defend_G","Defend_G","Strike_G","Strike_G","Strike_G","Survivor","Neutralize","Deadly Poison","Noxious Fumes+1","Dagger Spray+1","Bane+1","PiercingWail","Envenom","Backflip","Noxious Fumes+1"],"special_seed":0,"relics":["Ring of the Snake","NeowsBlessing","Darkstone Periapt","Pen Nib","Omamori","Prayer Wheel","Velvet Choker","The Specimen"],"potions_floor_usage":[16,23],"damage_taken":[{"damage":0.0,"enemies":"Cultist","floor":1.0,"turns":1.0},{"damage":0.0,"enemies":"Small Slimes","floor":4.0,"turns":1.0},{"damage":0.0,"enemies":"Jaw Worm","floor":5.0,"turns":1.0},{"damage":22.0,"enemies":"3 Sentries","floor":7.0,"turns":7.0},{"damage":20.0,"enemies":"Gremlin Nob","floor":11.0,"turns":4.0},{"damage":15.0,"enemies":"3 Sentries","floor":13.0,"turns":6.0},{"damage":0.0,"enemies":"Looter","floor":14.0,"turns":2.0},{"damage":13,"enemies":"Hexaghost","floor":16,"turns":8},{"damage":37,"enemies":"Spheric Guardian","floor":18,"turns":6},{"damage":41,"enemies":"Slavers","floor":23,"turns":3}],"seed_played":"-7945990277392745416","potions_obtained":[{"floor":2.0,"key":"LiquidBronze"},{"floor":2.0,"key":"FairyPotion"},{"floor":16,"key":"Energy Potion"}],"is_trial":false,"path_per_floor":["M","?","$","M","M","R","E","R","T","R","E","?","E","M","R","B",null,"M","?","$","?","?","E"],"character_chosen":"THE_SILENT","items_purchased":["Noxious Fumes","The Specimen"],"campfire_rested":1,"item_purchase_floors":[3,20],"current_hp_per_floor":[63,63,63,63,63,63,41,41,41,41,21,21,6,6,27,14,56,19,19,19,19,19,0],"gold":26,"neow_bonus":"THREE_ENEMY_KILL","is_prod":false,"is_daily":false,"chose_seed":false,"campfire_upgraded":3,"win_rate":0,"timestamp":1557422657,"path_taken":["M","?","$","?","M","R","E","R","T","R","E","?","E","M","R","BOSS","M","?","$","?","?","E"],"build_version":"2019-01-23","purchased_purges":1,"victory":false,"max_hp_per_floor":[70,70,70,70,70,70,70,70,70,70,70,70,70,70,70,70,70,70,70,70,70,70,70],"card_choices":[{"not_picked":["Bane","PiercingWail"],"picked":"Deadly Poison","floor":1.0},{"not_picked":["Bane","Escape Plan"],"picked":"Dagger Spray","floor":4.0},{"not_picked":["Distraction","Masterful Stab"],"picked":"Bane","floor":5.0},{"not_picked":["Bullet Time","Outmaneuver","Dagger Spray"],"picked":"SKIP","floor":7.0},{"not_picked":["Heel Hook","Blade Dance","Concentrate"],"picked":"SKIP","floor":11.0},{"not_picked":["Underhanded Strike","A Thousand Cuts","Blade Dance"],"picked":"SKIP","floor":13.0},{"not_picked":["Eviscerate","Calculated Gamble"],"picked":"PiercingWail","floor":14.0},{"not_picked":["Terror","Acrobatics","Poisoned Stab"],"picked":"SKIP","floor":14.0},{"not_picked":["Night Terror","Tools of the Trade"],"picked":"Envenom","floor":16},{"not_picked":["Bane","Dagger Spray"],"picked":"Backflip","floor":18},{"not_picked":["All Out Attack","Calculated Gamble"],"picked":"Noxious Fumes+1","floor":18}],"player_experience":281776,"relics_obtained":[{"floor":7.0,"key":"Darkstone Periapt"},{"floor":9.0,"key":"Pen Nib"},{"floor":11.0,"key":"Omamori"},{"floor":13.0,"key":"Prayer Wheel"}],"event_choices":[{"damage_healed":0.0,"max_hp_gain":0.0,"max_hp_loss":0.0,"gold_gain":0.0,"event_name":"Lab","player_choice":"Got Potions","floor":2.0,"gold_loss":0.0,"damage_taken":0.0},{"damage_healed":0.0,"max_hp_gain":0.0,"max_hp_loss":0.0,"gold_gain":175.0,"event_name":"Liars Game","player_choice":"AGREE","floor":12.0,"gold_loss":0.0,"damage_taken":0.0,"cards_obtained":["Doubt"]},{"cards_removed":["Strike_G"],"damage_healed":0,"gold_gain":0,"player_choice":"Gave Gold","damage_taken":0,"max_hp_gain":0,"max_hp_loss":0,"event_name":"Beggar","floor":19,"gold_loss":75},{"damage_healed":0,"gold_gain":0,"player_choice":"Ignored","damage_taken":0,"max_hp_gain":0,"max_hp_loss":0,"event_name":"Vampires","floor":21,"gold_loss":0},{"damage_healed":0,"gold_gain":0,"player_choice":"Smashed Altar","damage_taken":0,"max_hp_gain":0,"max_hp_loss":0,"event_name":"Forgotten Altar","floor":22,"gold_loss":0,"cards_obtained":["Decay"]}],"is_beta":false,"boss_relics":[{"not_picked":["HoveringKite","Ectoplasm"],"picked":"Velvet Choker"}],"items_purged_floors":[20],"is_endless":false,"potions_floor_spawned":[4,11,16],"killed_by":"Slavers","ascension_level":12}