{"gold_per_floor":[214,227,29,29,42,42,58,90,113,113,148,158,175,175,175,252,252,271,196,212,212,28,28,53,53,106,106,140,140],"floor_reached":29,"playtime":861,"items_purged":["Strike_B"],"score":542,"play_id":"b9786b95-a77a-47a1-93ec-44b002819776","local_time":"20190606194830","is_ascension_mode":true,"campfire_choices":[{"data":"Apotheosis","floor":6.0,"key":"SMITH"},{"floor":10,"key":"REST"},{"floor":15,"key":"REST"},{"floor":23,"key":"REST"},{"floor":25,"key":"REST"},{"data":"Creative AI","floor":27,"key":"SMITH"}],"neow_cost":"NONE","seed_source_timestamp":287510979212,"circlet_count":0,"master_deck":["AscendersBane","Strike_B","Defend_B","Defend_B","Defend_B","Defend_B","Zap","Dualcast","Go for the Eyes","Sunder","Apotheosis+1","Auto Shields","Conserve Battery","Doom and Gloom","Beam Cell","Creative AI+1","Compile Driver","Cold Snap","Ball Lightning","Echo Form+1"],"special_seed":0,"relics":["Cracked Core","Ancient Tea Set","Anchor","Philosopher\u0027s Stone","Nloth\u0027s Gift","Frozen Egg 2","PreservedInsect","Nunchaku"],"potions_floor_usage":[16,18,24,28,29],"damage_taken":[{"damage":7.0,"enemies":"Jaw Worm","floor":1.0,"turns":4.0},{"damage":0.0,"enemies":"2 Louse","floor":2.0,"turns":2.0},{"damage":0.0,"enemies":"Cultist","floor":5.0,"turns":3.0},{"damage":0.0,"enemies":"Exordium Wildlife","floor":7.0,"turns":3.0},{"damage":41,"enemies":"Gremlin Nob","floor":8,"turns":4},{"damage":20,"enemies":"3 Sentries","floor":11,"turns":7},{"damage":0,"enemies":"Looter","floor":12,"turns":3},{"damage":2,"enemies":"Gremlin Gang","floor":13,"turns":3},{"damage":10,"enemies":"The Guardian","floor":16,"turns":14},{"damage":17,"enemies":"2 Thieves","floor":18,"turns":4},{"damage":18,"enemies":"Spheric Guardian","floor":20,"turns":4},{"damage":8,"enemies":"Gremlin Leader","floor":24,"turns":7},{"damage":52,"enemies":"Slavers","floor":28,"turns":5},{"damage":10,"enemies":"Snake Plant","floor":29,"turns":2}],"seed_played":"-6757159252551272105","potions_obtained":[{"floor":1.0,"key":"SpeedPotion"},{"floor":2.0,"key":"SpeedPotion"},{"floor":11,"key":"Explosive Potion"},{"floor":24,"key":"SteroidPotion"},{"floor":28,"key":"AttackPotion"}],"is_trial":false,"path_per_floor":["M","M","$","?","M","R","M","E","T","R","E","M","M","?","R","B",null,"M","?","M","?","$","R","E","R","T","R","E","M"],"character_chosen":"DEFECT","items_purchased":["Apotheosis","Block Potion","Ball Lightning"],"campfire_rested":4,"item_purchase_floors":[3,22,22],"current_hp_per_floor":[57,57,57,50,50,50,50,9,9,30,10,10,8,8,29,19,58,41,41,23,23,23,44,36,57,57,57,5,0],"gold":140,"neow_bonus":"HUNDRED_GOLD","is_prod":false,"is_daily":false,"chose_seed":false,"campfire_upgraded":2,"win_rate":0,"timestamp":1559843310,"path_taken":["M","M","$","?","M","R","M","E","T","R","E","M","M","?","R","BOSS","M","?","M","?","$","R","E","R","T","R","E","?"],"build_version":"2019-06-05","purchased_purges":1,"victory":false,"max_hp_per_floor":[71,71,71,71,71,71,71,71,71,71,71,71,71,71,71,71,71,71,71,71,71,71,71,71,71,71,71,71,71],"card_choices":[{"not_picked":["Blizzard","Coolheaded"],"picked":"Go for the Eyes","floor":1.0},{"not_picked":["Streamline","Coolheaded"],"picked":"Sunder","floor":2.0},{"not_picked":["Rebound","Hologram"],"picked":"Auto Shields","floor":5.0},{"not_picked":["Steam","Ball Lightning"],"picked":"Conserve Battery","floor":7.0},{"not_picked":["Leap","Aggregate","Meteor Strike"],"picked":"SKIP","floor":8},{"not_picked":["Gash","Compile Driver"],"picked":"Doom and Gloom","floor":11},{"not_picked":["Streamline","Leap"],"picked":"Beam Cell","floor":12},{"not_picked":["Blizzard","Reprogram","Steam"],"picked":"SKIP","floor":13},{"not_picked":["Buffer","Rainbow"],"picked":"Creative AI","floor":16},{"not_picked":["Rebound","Stack"],"picked":"Compile Driver","floor":18},{"not_picked":["Go for the Eyes","Redo"],"picked":"Cold Snap","floor":20},{"not_picked":["Turbo","Fission"],"picked":"Echo Form","floor":24},{"not_picked":["Redo","Barrage","Streamline+1"],"picked":"SKIP","floor":28}],"player_experience":1678616,"relics_obtained":[{"floor":8,"key":"Ancient Tea Set"},{"floor":9,"key":"Potion Belt"},{"floor":11,"key":"Anchor"},{"floor":24,"key":"Frozen Egg 2"},{"floor":26,"key":"PreservedInsect"},{"floor":28,"key":"Nunchaku"}],"event_choices":[{"cards_removed":["Strike_B"],"damage_healed":0.0,"max_hp_gain":0.0,"max_hp_loss":0.0,"gold_gain":0.0,"event_name":"Golden Wing","player_choice":"Card Removal","floor":4.0,"gold_loss":0.0,"damage_taken":7.0},{"damage_healed":0,"gold_gain":0,"player_choice":"Ignored","damage_taken":0,"max_hp_gain":0,"max_hp_loss":0,"event_name":"Liars Game","floor":14,"gold_loss":0},{"cards_removed":["Strike_B"],"damage_healed":0,"gold_gain":0,"player_choice":"Gave Gold","damage_taken":0,"max_hp_gain":0,"max_hp_loss":0,"event_name":"Beggar","floor":19,"gold_loss":75},{"damage_healed":0,"gold_gain":0,"player_choice":"Traded Relic","damage_taken":0,"relics_obtained":["Nloth\u0027s Gift"],"max_hp_gain":0,"max_hp_loss":0,"event_name":"N\u0027loth","floor":21,"relics_lost":["Potion Belt"],"gold_loss":0}],"is_beta":true,"boss_relics":[{"not_picked":["FrozenCore","Velvet Choker"],"picked":"Philosopher\u0027s Stone"}],"items_purged_floors":[22],"is_endless":false,"potions_floor_spawned":[1,2,11,24,28],"killed_by":"Snake Plant","ascension_level":20}