{"gold_per_floor":[17,34,45,45,63,94,152,170,194,217,229,275,298,340,352,464,476,506,529,0,18,18,44,44,54,135,135,147,163,190,200,200,200],"floor_reached":33,"playtime":2486,"items_purged":[],"score":456,"play_id":"2e73d22d-3aaa-4d0b-872b-e8b431f5a928","local_time":"20190615035720","is_ascension_mode":true,"campfire_choices":[{"floor":11,"key":"REST"},{"data":"Storm of Steel","floor":15,"key":"SMITH"},{"data":"Apotheosis","floor":24,"key":"SMITH"},{"floor":32,"key":"REST"}],"neow_cost":"NO_GOLD","seed_source_timestamp":38951051328800,"circlet_count":0,"master_deck":["Defend_G","Defend_G","Defend_G","Defend_G+1","Defend_G+1","Strike_G+1","Strike_G","Strike_G","Strike_G","Strike_G","Survivor","Neutralize","Quick Slash","Poisoned Stab+1","Venomology","Flying Knee","Cloak And Dagger","Footwork","Caltrops","Storm of Steel+1","Cloak And Dagger","Adrenaline","Poisoned Stab","Apotheosis+1","Escape Plan","Choke+1","Dagger Throw+1","Backflip+1"],"relics":["Ring of the Serpent","Lantern","Centennial Puzzle","MawBank","War Paint","Pantograph","Vajra","Bag of Preparation","MutagenicStrength","Orichalcum","Tiny Chest","Unceasing Top"],"potions_floor_usage":[6,6,6,7,8,8,12,12,13,13,14,19,19,23,23,29,30,30,30,31,33,33],"damage_taken":[{"damage":0,"enemies":"Cultist","floor":1,"turns":4},{"damage":1,"enemies":"Jaw Worm","floor":2,"turns":3},{"damage":0,"enemies":"Small Slimes","floor":3,"turns":3},{"damage":10,"enemies":"3 Louse","floor":5,"turns":4},{"damage":13,"enemies":"Lagavulin","floor":6,"turns":5},{"damage":8,"enemies":"3 Sentries","floor":7,"turns":10},{"damage":0,"enemies":"Lots of Slimes","floor":8,"turns":4},{"damage":3,"enemies":"Blue Slaver","floor":10,"turns":3},{"damage":0,"enemies":"Gremlin Nob","floor":12,"turns":2},{"damage":4,"enemies":"Exordium Thugs","floor":13,"turns":5},{"damage":4,"enemies":"Lagavulin","floor":14,"turns":6},{"damage":27,"enemies":"Hexaghost","floor":16,"turns":10},{"damage":1,"enemies":"Chosen","floor":18,"turns":4},{"damage":14,"enemies":"2 Thieves","floor":19,"turns":4},{"damage":7,"enemies":"Snecko","floor":21,"turns":4},{"damage":15,"enemies":"Gremlin Leader","floor":23,"turns":5},{"damage":0,"enemies":"Snake Plant","floor":25,"turns":2},{"damage":3,"enemies":"Shelled Parasite and Fungi","floor":28,"turns":3},{"damage":0,"enemies":"Snecko","floor":29,"turns":5},{"damage":4,"enemies":"Slavers","floor":30,"turns":5},{"damage":8,"enemies":"Centurion and Healer","floor":31,"turns":4},{"damage":83,"enemies":"Champ","floor":33,"turns":11}],"seed_played":"-2382697204355017275","potions_obtained":[{"floor":5,"key":"Block Potion"},{"floor":6,"key":"Poison Potion"},{"floor":8,"key":"AttackPotion"},{"floor":12,"key":"AttackPotion"},{"floor":14,"key":"GamblersBrew"},{"floor":23,"key":"GhostInAJar"},{"floor":28,"key":"Ancient Potion"},{"floor":29,"key":"Fire Potion"},{"floor":30,"key":"FearPotion"}],"is_trial":false,"path_per_floor":["M","M","M","?","M","E","?","M","T","M","R","E","M","E","R","B",null,"M","M","$","M","?","E","R","M","T","?","M","M","E","M","R","B"],"character_chosen":"THE_SILENT","items_purchased":["Apotheosis","Vajra","Escape Plan","Bag of Preparation"],"campfire_rested":2,"item_purchase_floors":[20,20,20,20],"current_hp_per_floor":[77,76,76,59,49,36,28,28,28,25,50,50,58,54,54,52,76,75,61,61,54,54,39,39,39,39,39,36,36,32,24,49,0],"gold":200,"neow_bonus":"TWENTY_PERCENT_HP_BONUS","is_prod":false,"is_daily":false,"chose_seed":false,"campfire_upgraded":2,"win_rate":0,"timestamp":1560596240,"path_taken":["M","M","?","?","M","E","?","M","T","M","R","E","M","E","R","BOSS","M","M","$","M","?","E","R","M","T","?","M","?","E","M","R","BOSS"],"build_version":"2019-01-23","purchased_purges":0,"victory":false,"max_hp_per_floor":[84,84,84,84,84,84,84,84,84,84,84,84,84,84,84,84,84,84,84,84,84,84,84,84,84,84,84,84,84,84,84,84,84],"card_choices":[{"not_picked":["Underhanded Strike","Prepared"],"picked":"Quick Slash","floor":1},{"not_picked":["Reflex","Calculated Gamble"],"picked":"Poisoned Stab","floor":2},{"not_picked":["Deadly Poison","Flying Knee"],"picked":"Venomology","floor":3},{"not_picked":["Setup","Underhanded Strike"],"picked":"Flying Knee","floor":5},{"not_picked":["Blade Dance","Deflect"],"picked":"Cloak And Dagger","floor":6},{"not_picked":["Blade Dance","Dodge and Roll"],"picked":"Footwork","floor":7},{"not_picked":["Bane","Outmaneuver"],"picked":"Caltrops","floor":8},{"not_picked":["Deadly Poison","Heel Hook","Outmaneuver"],"picked":"SKIP","floor":10},{"not_picked":["Masterful Stab","Setup"],"picked":"Storm of Steel","floor":12},{"not_picked":["Outmaneuver","Slice"],"picked":"Cloak And Dagger","floor":13},{"not_picked":["Slice","Caltrops","Backflip"],"picked":"SKIP","floor":14},{"not_picked":["Phantasmal Killer","Grand Finale"],"picked":"Adrenaline","floor":16},{"not_picked":["Reflex","Flechettes"],"picked":"Poisoned Stab","floor":18},{"not_picked":["Tactician","Flying Knee","Bouncing Flask+1"],"picked":"SKIP","floor":19},{"not_picked":["Sucker Punch","Dodge and Roll","Blade Dance"],"picked":"SKIP","floor":21},{"not_picked":["Skewer","Riddle With Holes"],"picked":"Choke+1","floor":23},{"not_picked":["Blade Dance","Burst","Cloak And Dagger"],"picked":"SKIP","floor":25},{"not_picked":["Underhanded Strike","Cloak And Dagger","Dagger Spray"],"picked":"SKIP","floor":28},{"not_picked":["Riddle With Holes","Underhanded Strike"],"picked":"Dagger Throw+1","floor":29},{"not_picked":["Slice","Blade Dance","Cloak And Dagger"],"picked":"SKIP","floor":30},{"not_picked":["Storm of Steel","Sucker Punch"],"picked":"Backflip+1","floor":31}],"player_experience":353328,"relics_obtained":[{"floor":6,"key":"Lantern"},{"floor":7,"key":"Centennial Puzzle"},{"floor":9,"key":"MawBank"},{"floor":12,"key":"War Paint"},{"floor":14,"key":"Pantograph"},{"floor":23,"key":"Orichalcum"},{"floor":26,"key":"Tiny Chest"},{"floor":30,"key":"Unceasing Top"}],"event_choices":[{"damage_healed":0,"gold_gain":0,"player_choice":"Entered Light","damage_taken":17,"max_hp_gain":0,"max_hp_loss":0,"event_name":"Shining Light","floor":4,"gold_loss":0,"cards_upgraded":["Strike_G","Poisoned Stab"]},{"damage_healed":0,"gold_gain":0,"player_choice":"Searched \u00271\u0027 times","damage_taken":0,"max_hp_gain":0,"max_hp_loss":0,"event_name":"Dead Adventurer","floor":7,"gold_loss":0},{"damage_healed":0,"gold_gain":0,"player_choice":"Inject Mutagens","damage_taken":0,"relics_obtained":["MutagenicStrength"],"max_hp_gain":0,"max_hp_loss":0,"event_name":"Drug Dealer","floor":22,"gold_loss":0},{"damage_healed":0,"gold_gain":0,"player_choice":"Bought 0 Potions","damage_taken":0,"max_hp_gain":0,"max_hp_loss":0,"event_name":"The Woman in Blue","floor":27,"gold_loss":0}],"is_beta":false,"boss_relics":[{"not_picked":["Empty Cage","White Beast Statue"],"picked":"Ring of the Serpent"}],"items_purged_floors":[],"is_endless":false,"potions_floor_spawned":[5,6,8,12,14,23,28,29,30],"killed_by":"Champ","ascension_level":7}