{"gold_per_floor":[113,113,127,144,94,94,126,126,151,151,164,64,64,99,99,178,178,196,209,53,53],"floor_reached":21,"playtime":635,"items_purged":["Strike_R"],"score":309,"play_id":"e81075c4-9d69-4968-b838-05ebff381b6f","local_time":"20190630120815","is_ascension_mode":true,"campfire_choices":[{"data":"Searing Blow","floor":6.0,"key":"SMITH"},{"data":"Clothesline","floor":8.0,"key":"SMITH"},{"data":"Searing Blow+1","floor":10.0,"key":"SMITH"},{"data":"Body Slam","floor":15.0,"key":"SMITH"}],"neow_cost":"NONE","seed_source_timestamp":834302821029502,"circlet_count":0,"master_deck":["AscendersBane","Defend_R","Defend_R","Defend_R","Defend_R","Bash","Searing Blow+2","Clothesline+1","Demon Form","Body Slam+1","Armaments+1","Sword Boomerang","Juggernaut","Wild Strike+1","Limit Break+1","Pummel+1","Combust","Sword Boomerang"],"special_seed":0,"relics":["Burning Blood","Potion Belt","Omamori","WingedGreaves","Astrolabe","Oddly Smooth Stone"],"potions_floor_usage":[21],"damage_taken":[{"damage":3.0,"enemies":"2 Louse","floor":1.0,"turns":3.0},{"damage":5.0,"enemies":"Jaw Worm","floor":3.0,"turns":5.0},{"damage":5.0,"enemies":"Small Slimes","floor":4.0,"turns":5.0},{"damage":44.0,"enemies":"Gremlin Nob","floor":7.0,"turns":5.0},{"damage":2.0,"enemies":"Blue Slaver","floor":11.0,"turns":5.0},{"damage":10.0,"enemies":"Lagavulin","floor":14.0,"turns":7.0},{"damage":23.0,"enemies":"Slime Boss","floor":16.0,"turns":6.0},{"damage":44.0,"enemies":"2 Thieves","floor":18.0,"turns":4.0},{"damage":16.0,"enemies":"Chosen","floor":19.0,"turns":4.0},{"damage":43,"enemies":"Colosseum Slavers","floor":21,"turns":3}],"seed_played":"7761622233319851445","potions_obtained":[{"floor":7.0,"key":"Poison Potion"},{"floor":11.0,"key":"Ancient Potion"},{"floor":18.0,"key":"GamblersBrew"},{"floor":19.0,"key":"FearPotion"}],"is_trial":false,"path_per_floor":["M","?","M","M","?","R","E","R","T","R","M","$","?","E","R","B",null,"M","M","$","?"],"character_chosen":"IRONCLAD","items_purchased":["Armaments","Oddly Smooth Stone"],"campfire_rested":0,"item_purchase_floors":[12,20],"current_hp_per_floor":[83,83,84,85,85,85,47,47,47,47,51,51,51,47,47,30,74,36,26,26,0],"gold":53,"neow_bonus":"TEN_PERCENT_HP_BONUS","is_prod":false,"is_daily":false,"chose_seed":false,"campfire_upgraded":4,"win_rate":0,"timestamp":1561914495,"path_taken":["M","?","M","M","?","R","E","R","T","R","M","$","?","E","R","BOSS","M","M","$","?"],"build_version":"2019-01-23","purchased_purges":1,"victory":false,"max_hp_per_floor":[88,88,88,88,88,88,88,88,88,88,88,88,88,88,88,88,88,88,88,88,88],"card_choices":[{"not_picked":["Clash","Cleave"],"picked":"Searing Blow","floor":1.0},{"not_picked":["Headbutt","Twin Strike"],"picked":"Clothesline","floor":3.0},{"not_picked":["Sword Boomerang","Evolve","Heavy Blade"],"picked":"SKIP","floor":4.0},{"not_picked":["Body Slam","Rupture"],"picked":"Demon Form","floor":7.0},{"not_picked":["Dropkick","Sentinel"],"picked":"Body Slam","floor":11.0},{"not_picked":["Impervious","Perfected Strike"],"picked":"Sword Boomerang","floor":14.0},{"not_picked":["Immolate","Exhume"],"picked":"Juggernaut","floor":16.0},{"not_picked":["Fire Breathing","Armaments"],"picked":"Combust","floor":18.0},{"not_picked":["Havoc","Perfected Strike"],"picked":"Sword Boomerang","floor":19.0}],"player_experience":314028,"relics_obtained":[{"floor":7.0,"key":"Potion Belt"},{"floor":9.0,"key":"Omamori"},{"floor":14.0,"key":"WingedGreaves"}],"event_choices":[{"damage_healed":0.0,"max_hp_gain":0.0,"max_hp_loss":0.0,"gold_gain":0.0,"event_name":"Liars Game","player_choice":"Ignored","floor":2.0,"gold_loss":0.0,"damage_taken":0.0},{"cards_removed":["Strike_R"],"damage_healed":0.0,"max_hp_gain":0.0,"max_hp_loss":0.0,"gold_gain":0.0,"event_name":"The Cleric","player_choice":"Card Removal","floor":5.0,"gold_loss":50.0,"damage_taken":0.0},{"damage_healed":0.0,"max_hp_gain":0.0,"max_hp_loss":0.0,"gold_gain":0.0,"event_name":"Living Wall","player_choice":"Grow","floor":13.0,"gold_loss":0.0,"damage_taken":0.0,"cards_upgraded":["Armaments"]},{"damage_healed":0,"gold_gain":0,"player_choice":"Fight","damage_taken":0,"max_hp_gain":0,"max_hp_loss":0,"event_name":"Colosseum","floor":21,"gold_loss":0}],"is_beta":false,"boss_relics":[{"not_picked":["Orrery","Tiny House"],"picked":"Astrolabe"}],"items_purged_floors":[12],"is_endless":false,"potions_floor_spawned":[7,11,18,19],"killed_by":"Colosseum Slavers","ascension_level":13}