{"gold_per_floor":[115,290,290,24,38,3,32,52,107,134,22,22,22,32,32,128,128,146,146,161,190,190,190,224,224,224,249,69,89,103,114,114,114],"floor_reached":33,"playtime":1624,"items_purged":["Strike_G","Strike_G"],"score":352,"play_id":"faa4d1c3-b89a-4a2a-803e-6b88eb936484","local_time":"20190502183602","is_ascension_mode":true,"campfire_choices":[{"floor":15,"key":"REST"},{"floor":23,"key":"REST"},{"floor":25,"key":"REST"},{"floor":32,"key":"REST"}],"neow_cost":"NONE","seed_source_timestamp":694400475790100,"circlet_count":0,"master_deck":["Defend_G","Defend_G","Defend_G","Defend_G","Defend_G+1","Strike_G","Strike_G","Survivor","Neutralize+1","Corpse Explosion","Poisoned Stab","Sucker Punch","Dagger Throw","Bullet Time","Crippling Poison","Catalyst","Catalyst","Adrenaline","Bane","Necronomicurse","Backflip+1","Calculated Gamble","Footwork","Concentrate+1","Blur"],"relics":["Ring of the Snake","TwistedFunnel","Vajra","Potion Belt","Mercury Hourglass","White Beast Statue","Necronomicon","Red Mask","Letter Opener","Sundial","Question Card","Lantern"],"potions_floor_usage":[7,10,21,21,24,27,27,29,31,31],"damage_taken":[{"damage":1,"enemies":"2 Louse","floor":1,"turns":4},{"damage":0,"enemies":"Jaw Worm","floor":5,"turns":3},{"damage":15,"enemies":"Gremlin Nob","floor":7,"turns":4},{"damage":0,"enemies":"Small Slimes","floor":8,"turns":2},{"damage":12,"enemies":"Lagavulin","floor":10,"turns":5},{"damage":1,"enemies":"2 Fungi Beasts","floor":14,"turns":2},{"damage":24,"enemies":"Hexaghost","floor":16,"turns":8},{"damage":8,"enemies":"Chosen","floor":18,"turns":2},{"damage":26,"enemies":"Spheric Guardian","floor":20,"turns":6},{"damage":0,"enemies":"Masked Bandits","floor":21,"turns":2},{"damage":21,"enemies":"Slavers","floor":24,"turns":4},{"damage":20,"enemies":"Book of Stabbing","floor":27,"turns":4},{"damage":10,"enemies":"Cultist and Chosen","floor":29,"turns":5},{"damage":8,"enemies":"Snake Plant","floor":30,"turns":4},{"damage":0,"enemies":"Centurion and Healer","floor":31,"turns":2},{"damage":67,"enemies":"Automaton","floor":33,"turns":6}],"seed_played":"3450795111232814103","potions_obtained":[{"floor":5,"key":"Poison Potion"},{"floor":7,"key":"FearPotion"},{"floor":16,"key":"Regen Potion"},{"floor":18,"key":"Dexterity Potion"},{"floor":20,"key":"Block Potion"},{"floor":21,"key":"Regen Potion"},{"floor":24,"key":"SkillPotion"},{"floor":27,"key":"SkillPotion"},{"floor":29,"key":"Fire Potion"},{"floor":30,"key":"Dexterity Potion"},{"floor":31,"key":"SteroidPotion"}],"is_trial":false,"path_per_floor":["M","?","?","$","M","?","E","M","T","E","$","?","?","M","R","B",null,"M","?","M","?","T","R","E","R","T","E","$","M","M","M","R","B"],"character_chosen":"THE_SILENT","items_purchased":["TwistedFunnel","Crippling Poison","Catalyst","Footwork"],"campfire_rested":4,"item_purchase_floors":[4,11,11,28],"current_hp_per_floor":[69,69,62,62,62,70,55,55,55,43,43,29,29,28,49,25,70,62,46,20,25,25,46,39,60,60,40,40,30,22,22,43,0],"gold":114,"neow_bonus":"ONE_RANDOM_RARE_CARD","is_prod":false,"is_daily":false,"chose_seed":false,"campfire_upgraded":0,"win_rate":0,"timestamp":1556847362,"path_taken":["M","?","?","$","M","?","E","?","T","E","$","?","?","M","R","BOSS","M","?","M","?","?","R","E","R","T","E","$","?","M","M","R","BOSS"],"build_version":"2019-01-23","purchased_purges":2,"victory":false,"max_hp_per_floor":[70,70,70,70,70,70,70,70,70,70,70,70,70,70,70,70,70,70,70,70,70,70,70,70,70,70,70,70,70,70,70,70,70],"card_choices":[{"not_picked":["Predator","Dodge and Roll"],"picked":"Poisoned Stab","floor":1},{"not_picked":["Poisoned Stab","Endless Agony"],"picked":"Sucker Punch","floor":5},{"not_picked":["Blade Dance","Skewer"],"picked":"Dagger Throw","floor":7},{"not_picked":["Acrobatics","Cloak And Dagger","Caltrops"],"picked":"SKIP","floor":8},{"not_picked":["Dodge and Roll","Dagger Spray"],"picked":"Bullet Time","floor":10},{"not_picked":["Prepared","Cloak And Dagger"],"picked":"Catalyst","floor":14},{"not_picked":["Malaise","Wraith Form v2"],"picked":"Adrenaline","floor":16},{"not_picked":["Well Laid Plans","Distraction"],"picked":"Bane","floor":18},{"not_picked":["Calculated Gamble","Poisoned Stab"],"picked":"Backflip+1","floor":20},{"not_picked":["Choke+1","PiercingWail+1","Bane"],"picked":"SKIP","floor":24},{"not_picked":["Heel Hook+1","PiercingWail","Slice"],"picked":"Calculated Gamble","floor":27},{"not_picked":["Poisoned Stab+1","Eviscerate+1","Slice"],"picked":"Concentrate+1","floor":29},{"not_picked":["Terror","Phantasmal Killer","Slice","Concentrate"],"picked":"SKIP","floor":30},{"not_picked":["PiercingWail","Quick Slash","Outmaneuver"],"picked":"Blur","floor":31}],"player_experience":281321,"relics_obtained":[{"floor":7,"key":"Vajra"},{"floor":9,"key":"Potion Belt"},{"floor":10,"key":"Mercury Hourglass"},{"floor":19,"key":"Necronomicon"},{"floor":21,"key":"Red Mask"},{"floor":22,"key":"Letter Opener"},{"floor":24,"key":"Sundial"},{"floor":26,"key":"Question Card"},{"floor":27,"key":"Lantern"}],"event_choices":[{"damage_healed":0,"gold_gain":175,"player_choice":"AGREE","damage_taken":0,"max_hp_gain":0,"max_hp_loss":0,"event_name":"Liars Game","floor":2,"gold_loss":0,"cards_obtained":["Doubt"]},{"cards_removed":["Doubt"],"damage_healed":0,"gold_gain":0,"player_choice":"Card Removal","damage_taken":7,"max_hp_gain":0,"max_hp_loss":0,"event_name":"Golden Wing","floor":3,"gold_loss":0},{"damage_healed":17,"gold_gain":0,"player_choice":"Healed","damage_taken":0,"max_hp_gain":0,"max_hp_loss":0,"event_name":"The Cleric","floor":6,"gold_loss":35},{"damage_healed":0,"gold_gain":0,"player_choice":"Entered Light","damage_taken":14,"max_hp_gain":0,"max_hp_loss":0,"event_name":"Shining Light","floor":12,"gold_loss":0,"cards_upgraded":["Defend_G","Neutralize"]},{"cards_removed":["Strike_G"],"damage_healed":0,"gold_gain":0,"player_choice":"Forget","damage_taken":0,"max_hp_gain":0,"max_hp_loss":0,"event_name":"Living Wall","floor":13,"gold_loss":0},{"damage_healed":0,"gold_gain":0,"player_choice":"Obtained Book","damage_taken":16,"max_hp_gain":0,"max_hp_loss":0,"event_name":"Cursed Tome","floor":19,"gold_loss":0},{"damage_healed":0,"gold_gain":0,"player_choice":"Fought Bandits","damage_taken":0,"max_hp_gain":0,"max_hp_loss":0,"event_name":"Masked Bandits","floor":21,"gold_loss":0}],"is_beta":false,"boss_relics":[{"not_picked":["Lizard Tail","Snecko Eye"],"picked":"White Beast Statue"}],"items_purged_floors":[4,28],"is_endless":false,"potions_floor_spawned":[5,7,16,18,20,21,24,27,29,30,31],"killed_by":"Automaton","ascension_level":4}