{"gold_per_floor":[114,114,39,39,139,172,183,197,197,97,129,129,147,147,147,250,250,260,1,1,1,11,11,11,11,11,24,24],"floor_reached":28,"playtime":822,"items_purged":["Strike_B","Strike_B"],"score":249,"play_id":"9b65ea43-e7ed-4f18-b8b3-43ee71cc5453","local_time":"20190613171852","is_ascension_mode":false,"campfire_choices":[{"data":"Zap","floor":12,"key":"SMITH"},{"data":"Chaos","floor":15,"key":"SMITH"},{"data":"Redo","floor":23,"key":"SMITH"},{"data":"White Noise","floor":25,"key":"SMITH"}],"neow_cost":"NONE","seed_source_timestamp":29070920174961,"circlet_count":0,"master_deck":["Strike_B","Strike_B","Defend_B","Defend_B","Defend_B","Defend_B","Zap+1","Dualcast","Redo+1","Chaos+1","White Noise+1","Undo","Reinforced Body+1","Pain","Meteor Strike","Redo+1","Meteor Strike","White Noise+1","Double Energy+1"],"relics":["Cracked Core","NeowsBlessing","Question Card","Incense Burner","PreservedInsect","Toxic Egg 2","WarpedTongs","Cursed Key","DollysMirror","Molten Egg 2"],"potions_floor_usage":[11,27],"damage_taken":[{"damage":0,"enemies":"2 Louse","floor":1,"turns":1},{"damage":0,"enemies":"3 Sentries","floor":6,"turns":1},{"damage":0,"enemies":"Jaw Worm","floor":7,"turns":1},{"damage":0,"enemies":"Small Slimes","floor":8,"turns":3},{"damage":4,"enemies":"Gremlin Nob","floor":11,"turns":4},{"damage":0,"enemies":"Exordium Wildlife","floor":13,"turns":2},{"damage":20,"enemies":"Slime Boss","floor":16,"turns":12},{"damage":4,"enemies":"Chosen","floor":18,"turns":4},{"damage":21,"enemies":"3 Byrds","floor":22,"turns":5},{"damage":24,"enemies":"Snake Plant","floor":27,"turns":6},{"damage":32,"enemies":"Sentry and Sphere","floor":28,"turns":9}],"seed_played":"-4569800940684424724","potions_obtained":[{"floor":7,"key":"Strength Potion"},{"floor":16,"key":"SpeedPotion"},{"floor":22,"key":"SkillPotion"}],"is_trial":false,"path_per_floor":["M","?","$","?","?","E","M","M","T","$","E","R","M","?","R","B",null,"M","$","?","$","M","R","$","R","T","M","M"],"character_chosen":"DEFECT","items_purchased":["DollysMirror","White Noise+1"],"campfire_rested":0,"item_purchase_floors":[19,19],"current_hp_per_floor":[75,57,57,57,57,57,57,57,57,57,53,53,53,53,53,33,75,71,71,71,71,50,50,50,50,50,26,0],"gold":24,"neow_bonus":"THREE_ENEMY_KILL","is_prod":false,"is_daily":false,"chose_seed":false,"campfire_upgraded":4,"win_rate":0,"timestamp":1560439132,"path_taken":["M","?","$","?","?","E","?","M","T","$","E","R","M","?","R","BOSS","M","$","?","$","M","R","?","R","T","M","M"],"build_version":"2019-01-23","purchased_purges":2,"victory":false,"max_hp_per_floor":[75,75,75,75,75,75,75,75,75,75,75,75,75,75,75,75,75,75,75,75,75,75,75,75,75,75,75,75],"card_choices":[{"not_picked":["Ball Lightning","Rip and Tear"],"picked":"Redo","floor":1},{"not_picked":["Turbo","Ball Lightning","Cold Snap"],"picked":"Chaos","floor":6},{"not_picked":["Melter","Gash","Storm"],"picked":"White Noise","floor":7},{"not_picked":["Streamline","Skim","Stack"],"picked":"Undo","floor":8},{"not_picked":["Genetic Algorithm","Force Field","Static Discharge"],"picked":"Reinforced Body","floor":11},{"not_picked":["Reprogram+1","Streamline","All For One","Static Discharge"],"picked":"SKIP","floor":13},{"not_picked":["Fission+1","Seek+1","Biased Cognition"],"picked":"Meteor Strike","floor":16},{"not_picked":["Steam+1","Genetic Algorithm+1","Heatsinks"],"picked":"Redo+1","floor":18},{"not_picked":["Ball Lightning+1","Rebound+1","Stack+1","Static Discharge"],"picked":"SKIP","floor":22},{"not_picked":["Streamline+1","Aggregate+1","Go for the Eyes+1"],"picked":"Double Energy+1","floor":27}],"player_experience":565541,"relics_obtained":[{"floor":6,"key":"Incense Burner"},{"floor":9,"key":"PreservedInsect"},{"floor":11,"key":"Toxic Egg 2"}],"event_choices":[{"damage_healed":0,"gold_gain":0,"player_choice":"Success","damage_taken":18,"relics_obtained":["Question Card"],"max_hp_gain":0,"max_hp_loss":0,"event_name":"Scrap Ooze","floor":2,"gold_loss":0},{"damage_healed":0,"gold_gain":0,"player_choice":"Leave","damage_taken":0,"max_hp_gain":0,"max_hp_loss":0,"event_name":"The Cleric","floor":4,"gold_loss":0},{"damage_healed":0,"gold_gain":100,"player_choice":"Pray","damage_taken":0,"max_hp_gain":0,"max_hp_loss":0,"event_name":"Golden Shrine","floor":5,"gold_loss":0},{"damage_healed":0,"gold_gain":0,"player_choice":"Rummage","damage_taken":0,"relics_obtained":["WarpedTongs"],"max_hp_gain":0,"max_hp_loss":0,"event_name":"Accursed Blacksmith","floor":14,"gold_loss":0,"cards_obtained":["Pain"]},{"damage_healed":0,"gold_gain":0,"player_choice":"Gave Potion","damage_taken":0,"relics_obtained":["Molten Egg 2"],"max_hp_gain":0,"max_hp_loss":0,"event_name":"WeMeetAgain","floor":20,"gold_loss":0}],"is_beta":false,"boss_relics":[{"not_picked":["Velvet Choker","Coffee Dripper"],"picked":"Cursed Key"}],"items_purged_floors":[3,10],"is_endless":false,"potions_floor_spawned":[7,16,22],"killed_by":"Sentry and Sphere","ascension_level":0}