{"gold_per_floor":[18,32,32,32,51,51,1,1,1,1,12,46,46,56,56,131,131,149,164,164,164,164,164,197,197,222,222,232,249,265,58,58,58],"floor_reached":33,"playtime":1280,"items_purged":[],"score":530,"play_id":"c8bc044d-c43b-4dbf-b854-2d88542ac186","local_time":"20190620112459","is_ascension_mode":true,"campfire_choices":[{"data":"Noxious Fumes","floor":6,"key":"SMITH"},{"data":"Catalyst","floor":8,"key":"SMITH"},{"data":"Neutralize","floor":10,"key":"SMITH"},{"floor":15,"key":"REST"},{"data":"Corpse Explosion","floor":23,"key":"SMITH"},{"floor":27,"key":"REST"},{"data":"Catalyst","floor":32,"key":"SMITH"}],"neow_cost":"NO_GOLD","seed_source_timestamp":501936019217939,"circlet_count":0,"master_deck":["AscendersBane","Defend_G","Defend_G","Defend_G","Defend_G","Defend_G","Strike_G+1","Strike_G+1","Survivor","Neutralize+1","Noxious Fumes+1","Catalyst+1","Catalyst+1","Backflip","Corpse Explosion+1","Prepared","Night Terror","Footwork","Adrenaline","Master of Strategy"],"special_seed":0,"relics":["Ring of the Snake","Regal Pillow","Bottled Flame","Whetstone","Runic Dome","Turnip","Anchor"],"potions_floor_usage":[12,19,24,25,29,33],"damage_taken":[{"damage":3.0,"enemies":"Cultist","floor":1.0,"turns":5.0},{"damage":3.0,"enemies":"Jaw Worm","floor":2.0,"turns":5.0},{"damage":2,"enemies":"Small Slimes","floor":5,"turns":5},{"damage":27,"enemies":"Gremlin Gang","floor":11,"turns":6},{"damage":23,"enemies":"3 Sentries","floor":12,"turns":8},{"damage":12,"enemies":"Red Slaver","floor":14,"turns":4},{"damage":15,"enemies":"Hexaghost","floor":16,"turns":9},{"damage":3,"enemies":"3 Byrds","floor":18,"turns":3},{"damage":0,"enemies":"Shell Parasite","floor":19,"turns":6},{"damage":23,"enemies":"Slavers","floor":24,"turns":5},{"damage":5,"enemies":"Colosseum Slavers","floor":25,"turns":2},{"damage":11,"enemies":"Chosen and Byrds","floor":28,"turns":5},{"damage":0,"enemies":"Centurion and Healer","floor":29,"turns":3},{"damage":1,"enemies":"Snake Plant","floor":30,"turns":4},{"damage":58,"enemies":"Automaton","floor":33,"turns":6}],"seed_played":"8590075388771003367","potions_obtained":[{"floor":1.0,"key":"PowerPotion"},{"floor":12,"key":"FairyPotion"},{"floor":14,"key":"Weak Potion"},{"floor":16,"key":"Ancient Potion"},{"floor":24,"key":"Fire Potion"},{"floor":28,"key":"AttackPotion"},{"floor":29,"key":"SkillPotion"}],"is_trial":false,"path_per_floor":["M","M","?","$","M","R","?","R","T","R","M","E","$","M","R","B",null,"M","M","?","?","?","R","E","?","T","R","M","M","M","$","R","B"],"character_chosen":"THE_SILENT","items_purchased":["Master of Strategy"],"campfire_rested":2,"item_purchase_floors":[31],"current_hp_per_floor":[56,53,58,58,56,56,56,56,56,56,29,6,6,7,43,28,60,57,57,37,37,37,37,14,9,9,46,35,35,34,34,34,0],"gold":58,"neow_bonus":"REMOVE_TWO","is_prod":false,"is_daily":false,"chose_seed":false,"campfire_upgraded":5,"win_rate":0,"timestamp":1561022699,"path_taken":["M","?","?","$","M","R","?","R","T","R","?","E","?","M","R","BOSS","M","M","?","?","?","R","E","?","T","R","M","M","M","?","R","BOSS"],"build_version":"2019-01-23","purchased_purges":0,"victory":false,"max_hp_per_floor":[66,66,71,71,71,71,71,71,71,71,71,71,71,71,71,71,71,71,71,76,76,76,76,76,76,76,76,76,76,76,76,76,76],"card_choices":[{"not_picked":["Well Laid Plans","Quick Slash"],"picked":"Blade Dance","floor":1.0},{"not_picked":["Deadly Poison","Endless Agony"],"picked":"Noxious Fumes","floor":2.0},{"not_picked":["Sucker Punch","Backflip"],"picked":"Catalyst","floor":5},{"not_picked":["PiercingWail","Dodge and Roll"],"picked":"Catalyst","floor":11},{"not_picked":["Bullet Time","Outmaneuver"],"picked":"Backflip","floor":12},{"not_picked":["Cloak And Dagger","Outmaneuver","Tactician"],"picked":"SKIP","floor":14},{"not_picked":["Storm of Steel","Night Terror"],"picked":"Corpse Explosion","floor":16},{"not_picked":["Reflex","Dagger Throw","Dodge and Roll"],"picked":"SKIP","floor":18},{"not_picked":["Blade Dance+1","Expertise","Sucker Punch"],"picked":"SKIP","floor":19},{"not_picked":["Flying Knee","Quick Slash"],"picked":"Footwork","floor":24},{"not_picked":["Reflex","Flying Knee","Prepared+1"],"picked":"SKIP","floor":28},{"not_picked":["PiercingWail","Dash"],"picked":"Adrenaline","floor":29},{"not_picked":["Accuracy","Outmaneuver","Quick Slash"],"picked":"SKIP","floor":30}],"player_experience":621916,"relics_obtained":[{"floor":9,"key":"Bottled Flame"},{"floor":12,"key":"Whetstone"},{"floor":24,"key":"Turnip"},{"floor":26,"key":"Anchor"}],"event_choices":[{"damage_healed":0.0,"max_hp_gain":5.0,"max_hp_loss":0.0,"gold_gain":0.0,"event_name":"Big Fish","player_choice":"Donut","floor":3.0,"gold_loss":0.0,"damage_taken":0.0},{"damage_healed":0,"gold_gain":0,"player_choice":"Paid Gold","damage_taken":0,"relics_obtained":["Regal Pillow"],"max_hp_gain":0,"max_hp_loss":0,"event_name":"WeMeetAgain","floor":7,"gold_loss":50},{"damage_healed":0,"gold_gain":0,"player_choice":"Shed Blood","damage_taken":25,"max_hp_gain":5,"max_hp_loss":0,"event_name":"Forgotten Altar","floor":20,"gold_loss":0},{"damage_healed":0,"gold_gain":0,"player_choice":"Ignored","damage_taken":0,"max_hp_gain":0,"max_hp_loss":0,"event_name":"Ghosts","floor":21,"gold_loss":0},{"damage_healed":0,"gold_gain":0,"cards_transformed":["Strike_G","Blade Dance"],"player_choice":"Became Test Subject","damage_taken":0,"max_hp_gain":0,"max_hp_loss":0,"event_name":"Drug Dealer","floor":22,"gold_loss":0,"cards_obtained":["Prepared","Night Terror"]},{"damage_healed":0,"gold_gain":0,"player_choice":"Fight","damage_taken":0,"max_hp_gain":0,"max_hp_loss":0,"event_name":"Colosseum","floor":25,"gold_loss":0},{"damage_healed":0,"gold_gain":0,"player_choice":"Fled From Nobs","damage_taken":0,"max_hp_gain":0,"max_hp_loss":0,"event_name":"Colosseum","floor":25,"gold_loss":0}],"is_beta":false,"boss_relics":[{"not_picked":["Ring of the Serpent","Orrery"],"picked":"Runic Dome"}],"items_purged_floors":[],"is_endless":false,"potions_floor_spawned":[1,12,14,16,24,28,29],"killed_by":"Automaton","ascension_level":20}