{"gold_per_floor":[110,130,130,42,61,94,108,108,108,108,108,108,33,74,74,203,203,224,245,245,75,99,140,154,154,154,178,178,213,233,233,233,356,356,372,396,412,430,430,430,445,445,445,479,495,495,561,5,5,5],"floor_reached":51,"playtime":3022,"items_purged":["Strike_G","Strike_G","Strike_G"],"score":1278,"play_id":"117186d2-db36-4507-a5cb-1e8dcbc72ac7","local_time":"20190628174110","is_ascension_mode":true,"campfire_choices":[{"data":"After Image","floor":8.0,"key":"SMITH"},{"data":"Infinite Blades","floor":10.0,"key":"SMITH"},{"data":"Well Laid Plans","floor":15.0,"key":"SMITH"},{"floor":25.0,"key":"REST"},{"floor":28.0,"key":"REST"},{"floor":32.0,"key":"REST"},{"data":"Burst","floor":40.0,"key":"SMITH"},{"data":"Adrenaline","floor":46.0,"key":"SMITH"},{"data":"Malaise","floor":49.0,"key":"SMITH"}],"neow_cost":"CURSE","seed_source_timestamp":678351394336344,"circlet_count":0,"master_deck":["AscendersBane","Defend_G+1","Defend_G+1","Defend_G","Defend_G","Defend_G","Strike_G","Survivor","Neutralize","After Image+1","Quick Slash","Deadly Poison","Cloak And Dagger","Infinite Blades+1","Slice","Well Laid Plans+1","Crippling Poison","Caltrops","A Thousand Cuts","Cloak And Dagger","Backflip","Footwork","Slice","Endless Agony","Blade Dance","A Thousand Cuts","Blade Dance+1","After Image+1","Burst+1","Terror","Crippling Poison","Slice","Cloak And Dagger","Adrenaline+1","Slice","Footwork","Malaise+1"],"special_seed":0,"relics":["Ring of the Snake","Bag of Marbles","Bronze Scales","Golden Idol","Darkstone Periapt","WristBlade","Du-Vu Doll","Paper Crane","Snake Skull","Philosopher\u0027s Stone","Oddly Smooth Stone","StoneCalendar","Incense Burner","Orichalcum"],"potions_floor_usage":[50,50],"damage_taken":[{"damage":1.0,"enemies":"2 Louse","floor":1.0,"turns":5.0},{"damage":23.0,"enemies":"Jaw Worm","floor":2.0,"turns":6.0},{"damage":2.0,"enemies":"Cultist","floor":5.0,"turns":4.0},{"damage":11.0,"enemies":"Gremlin Nob","floor":6.0,"turns":4.0},{"damage":1.0,"enemies":"Blue Slaver","floor":7.0,"turns":3.0},{"damage":4.0,"enemies":"3 Sentries","floor":14.0,"turns":7.0},{"damage":0.0,"enemies":"Hexaghost","floor":16.0,"turns":10.0},{"damage":15.0,"enemies":"Spheric Guardian","floor":18.0,"turns":6.0},{"damage":0.0,"enemies":"3 Byrds","floor":19.0,"turns":2.0},{"damage":18.0,"enemies":"Snecko","floor":22.0,"turns":6.0},{"damage":15.0,"enemies":"Gremlin Leader","floor":23.0,"turns":7.0},{"damage":8.0,"enemies":"Cultist and Chosen","floor":24.0,"turns":6.0},{"damage":17.0,"enemies":"3 Cultists","floor":27.0,"turns":5.0},{"damage":11.0,"enemies":"Book of Stabbing","floor":29.0,"turns":5.0},{"damage":8.0,"enemies":"Centurion and Healer","floor":30.0,"turns":8.0},{"damage":10.0,"enemies":"Automaton","floor":33.0,"turns":11.0},{"damage":5.0,"enemies":"Orb Walker","floor":35.0,"turns":3.0},{"damage":6.0,"enemies":"3 Shapes","floor":36.0,"turns":4.0},{"damage":0.0,"enemies":"Writhing Mass","floor":37.0,"turns":7.0},{"damage":0.0,"enemies":"Maw","floor":38.0,"turns":6.0},{"damage":2.0,"enemies":"Spire Growth","floor":41.0,"turns":5.0},{"damage":0.0,"enemies":"Giant Head","floor":44.0,"turns":7.0},{"damage":5.0,"enemies":"Sphere and 2 Shapes","floor":45.0,"turns":4.0},{"damage":0.0,"enemies":"2 Orb Walkers","floor":47.0,"turns":4.0},{"damage":39,"enemies":"Donu and Deca","floor":50,"turns":12}],"seed_played":"1239966726086510289","potions_obtained":[{"floor":1.0,"key":"FearPotion"},{"floor":5.0,"key":"Regen Potion"},{"floor":6.0,"key":"Regen Potion"},{"floor":14.0,"key":"GamblersBrew"},{"floor":18.0,"key":"Ancient Potion"},{"floor":22.0,"key":"Explosive Potion"},{"floor":27.0,"key":"Dexterity Potion"},{"floor":33.0,"key":"Energy Potion"},{"floor":35.0,"key":"GhostInAJar"},{"floor":37.0,"key":"Regen Potion"},{"floor":38.0,"key":"Energy Potion"},{"floor":47.0,"key":"Poison Potion"}],"is_trial":false,"path_per_floor":["M","M","?","$","M","E","M","R","T","R","?","?","$","E","R","B",null,"M","M","?","$","M","E","M","R","T","M","R","E","M","?","R","B",null,"M","M","M","M","?","R","M","?","T","E","M","R","?","$","R","B",null],"character_chosen":"THE_SILENT","items_purchased":["Cloak And Dagger","Infinite Blades","Footwork","Swift Potion","Footwork","Malaise","Orichalcum"],"campfire_rested":3,"item_purchase_floors":[4,4,21,48,48,48,48],"current_hp_per_floor":[62,39,39,39,37,38,37,37,37,37,23,23,23,34,34,34,57,42,42,42,42,24,9,1,20,20,3,22,11,3,3,22,12,52,47,41,41,56,56,56,54,54,54,54,49,49,49,49,49,10],"gold":5,"neow_bonus":"THREE_RARE_CARDS","is_prod":false,"is_daily":false,"chose_seed":false,"campfire_upgraded":6,"win_rate":0,"timestamp":1561761670,"path_taken":["M","M","?","$","M","E","M","R","T","R","?","?","?","E","R","BOSS","M","M","?","$","M","E","M","R","T","M","R","E","M","?","R","BOSS","M","M","?","M","?","R","M","?","T","E","?","R","?","$","R","BOSS"],"build_version":"2019-01-23","purchased_purges":3,"victory":true,"max_hp_per_floor":[70,70,70,70,70,70,70,70,70,70,70,65,65,65,65,65,65,65,65,65,65,65,65,65,65,65,65,65,65,65,65,65,65,65,65,65,65,65,65,65,65,65,65,65,65,65,65,65,65,65],"card_choices":[{"not_picked":["Adrenaline","Storm of Steel"],"picked":"After Image","floor":0.0},{"not_picked":["Deflect","Outmaneuver"],"picked":"Quick Slash","floor":1.0},{"not_picked":["Quick Slash","All Out Attack"],"picked":"Deadly Poison","floor":2.0},{"not_picked":["Masterful Stab","Terror"],"picked":"Slice","floor":5.0},{"not_picked":["Tactician","Reflex"],"picked":"Well Laid Plans","floor":6.0},{"not_picked":["Sucker Punch","Poisoned Stab"],"picked":"Crippling Poison","floor":7.0},{"not_picked":["Well Laid Plans","Terror"],"picked":"Caltrops","floor":14.0},{"not_picked":["After Image","Storm of Steel"],"picked":"A Thousand Cuts","floor":16.0},{"not_picked":["Deflect","Poisoned Stab"],"picked":"Cloak And Dagger","floor":18.0},{"not_picked":["Quick Slash","Sucker Punch"],"picked":"Backflip","floor":19.0},{"not_picked":["Skewer","Quick Slash+1"],"picked":"Slice","floor":22.0},{"not_picked":["Outmaneuver","Blur"],"picked":"Endless Agony","floor":23.0},{"not_picked":["Skewer","Accuracy+1"],"picked":"Blade Dance","floor":24.0},{"not_picked":["Flechettes+1","Flying Knee","Quick Slash"],"picked":"SKIP","floor":27.0},{"not_picked":["Acrobatics","Tools of the Trade"],"picked":"A Thousand Cuts","floor":29.0},{"not_picked":["Eviscerate","Dash"],"picked":"Blade Dance+1","floor":30.0},{"not_picked":["Storm of Steel","A Thousand Cuts"],"picked":"Burst","floor":33.0},{"not_picked":["Bouncing Flask","Outmaneuver"],"picked":"Terror","floor":35.0},{"not_picked":["Bouncing Flask+1","Bane"],"picked":"Crippling Poison","floor":36.0},{"not_picked":["Backflip","Flying Knee"],"picked":"Slice","floor":37.0},{"not_picked":["Dodge and Roll","Blade Dance"],"picked":"Cloak And Dagger","floor":38.0},{"not_picked":["Predator+1","Tactician+1","Leg Sweep"],"picked":"SKIP","floor":41.0},{"not_picked":["Masterful Stab","Concentrate"],"picked":"Adrenaline","floor":44.0},{"not_picked":["Cloak And Dagger","Deflect+1","Outmaneuver+1"],"picked":"SKIP","floor":45.0},{"not_picked":["Dagger Spray","Dodge and Roll"],"picked":"Slice","floor":47.0}],"player_experience":298298,"relics_obtained":[{"floor":6.0,"key":"Bag of Marbles"},{"floor":9.0,"key":"Bronze Scales"},{"floor":14.0,"key":"Darkstone Periapt"},{"floor":23.0,"key":"Du-Vu Doll"},{"floor":26.0,"key":"Paper Crane"},{"floor":29.0,"key":"Snake Skull"},{"floor":43.0,"key":"Oddly Smooth Stone"},{"floor":44.0,"key":"StoneCalendar"},{"floor":47.0,"key":"Incense Burner"}],"event_choices":[{"cards_removed":["Pain"],"damage_healed":0.0,"max_hp_gain":0.0,"max_hp_loss":0.0,"gold_gain":0.0,"event_name":"Living Wall","player_choice":"Forget","floor":3.0,"gold_loss":0.0,"damage_taken":0.0},{"damage_healed":0.0,"max_hp_gain":0.0,"max_hp_loss":0.0,"gold_gain":0.0,"event_name":"Shining Light","player_choice":"Entered Light","floor":11.0,"gold_loss":0.0,"damage_taken":14.0,"cards_upgraded":["Defend_G","Defend_G"]},{"damage_healed":0.0,"max_hp_gain":0.0,"max_hp_loss":5.0,"gold_gain":0.0,"event_name":"Golden Idol","player_choice":"Lose Max HP","floor":12.0,"gold_loss":0.0,"damage_taken":0.0,"relics_obtained":["Golden Idol"]},{"damage_healed":0.0,"max_hp_gain":0.0,"max_hp_loss":0.0,"gold_gain":0.0,"event_name":"Vampires","player_choice":"Ignored","floor":20.0,"gold_loss":0.0,"damage_taken":0.0},{"damage_healed":0.0,"max_hp_gain":0.0,"max_hp_loss":0.0,"gold_gain":0.0,"event_name":"Duplicator","player_choice":"Copied","floor":31.0,"gold_loss":0.0,"damage_taken":0.0,"cards_obtained":["After Image"]},{"cards_removed":["Strike_G"],"damage_healed":0.0,"max_hp_gain":0.0,"max_hp_loss":0.0,"gold_gain":0.0,"event_name":"Falling","player_choice":"Removed Attack","floor":39.0,"gold_loss":0.0,"damage_taken":0.0},{"damage_healed":0.0,"max_hp_gain":0.0,"max_hp_loss":0.0,"gold_gain":0.0,"event_name":"The Woman in Blue","player_choice":"Bought 0 Potions","floor":42.0,"gold_loss":0.0,"damage_taken":0.0},{"damage_healed":0.0,"max_hp_gain":0.0,"max_hp_loss":0.0,"gold_gain":0.0,"event_name":"Mysterious Sphere","player_choice":"Fight","floor":47.0,"gold_loss":0.0,"damage_taken":0.0}],"is_beta":false,"boss_relics":[{"not_picked":["Runic Dome","Coffee Dripper"],"picked":"WristBlade"},{"not_picked":["Velvet Choker","Astrolabe"],"picked":"Philosopher\u0027s Stone"}],"items_purged_floors":[13,21,48],"is_endless":false,"potions_floor_spawned":[1,5,6,14,18,22,27,33,35,37,38,47],"ascension_level":12}