{"gold_per_floor":[119,142,158,178,49,49,81,93,155,167,191,203,215,242,254,345,357,381,343,374,396,418,430,20,50,50,82,92,104,104,135,135,214,214,226,239,339,349,349,349,349,220,220,232,18,34,34,45,45,45,45],"floor_reached":51,"playtime":1970,"items_purged":["Strike_R","Strike_R","Defend_R","Pain"],"score":1322,"play_id":"032e4fc8-9757-4dd7-a455-8ec27d5d925d","local_time":"20190620043952","is_ascension_mode":true,"campfire_choices":[{"data":"Pommel Strike","floor":6.0,"key":"SMITH"},{"data":"Seeing Red","floor":8.0,"key":"SMITH"},{"data":"Demon Form","floor":10.0,"key":"SMITH"},{"data":"Bash","floor":13.0,"key":"SMITH"},{"data":"Disarm","floor":15.0,"key":"SMITH"},{"floor":23.0,"key":"REST"},{"floor":30,"key":"REST"},{"floor":32,"key":"REST"},{"floor":40,"key":"REST"},{"floor":47,"key":"REST"},{"floor":49,"key":"REST"}],"neow_cost":"NONE","seed_source_timestamp":476742164131245,"circlet_count":0,"master_deck":["AscendersBane","Strike_R","Strike_R+1","Strike_R+1","Defend_R+1","Defend_R","Defend_R+1","Bash+1","Demon Form+1","Pommel Strike+1","Seeing Red+1","Twin Strike","Disarm+1","Offering","Twin Strike","Sword Boomerang","Immolate","Shrug It Off+1","Limit Break","Shrug It Off+1","Power Through+1","Impervious"],"special_seed":0,"relics":["Burning Blood","Whetstone","MawBank","War Paint","Cursed Key","Membership Card","Self Forming Clay","Potion Belt","Letter Opener","Smiling Mask","Runic Dome","Pocketwatch","Happy Flower","Bottled Tornado","Regal Pillow","Red Skull"],"potions_floor_usage":[28,28,28,31,41,50,51,51],"damage_taken":[{"damage":12.0,"enemies":"Cultist","floor":1.0,"turns":4.0},{"damage":9.0,"enemies":"Jaw Worm","floor":3.0,"turns":5.0},{"damage":8.0,"enemies":"Small Slimes","floor":4.0,"turns":4.0},{"damage":10.0,"enemies":"Lagavulin","floor":7.0,"turns":7.0},{"damage":23.0,"enemies":"3 Louse","floor":11.0,"turns":3.0},{"damage":8.0,"enemies":"Large Slime","floor":14.0,"turns":5.0},{"damage":25.0,"enemies":"The Guardian","floor":16.0,"turns":8.0},{"damage":14.0,"enemies":"Chosen","floor":18.0,"turns":4.0},{"damage":11.0,"enemies":"3 Byrds","floor":20.0,"turns":4.0},{"damage":14.0,"enemies":"Centurion and Healer","floor":21.0,"turns":5.0},{"damage":18.0,"enemies":"Snake Plant","floor":22.0,"turns":4.0},{"damage":29.0,"enemies":"Book of Stabbing","floor":25.0,"turns":5.0},{"damage":23.0,"enemies":"Gremlin Leader","floor":27.0,"turns":4.0},{"damage":12,"enemies":"Sentry and Sphere","floor":28,"turns":5},{"damage":6,"enemies":"Centurion and Healer","floor":29,"turns":4},{"damage":27,"enemies":"Slavers","floor":31,"turns":5},{"damage":37,"enemies":"Collector","floor":33,"turns":8},{"damage":29,"enemies":"3 Darklings","floor":35,"turns":4},{"damage":29,"enemies":"3 Shapes","floor":36,"turns":6},{"damage":6,"enemies":"Mind Bloom Boss Battle","floor":37,"turns":6},{"damage":15,"enemies":"Jaw Worm Horde","floor":38,"turns":3},{"damage":0,"enemies":"4 Shapes","floor":41,"turns":1},{"damage":10,"enemies":"Transient","floor":44,"turns":6},{"damage":19,"enemies":"Jaw Worm Horde","floor":46,"turns":4},{"damage":53,"enemies":"4 Shapes","floor":48,"turns":3},{"damage":39,"enemies":"Donu and Deca","floor":50,"turns":7},{"damage":35,"enemies":"Time Eater","floor":51,"turns":3}],"seed_played":"-6036223969013604615","potions_obtained":[{"floor":1.0,"key":"Energy Potion"},{"floor":4.0,"key":"Weak Potion"},{"floor":11.0,"key":"EssenceOfSteel"},{"floor":14.0,"key":"Poison Potion"},{"floor":25.0,"key":"Ancient Potion"},{"floor":27.0,"key":"Block Potion"},{"floor":28,"key":"Fruit Juice"},{"floor":29,"key":"AttackPotion"},{"floor":33,"key":"SmokeBomb"},{"floor":36,"key":"Poison Potion"},{"floor":38,"key":"LiquidBronze"},{"floor":48,"key":"Swift Potion"}],"is_trial":false,"path_per_floor":["M","T","M","M","$","R","E","R","T","R","M","?","R","M","R","B",null,"M","?","M","M","M","R","$","E","T","E","M","M","R","E","R","B",null,"M","M","?","M","?","R","M","$","T","M","$","M","R","M","R","B","B"],"character_chosen":"IRONCLAD","items_purchased":["Twin Strike","Membership Card","Self Forming Clay","Happy Flower","Regal Pillow","Red Skull"],"campfire_rested":6,"item_purchase_floors":[5,24,24,42,45,45],"current_hp_per_floor":[62,62,59,57,57,57,53,53,53,53,36,41,41,39,39,20,65,57,57,52,44,32,56,56,33,33,16,15,15,40,19,44,13,67,44,21,21,12,12,37,43,43,43,39,39,26,66,19,59,26,0],"gold":45,"neow_bonus":"ONE_RANDOM_RARE_CARD","is_prod":false,"is_daily":false,"chose_seed":false,"campfire_upgraded":5,"win_rate":0,"timestamp":1560998392,"path_taken":["M","?","M","M","$","R","E","R","T","R","M","?","R","M","R","BOSS","M","?","M","M","?","R","$","E","T","E","M","M","R","E","R","BOSS","M","?","?","M","?","R","M","$","T","M","$","M","R","M","R","BOSS","BOSS"],"build_version":"2019-01-23","purchased_purges":4,"victory":false,"max_hp_per_floor":[75,75,75,75,75,75,75,75,75,75,75,80,80,80,80,80,80,80,80,80,80,80,80,80,80,80,80,85,85,85,85,85,85,85,85,85,85,85,85,85,85,85,85,85,85,85,85,85,85,85,85],"card_choices":[{"not_picked":["Blood for Blood","Sever Soul","Rage"],"picked":"SKIP","floor":1.0},{"not_picked":["Armaments","Flex"],"picked":"Pommel Strike","floor":3.0},{"not_picked":["Searing Blow","Body Slam"],"picked":"Seeing Red","floor":4.0},{"not_picked":["Berserk","Second Wind","Headbutt"],"picked":"SKIP","floor":7.0},{"not_picked":["Rupture","Headbutt","Havoc"],"picked":"SKIP","floor":11.0},{"not_picked":["Armaments","Dual Wield"],"picked":"Disarm","floor":14.0},{"not_picked":["Barricade","Impervious"],"picked":"Offering","floor":16.0},{"not_picked":["Anger","Clash"],"picked":"Twin Strike","floor":18.0},{"not_picked":["Iron Wave","Flex"],"picked":"Sword Boomerang","floor":20.0},{"not_picked":["Rage+1","Combust"],"picked":"Immolate","floor":21.0},{"not_picked":["Twin Strike+1","Body Slam","Clothesline"],"picked":"SKIP","floor":22.0},{"not_picked":["Flex","Iron Wave","Twin Strike"],"picked":"SKIP","floor":25.0},{"not_picked":["Clash","Warcry","Heavy Blade"],"picked":"SKIP","floor":27.0},{"not_picked":["Bloodletting","Clash"],"picked":"Shrug It Off+1","floor":28},{"not_picked":["Flex","Wild Strike","Clothesline"],"picked":"SKIP","floor":29},{"not_picked":["Havoc","Anger","Perfected Strike"],"picked":"SKIP","floor":31},{"not_picked":["Berserk","Double Tap"],"picked":"Limit Break","floor":33},{"not_picked":["Havoc","Pommel Strike","Burning Pact"],"picked":"SKIP","floor":35},{"not_picked":["Corruption","Intimidate"],"picked":"Shrug It Off+1","floor":36},{"not_picked":["Bloodletting","Evolve+1"],"picked":"Power Through+1","floor":37},{"not_picked":["Thunderclap+1","True Grit","Pommel Strike+1"],"picked":"SKIP","floor":38},{"not_picked":["Anger","Ghostly Armor+1"],"picked":"Impervious","floor":44},{"not_picked":["Combust","Heavy Blade","Clash"],"picked":"SKIP","floor":46},{"not_picked":["Hemokinesis","Headbutt","Perfected Strike"],"picked":"SKIP","floor":48}],"player_experience":615587,"relics_obtained":[{"floor":2.0,"key":"Whetstone"},{"floor":7.0,"key":"MawBank"},{"floor":9.0,"key":"War Paint"},{"floor":25.0,"key":"Potion Belt"},{"floor":27.0,"key":"Letter Opener"},{"floor":31,"key":"Smiling Mask"},{"floor":37,"key":"Pocketwatch"},{"floor":43,"key":"Bottled Tornado"}],"event_choices":[{"damage_healed":0.0,"max_hp_gain":5.0,"max_hp_loss":0.0,"gold_gain":0.0,"event_name":"Big Fish","player_choice":"Donut","floor":12.0,"gold_loss":0.0,"damage_taken":0.0},{"damage_healed":0.0,"max_hp_gain":0.0,"max_hp_loss":0.0,"gold_gain":0.0,"event_name":"The Joust","player_choice":"Bet on Owner","floor":19.0,"gold_loss":50.0,"damage_taken":0.0},{"damage_healed":0,"gold_gain":0,"player_choice":"Fight","damage_taken":0,"max_hp_gain":0,"max_hp_loss":0,"event_name":"MindBloom","floor":37,"gold_loss":0},{"damage_healed":0,"gold_gain":0,"player_choice":"Ignored","damage_taken":0,"max_hp_gain":0,"max_hp_loss":0,"event_name":"Mysterious Sphere","floor":39,"gold_loss":0}],"is_beta":false,"boss_relics":[{"not_picked":["Lizard Tail","Runic Pyramid"],"picked":"Cursed Key"},{"not_picked":["Sozu","Calling Bell"],"picked":"Runic Dome"}],"items_purged_floors":[5,24,42,45],"is_endless":false,"potions_floor_spawned":[1,4,11,14,25,27,28,29,33,36,38,48],"killed_by":"Time Eater","ascension_level":20}