{"gold_per_floor":[119,119,136,154,165,165,181,181,181,214,214,232,232,232,232,309,309,322,336,27,44,44,44,44,62,62,89,116,133,133,146,146,225,225,239,23,41,60,73,73,107,0,0,13,44,63,88,101,101,101,101,101,101,32,62,62],"floor_reached":57,"playtime":2789,"items_purged":["Writhe"],"score":3161,"play_id":"640af088-67c8-4a08-a7c3-f1b15f43a040","local_time":"20190530230741","is_ascension_mode":true,"campfire_choices":[{"data":"Defragment","floor":6,"key":"SMITH"},{"data":"Defragment","floor":8,"key":"SMITH"},{"floor":15,"key":"REST"},{"floor":23,"key":"RECALL"},{"floor":30,"key":"REST"},{"floor":32,"key":"REST"},{"floor":40,"key":"REST"},{"floor":49,"key":"REST"},{"floor":53,"key":"REST"}],"neow_cost":"NONE","seed_source_timestamp":4703332026152,"circlet_count":0,"master_deck":["AscendersBane","Strike_B+1","Strike_B","Strike_B","Strike_B+1","Defend_B","Defend_B","Defend_B","Defend_B","Zap","Dualcast","Defragment+1","Cold Snap","Doom and Gloom","Auto Shields","Redo","Conserve Battery","Chill","Echo Form","Defragment+1","Coolheaded","Echo Form","Capacitor","Parasite","Biased Cognition","Leap+1","Consume","Coolheaded","Ghostly","Ghostly","Ghostly","BootSequence","Defragment+1","Creative AI+1","Echo Form+1","Glacier","Defragment+1","Parasite","Amplify","Loop+1"],"relics":["Orrery","Pocketwatch","Darkstone Periapt","Sundial","Mummified Hand","The Courier","Fusion Hammer","ClockworkSouvenir","Bag of Preparation","Juzu Bracelet","Frozen Egg 2","Gremlin Horn","Anchor","Busted Crown","Whetstone","Red Mask","Cables","Art of War","Calipers"],"potions_floor_usage":[10,38,44,47,51],"damage_taken":[{"damage":2,"enemies":"Jaw Worm","floor":1,"turns":5},{"damage":0,"enemies":"Cultist","floor":3,"turns":5},{"damage":0,"enemies":"2 Louse","floor":4,"turns":3},{"damage":6,"enemies":"Exordium Wildlife","floor":5,"turns":5},{"damage":1,"enemies":"Large Slime","floor":7,"turns":6},{"damage":11,"enemies":"Gremlin Nob","floor":10,"turns":7},{"damage":10,"enemies":"3 Louse","floor":12,"turns":4},{"damage":35,"enemies":"The Guardian","floor":16,"turns":10},{"damage":12,"enemies":"Spheric Guardian","floor":18,"turns":7},{"damage":0,"enemies":"Chosen","floor":19,"turns":8},{"damage":13,"enemies":"Shelled Parasite and Fungi","floor":21,"turns":10},{"damage":0,"enemies":"3 Cultists","floor":25,"turns":9},{"damage":13,"enemies":"Gremlin Leader","floor":27,"turns":9},{"damage":4,"enemies":"Sentry and Sphere","floor":29,"turns":8},{"damage":4,"enemies":"Snake Plant","floor":31,"turns":3},{"damage":0,"enemies":"Champ","floor":33,"turns":14},{"damage":12,"enemies":"3 Darklings","floor":35,"turns":7},{"damage":0,"enemies":"Orb Walker","floor":37,"turns":9},{"damage":7,"enemies":"Spire Growth","floor":38,"turns":5},{"damage":0,"enemies":"Maw","floor":39,"turns":8},{"damage":0,"enemies":"Nemesis","floor":41,"turns":7},{"damage":16,"enemies":"Transient","floor":44,"turns":6},{"damage":0,"enemies":"Giant Head","floor":45,"turns":11},{"damage":0,"enemies":"Writhing Mass","floor":46,"turns":8},{"damage":0,"enemies":"Reptomancer","floor":47,"turns":5},{"damage":0,"enemies":"Sphere and 2 Shapes","floor":48,"turns":7},{"damage":0,"enemies":"Time Eater","floor":50,"turns":12},{"damage":45,"enemies":"Awakened One","floor":51,"turns":10},{"damage":22,"enemies":"Shield and Spear","floor":55,"turns":7},{"damage":14,"enemies":"The Heart","floor":56,"turns":12}],"seed_played":"-193679586303320693","potions_obtained":[{"floor":1,"key":"SmokeBomb"},{"floor":7,"key":"Regen Potion"},{"floor":12,"key":"SmokeBomb"},{"floor":16,"key":"Weak Potion"},{"floor":38,"key":"Fruit Juice"},{"floor":39,"key":"Explosive Potion"},{"floor":46,"key":"Dexterity Potion"}],"is_trial":false,"path_per_floor":["M","?","M","M","M","R","M","R","T","E","?","M","T","?","R","B",null,"M","M","$","M","?","R","?","M","T","E","T","M","R","M","R","B",null,"M","$","M","M","M","R","E","?","T","M","E","M","E","M","R","B","B",null,"R","$","E","B",null],"character_chosen":"DEFECT","items_purchased":["ClockworkSouvenir","Bag of Preparation","Echo Form+1","Glacier","Loop+1"],"campfire_rested":6,"item_purchase_floors":[20,20,36,36,54],"current_hp_per_floor":[62,62,62,62,56,56,55,55,55,59,14,4,4,27,50,15,62,50,50,50,37,37,37,43,43,43,30,30,26,39,35,44,44,44,32,32,32,30,30,44,44,44,44,28,28,34,34,34,50,50,5,43,55,55,33,19],"gold":62,"neow_bonus":"BOSS_RELIC","is_prod":false,"is_daily":false,"chose_seed":false,"campfire_upgraded":2,"win_rate":0,"timestamp":1559250461,"path_taken":["M","?","M","M","?","R","M","R","T","E","?","M","?","?","R","BOSS","M","M","$","M","?","R","?","M","T","E","?","M","R","M","R","BOSS","M","$","M","M","M","R","E","?","T","M","E","M","E","M","R","BOSS","BOSS","R","$","E","BOSS"],"build_version":"2019-05-28","purchased_purges":1,"victory":true,"max_hp_per_floor":[71,71,71,71,71,71,71,71,71,71,71,71,71,77,77,77,77,77,77,77,77,38,38,44,44,44,44,44,44,44,44,44,44,44,44,44,44,49,49,49,49,49,49,49,49,55,55,55,55,55,55,55,55,55,55,55],"card_choices":[{"not_picked":["Undo","Double Energy"],"picked":"Defragment","floor":0},{"not_picked":["Coolheaded","Rebound"],"picked":"Cold Snap","floor":0},{"not_picked":["Double Energy","Beam Cell"],"picked":"Doom and Gloom","floor":0},{"not_picked":["Cold Snap","Storm"],"picked":"Auto Shields","floor":0},{"not_picked":["Scrape","Heatsinks"],"picked":"Redo","floor":0},{"not_picked":["Rebound","Gash"],"picked":"Conserve Battery","floor":1},{"not_picked":["Static Discharge","Go for the Eyes"],"picked":"Chill","floor":3},{"not_picked":["Leap","Beam Cell"],"picked":"Echo Form","floor":4},{"not_picked":["Compile Driver","Beam Cell"],"picked":"Defragment","floor":5},{"not_picked":["Rebound","Heatsinks"],"picked":"Coolheaded","floor":7},{"not_picked":["Rebound","Coolheaded"],"picked":"Echo Form","floor":10},{"not_picked":["Gash","Lockon"],"picked":"Capacitor","floor":12},{"not_picked":["Echo Form","Machine Learning"],"picked":"Biased Cognition","floor":16},{"not_picked":["Rebound+1","Gash"],"picked":"Leap+1","floor":18},{"not_picked":["Rebound","Streamline"],"picked":"Consume","floor":19},{"not_picked":["Aggregate","Beam Cell"],"picked":"Coolheaded","floor":21},{"not_picked":["Streamline","Rebound"],"picked":"BootSequence","floor":25},{"not_picked":["Streamline","Barrage","Chaos"],"picked":"SKIP","floor":27},{"not_picked":["Doom and Gloom","Steam","Streamline"],"picked":"SKIP","floor":29},{"not_picked":["Doom and Gloom","Hologram"],"picked":"Defragment+1","floor":31},{"not_picked":["Hyperbeam","Meteor Strike"],"picked":"Creative AI+1","floor":33},{"not_picked":["Ball Lightning"],"picked":"SKIP","floor":35},{"not_picked":[],"picked":"Defragment+1","floor":37},{"not_picked":["Rip and Tear+1"],"picked":"SKIP","floor":38},{"not_picked":["Lockon+1"],"picked":"SKIP","floor":39},{"not_picked":["Conserve Battery"],"picked":"SKIP","floor":41},{"not_picked":["Static Discharge+1"],"picked":"SKIP","floor":44},{"not_picked":["Go for the Eyes"],"picked":"SKIP","floor":45},{"not_picked":["Barrage"],"picked":"SKIP","floor":46},{"not_picked":[],"picked":"Amplify","floor":47},{"not_picked":["Steam+1"],"picked":"SKIP","floor":48},{"not_picked":["Leap+1"],"picked":"SKIP","floor":55}],"player_experience":1629003,"relics_obtained":[{"floor":9,"key":"Darkstone Periapt"},{"floor":10,"key":"Sundial"},{"floor":13,"key":"The Courier"},{"floor":26,"key":"Frozen Egg 2"},{"floor":27,"key":"Gremlin Horn"},{"floor":28,"key":"Anchor"},{"floor":41,"key":"Whetstone"},{"floor":45,"key":"Cables"},{"floor":47,"key":"Art of War"},{"floor":55,"key":"Calipers"}],"event_choices":[{"damage_healed":0,"gold_gain":0,"player_choice":"Gave Potion","damage_taken":0,"relics_obtained":["Pocketwatch"],"max_hp_gain":0,"max_hp_loss":0,"event_name":"WeMeetAgain","floor":2,"gold_loss":0},{"damage_healed":0,"gold_gain":0,"player_choice":"Success","damage_taken":45,"relics_obtained":["Mummified Hand"],"max_hp_gain":0,"max_hp_loss":0,"event_name":"Scrap Ooze","floor":11,"gold_loss":0},{"damage_healed":17,"gold_gain":0,"player_choice":"Healed and dodged fight","damage_taken":0,"max_hp_gain":0,"max_hp_loss":0,"event_name":"Mushrooms","floor":14,"gold_loss":0,"cards_obtained":["Parasite"]},{"damage_healed":0,"gold_gain":0,"player_choice":"Became a Ghost","damage_taken":0,"max_hp_gain":0,"max_hp_loss":39,"event_name":"Ghosts","floor":22,"gold_loss":0,"cards_obtained":["Ghostly","Ghostly","Ghostly"]},{"damage_healed":0,"gold_gain":0,"player_choice":"Opened","damage_taken":0,"relics_obtained":["Juzu Bracelet"],"max_hp_gain":0,"max_hp_loss":0,"event_name":"The Mausoleum","floor":24,"gold_loss":0,"cards_obtained":["Writhe"]},{"damage_healed":0,"gold_gain":0,"player_choice":"Paid","damage_taken":0,"relics_obtained":["Red Mask"],"max_hp_gain":0,"max_hp_loss":0,"event_name":"Tomb of Lord Red Mask","floor":42,"gold_loss":107}],"is_beta":true,"boss_relics":[{"not_picked":["Eternal Feather","Runic Dome"],"picked":"Fusion Hammer"},{"not_picked":["Lizard Tail","Tiny House"],"picked":"Busted Crown"}],"items_purged_floors":[36],"is_endless":false,"potions_floor_spawned":[1,7,12,16,21,25,31,33,37,38,39,46],"ascension_level":20}