{"gold_per_floor":[359,359,374,390,490,519,530,530,530,559,572,55,71,30,30,134,134,146,164,239,249,149,149,183,183,183,35,70,88,63,80,80,80],"floor_reached":33,"playtime":1648,"items_purged":["Strike_R","Strike_R"],"score":434,"play_id":"51db95c8-e36c-493b-939e-f9b363556122","local_time":"20190515023308","is_ascension_mode":true,"campfire_choices":[{"floor":8,"key":"REST"},{"data":"Hemokinesis","floor":15,"key":"SMITH"},{"data":"Inflame","floor":23,"key":"SMITH"},{"data":"Battle Trance","floor":25,"key":"SMITH"},{"floor":32,"key":"REST"}],"neow_cost":"PERCENT_DAMAGE","seed_source_timestamp":950323577883100,"circlet_count":0,"master_deck":["Strike_R","Strike_R","Defend_R","Defend_R","Defend_R","Defend_R","Bash","Inflame+1","Sever Soul","Immolate","Hemokinesis+1","Battle Trance+1","Power Through+1","Havoc+1","Sentinel+1","Rupture+1","Pummel","Double Tap+1","Shockwave+1","True Grit+1","Dropkick","Dual Wield+1","Intimidate+1","Shrug It Off+1","Disarm+1"],"relics":["Burning Blood","Frozen Egg 2","Bottled Lightning","Toxic Egg 2","Self Forming Clay","Anchor","Sozu","Strawberry","Unceasing Top","Oddly Smooth Stone","Regal Pillow"],"potions_floor_usage":[6,10,16,18],"damage_taken":[{"damage":1,"enemies":"Cultist","floor":1,"turns":3},{"damage":4,"enemies":"Small Slimes","floor":3,"turns":4},{"damage":2,"enemies":"2 Louse","floor":4,"turns":3},{"damage":30,"enemies":"Lagavulin","floor":6,"turns":6},{"damage":9,"enemies":"Lots of Slimes","floor":7,"turns":2},{"damage":31,"enemies":"Gremlin Nob","floor":10,"turns":4},{"damage":15,"enemies":"Exordium Thugs","floor":11,"turns":4},{"damage":0,"enemies":"Gremlin Gang","floor":13,"turns":1},{"damage":2,"enemies":"Slime Boss","floor":16,"turns":5},{"damage":2,"enemies":"3 Byrds","floor":18,"turns":3},{"damage":5,"enemies":"Shell Parasite","floor":19,"turns":3},{"damage":7,"enemies":"3 Cultists","floor":21,"turns":4},{"damage":27,"enemies":"Gremlin Leader","floor":24,"turns":6},{"damage":15,"enemies":"Slavers","floor":28,"turns":5},{"damage":16,"enemies":"Cultist and Chosen","floor":29,"turns":6},{"damage":2,"enemies":"Snake Plant","floor":31,"turns":3},{"damage":81,"enemies":"Collector","floor":33,"turns":7}],"seed_played":"-1457982125440184022","potions_obtained":[{"floor":1,"key":"Energy Potion"},{"floor":7,"key":"PowerPotion"},{"floor":11,"key":"Fire Potion"},{"floor":13,"key":"Explosive Potion"},{"floor":16,"key":"Explosive Potion"}],"is_trial":false,"path_per_floor":["M","?","M","M","?","E","M","R","T","E","M","$","M","$","R","B",null,"M","M","?","M","$","R","E","R","T","$","E","M","$","M","R","B"],"character_chosen":"IRONCLAD","items_purchased":["Sentinel+1","Self Forming Clay","Anchor","Pummel","Oddly Smooth Stone","Shrug It Off+1"],"campfire_rested":2,"item_purchase_floors":[12,12,12,14,27,30],"current_hp_per_floor":[61,61,63,67,67,43,40,64,64,39,30,30,36,36,36,40,70,74,75,67,66,66,66,52,52,52,52,43,33,33,37,78,0],"gold":80,"neow_bonus":"TWO_FIFTY_GOLD","is_prod":false,"is_daily":false,"chose_seed":false,"campfire_upgraded":3,"win_rate":0,"timestamp":1557912788,"path_taken":["M","?","M","?","?","E","M","R","T","E","M","$","M","$","R","BOSS","M","?","?","?","?","R","E","R","T","$","E","M","$","M","R","BOSS"],"build_version":"2019-01-23","purchased_purges":2,"victory":false,"max_hp_per_floor":[80,80,80,80,80,80,80,80,80,80,80,80,80,80,80,80,80,80,80,80,80,80,80,87,87,87,87,87,87,87,87,87,87],"card_choices":[{"not_picked":["Entrench","Wild Strike"],"picked":"Inflame","floor":1},{"not_picked":["Twin Strike","Bloodletting"],"picked":"Sever Soul","floor":3},{"not_picked":["Sword Boomerang","Blood for Blood"],"picked":"Immolate","floor":4},{"not_picked":["Body Slam","Heavy Blade"],"picked":"Hemokinesis","floor":6},{"not_picked":["Armaments","Perfected Strike"],"picked":"Battle Trance","floor":7},{"not_picked":["Burning Pact","Inflame+1"],"picked":"Power Through","floor":10},{"not_picked":["Headbutt","Body Slam"],"picked":"Havoc+1","floor":11},{"not_picked":["True Grit+1","Body Slam"],"picked":"Rupture+1","floor":13},{"not_picked":["Berserk+1","Impervious+1"],"picked":"Double Tap+1","floor":16},{"not_picked":["Heavy Blade","Flex+1"],"picked":"Shockwave+1","floor":18},{"not_picked":["Anger","Warcry+1"],"picked":"True Grit+1","floor":19},{"not_picked":["Sever Soul","Hemokinesis","Twin Strike"],"picked":"SKIP","floor":21},{"not_picked":["Iron Wave","Corruption+1"],"picked":"Dropkick","floor":24},{"not_picked":["Infernal Blade+1","Rage+1"],"picked":"Dual Wield+1","floor":28},{"not_picked":["Heavy Blade","Clash+1"],"picked":"Intimidate+1","floor":29},{"not_picked":["Second Wind+1","Armaments+1"],"picked":"Disarm+1","floor":31}],"player_experience":306163,"relics_obtained":[{"floor":6,"key":"Frozen Egg 2"},{"floor":9,"key":"Bottled Lightning"},{"floor":10,"key":"Toxic Egg 2"},{"floor":24,"key":"Strawberry"},{"floor":26,"key":"Unceasing Top"},{"floor":28,"key":"Regal Pillow"}],"event_choices":[{"cards_removed":["Strike_R"],"damage_healed":0,"gold_gain":0,"player_choice":"Offered Basic","damage_taken":0,"max_hp_gain":0,"max_hp_loss":0,"event_name":"Bonfire Elementals","floor":2,"gold_loss":0},{"damage_healed":0,"gold_gain":100,"player_choice":"Pray","damage_taken":0,"max_hp_gain":0,"max_hp_loss":0,"event_name":"Golden Shrine","floor":5,"gold_loss":0},{"damage_healed":0,"gold_gain":75,"player_choice":"Touch","damage_taken":8,"max_hp_gain":0,"max_hp_loss":0,"event_name":"FaceTrader","floor":20,"gold_loss":0}],"is_beta":false,"boss_relics":[{"not_picked":["Velvet Choker","Mark of Pain"],"picked":"Sozu"}],"items_purged_floors":[12,22],"is_endless":false,"potions_floor_spawned":[1,7,11,13,16,19,21,28,31],"killed_by":"Collector","ascension_level":5}