{"gold_per_floor":[110,110,37,50,50,79,79,93,117,134,161,4,22,39,39,39],"floor_reached":16,"playtime":1527,"items_purged":[],"score":118,"play_id":"2a52b81f-efb7-4c11-a8f0-6b5ff8b5b791","local_time":"20190624181306","is_ascension_mode":true,"campfire_choices":[{"floor":7,"key":"REST"},{"floor":15,"key":"REST"}],"neow_cost":"NONE","seed_source_timestamp":1380984705523454,"circlet_count":0,"master_deck":["Strike_R","Strike_R","Strike_R+1","Strike_R","Strike_R","Defend_R+1","Defend_R","Defend_R","Defend_R","Bash+1","Trip","Shrug It Off+1","Flex+1","Armaments","Twin Strike","Barricade","Iron Wave","Pommel Strike"],"relics":["Burning Blood","Sundial","Whetstone","Blood Vial","War Paint","Strawberry"],"potions_floor_usage":[13],"damage_taken":[{"damage":5,"enemies":"Jaw Worm","floor":1,"turns":4},{"damage":4,"enemies":"Cultist","floor":4,"turns":4},{"damage":56,"enemies":"3 Sentries","floor":6,"turns":16},{"damage":1,"enemies":"2 Louse","floor":8,"turns":3},{"damage":5,"enemies":"Large Slime","floor":10,"turns":6},{"damage":33,"enemies":"Lagavulin","floor":11,"turns":6},{"damage":8,"enemies":"Exordium Thugs","floor":13,"turns":5},{"damage":0,"enemies":"Looter","floor":14,"turns":3},{"damage":87,"enemies":"Slime Boss","floor":16,"turns":13}],"seed_played":"-701837092058291118","potions_obtained":[{"floor":8,"key":"FearPotion"},{"floor":13,"key":"Fruit Juice"}],"is_trial":false,"path_per_floor":["M","?","$","M","T","E","R","M","T","M","E","$","M","M","R","B"],"character_chosen":"IRONCLAD","items_purchased":["Ancient Potion","Strawberry"],"campfire_rested":2,"item_purchase_floors":[3,12],"current_hp_per_floor":[80,80,80,80,80,30,54,59,59,62,37,44,49,57,84,0],"gold":39,"neow_bonus":"RANDOM_COLORLESS","is_prod":false,"is_daily":false,"chose_seed":false,"campfire_upgraded":0,"win_rate":0,"timestamp":1561414386,"path_taken":["M","?","$","?","?","E","R","M","T","M","E","?","?","M","R","BOSS"],"build_version":"2019-01-23","purchased_purges":0,"victory":false,"max_hp_per_floor":[80,80,80,80,80,80,80,80,80,80,80,87,92,92,92,92],"card_choices":[{"not_picked":["Perfected Strike","Hemokinesis"],"picked":"Shrug It Off","floor":1},{"not_picked":["Hemokinesis","Pommel Strike"],"picked":"Flex","floor":4},{"not_picked":["Bludgeon","Body Slam","Cleave"],"picked":"SKIP","floor":6},{"not_picked":["Pommel Strike","Shockwave"],"picked":"Armaments","floor":8},{"not_picked":["True Grit","Flame Barrier"],"picked":"Twin Strike","floor":10},{"not_picked":["Warcry","Headbutt"],"picked":"Barricade","floor":11},{"not_picked":["Hemokinesis","Bloodletting"],"picked":"Iron Wave","floor":13},{"not_picked":["Cleave","Wild Strike"],"picked":"Pommel Strike","floor":14}],"player_experience":1203592,"relics_obtained":[{"floor":5,"key":"Sundial"},{"floor":6,"key":"Whetstone"},{"floor":9,"key":"Blood Vial"},{"floor":11,"key":"War Paint"}],"event_choices":[{"damage_healed":0,"gold_gain":0,"player_choice":"Forge","damage_taken":0,"max_hp_gain":0,"max_hp_loss":0,"event_name":"Accursed Blacksmith","floor":2,"gold_loss":0,"cards_upgraded":["Shrug It Off"]}],"is_beta":false,"boss_relics":[],"items_purged_floors":[],"is_endless":false,"potions_floor_spawned":[6,8,13],"killed_by":"Slime Boss","ascension_level":1}