{"gold_per_floor":[114,126,140,140,155,168,168,93,118,151,161,161,236,247,247,247],"floor_reached":16,"playtime":589,"items_purged":["Strike_G"],"score":208,"play_id":"5be84d55-fc4d-4954-a2fc-b242984e32d3","local_time":"20190616234007","is_ascension_mode":true,"campfire_choices":[{"data":"Envenom","floor":7,"key":"SMITH"},{"floor":12,"key":"REST"},{"data":"Cloak And Dagger","floor":15,"key":"SMITH"}],"neow_cost":"NONE","seed_source_timestamp":201103317854662,"circlet_count":0,"master_deck":["AscendersBane","Defend_G","Defend_G","Defend_G","Defend_G","Defend_G","Strike_G","Strike_G","Strike_G","Survivor","Neutralize","Envenom+1","Quick Slash","Backstab","Blade Dance","Cloak And Dagger+1","Bane","Blade Dance","Dash"],"special_seed":0,"relics":["Ring of the Snake","Bag of Marbles","Oddly Smooth Stone"],"potions_floor_usage":[10,10,11],"damage_taken":[{"damage":3.0,"enemies":"2 Louse","floor":1.0,"turns":3.0},{"damage":4,"enemies":"Jaw Worm","floor":2,"turns":4},{"damage":4,"enemies":"Cultist","floor":3,"turns":3},{"damage":1,"enemies":"Looter","floor":5,"turns":4},{"damage":7,"enemies":"3 Louse","floor":6,"turns":4},{"damage":19,"enemies":"3 Sentries","floor":10,"turns":12},{"damage":0,"enemies":"Blue Slaver","floor":11,"turns":1},{"damage":5,"enemies":"Exordium Thugs","floor":14,"turns":4},{"damage":19,"enemies":"Hexaghost","floor":16,"turns":8}],"seed_played":"8745662026383176432","potions_obtained":[{"floor":3,"key":"Weak Potion"},{"floor":5,"key":"Weak Potion"},{"floor":10,"key":"AttackPotion"}],"is_trial":false,"path_per_floor":["M","M","M","?","M","M","R","$","T","E","M","R","?","M","R","B"],"character_chosen":"THE_SILENT","items_purchased":[],"campfire_rested":1,"item_purchase_floors":[],"current_hp_per_floor":[56,52,48,41,40,33,33,33,33,14,14,33,22,17,17,0],"gold":247,"neow_bonus":"ONE_RANDOM_RARE_CARD","is_prod":false,"is_daily":false,"chose_seed":false,"campfire_upgraded":2,"win_rate":0,"timestamp":1560721207,"path_taken":["M","M","M","?","M","M","R","$","T","E","M","R","?","M","R","BOSS"],"build_version":"2019-01-23","purchased_purges":1,"victory":false,"max_hp_per_floor":[66,66,66,66,66,66,66,66,66,66,66,66,66,66,66,66],"card_choices":[{"not_picked":["Choke","Noxious Fumes"],"picked":"Quick Slash","floor":1.0},{"not_picked":["Deadly Poison","Deflect"],"picked":"Backstab","floor":2},{"not_picked":["Well Laid Plans","Dash"],"picked":"Blade Dance","floor":3},{"not_picked":["Bouncing Flask","Sucker Punch"],"picked":"Cloak And Dagger","floor":5},{"not_picked":["Dodge and Roll","Poisoned Stab"],"picked":"Bane","floor":6},{"not_picked":["Terror","Distraction"],"picked":"Blade Dance","floor":10},{"not_picked":["Deflect","Backstab","Finisher"],"picked":"SKIP","floor":11},{"not_picked":["Slice","Distraction"],"picked":"Dash","floor":14}],"player_experience":578707,"relics_obtained":[{"floor":9,"key":"Bag of Marbles"},{"floor":10,"key":"Oddly Smooth Stone"}],"event_choices":[{"cards_removed":["Strike_G"],"damage_healed":0,"gold_gain":0,"player_choice":"Card Removal","damage_taken":7,"max_hp_gain":0,"max_hp_loss":0,"event_name":"Golden Wing","floor":4,"gold_loss":0},{"damage_healed":0,"gold_gain":75,"player_choice":"Gather Gold","damage_taken":11,"max_hp_gain":0,"max_hp_loss":0,"event_name":"World of Goop","floor":13,"gold_loss":0}],"is_beta":false,"boss_relics":[],"items_purged_floors":[8],"is_endless":false,"potions_floor_spawned":[3,5,10],"killed_by":"Hexaghost","ascension_level":20}