{"gold_per_floor":[114,124,124,49,64,64,64,44,68,111,136,182,194,241,253,265],"floor_reached":16,"playtime":495,"items_purged":["Strike_R"],"score":236,"play_id":"ecd30564-7e65-4e25-b97e-352bcee2a9c4","local_time":"20190617181521","is_ascension_mode":true,"campfire_choices":[{"data":"Bash","floor":7,"key":"SMITH"},{"data":"Defend_R","floor":13,"key":"SMITH"},{"data":"Heavy Blade","floor":15,"key":"SMITH"}],"neow_cost":"NONE","seed_source_timestamp":268130733300517,"circlet_count":0,"master_deck":["AscendersBane","Strike_R","Strike_R","Defend_R+1","Defend_R","Defend_R","Defend_R","Bash+1","Twin Strike","Anger","Spot Weakness","Thunderclap","Heavy Blade+1"],"relics":["Burning Blood","MawBank","Dream Catcher","Shuriken","Lantern"],"potions_floor_usage":[11,12,12,14],"damage_taken":[{"damage":7,"enemies":"Cultist","floor":1,"turns":4},{"damage":6,"enemies":"2 Louse","floor":2,"turns":3},{"damage":0,"enemies":"Small Slimes","floor":5,"turns":3},{"damage":11,"enemies":"Gremlin Nob","floor":10,"turns":3},{"damage":3,"enemies":"3 Louse","floor":11,"turns":3},{"damage":37,"enemies":"Lagavulin","floor":12,"turns":7},{"damage":10,"enemies":"3 Sentries","floor":14,"turns":5},{"damage":43,"enemies":"The Guardian","floor":16,"turns":8}],"seed_played":"-6892218935690961073","potions_obtained":[{"floor":5,"key":"SpeedPotion"},{"floor":8,"key":"SpeedPotion"},{"floor":10,"key":"Explosive Potion"},{"floor":11,"key":"BloodPotion"},{"floor":12,"key":"Explosive Potion"}],"is_trial":false,"path_per_floor":["M","M","?","$","M","?","R","?","T","E","M","E","R","E","R","B"],"character_chosen":"IRONCLAD","items_purchased":[],"campfire_rested":0,"item_purchase_floors":[],"current_hp_per_floor":[67,67,60,60,66,66,66,66,66,61,64,40,40,36,36,0],"gold":265,"neow_bonus":"TRANSFORM_CARD","is_prod":false,"is_daily":false,"chose_seed":false,"campfire_upgraded":3,"win_rate":0,"timestamp":1560788121,"path_taken":["M","?","?","$","M","?","R","?","T","E","?","E","R","E","R","BOSS"],"build_version":"2019-01-23","purchased_purges":1,"victory":false,"max_hp_per_floor":[75,75,75,75,75,75,75,75,75,75,75,75,75,75,75,75],"card_choices":[{"not_picked":["Corruption","Burning Pact"],"picked":"Anger","floor":1},{"not_picked":["Intimidate","Dual Wield"],"picked":"Spot Weakness","floor":2},{"not_picked":["Havoc","Warcry","Blood for Blood"],"picked":"SKIP","floor":5},{"not_picked":["Headbutt","Evolve"],"picked":"Thunderclap","floor":10},{"not_picked":["Clothesline","Wild Strike","Flex"],"picked":"SKIP","floor":11},{"not_picked":["Anger","Clothesline","Fire Breathing"],"picked":"SKIP","floor":12},{"not_picked":["True Grit","Hemokinesis"],"picked":"Heavy Blade","floor":14}],"player_experience":587827,"relics_obtained":[{"floor":9,"key":"MawBank"},{"floor":10,"key":"Dream Catcher"},{"floor":12,"key":"Shuriken"},{"floor":14,"key":"Lantern"}],"event_choices":[{"cards_removed":["Strike_R"],"damage_healed":0,"gold_gain":0,"player_choice":"Card Removal","damage_taken":7,"max_hp_gain":0,"max_hp_loss":0,"event_name":"Golden Wing","floor":3,"gold_loss":0},{"damage_healed":0,"gold_gain":0,"player_choice":"Leave","damage_taken":0,"max_hp_gain":0,"max_hp_loss":0,"event_name":"The Cleric","floor":6,"gold_loss":0},{"damage_healed":0,"gold_gain":0,"player_choice":"Bought 1 Potion","damage_taken":0,"max_hp_gain":0,"max_hp_loss":0,"event_name":"The Woman in Blue","floor":8,"gold_loss":0}],"is_beta":false,"boss_relics":[],"items_purged_floors":[4],"is_endless":false,"potions_floor_spawned":[5,10,11,12],"killed_by":"The Guardian","ascension_level":20}