{"gold_per_floor":[112,37,37,51,51,51,51,51,104,116,116,141,60,95,95,173,173,184,195,195,211,226,226],"floor_reached":23,"playtime":724,"items_purged":[],"score":388,"play_id":"615d3fd9-9991-4ac4-9a8e-b4b7b8508afd","local_time":"20190620040306","is_ascension_mode":true,"campfire_choices":[{"data":"Streamline","floor":6,"key":"SMITH"},{"data":"Strike_B","floor":8,"key":"SMITH"},{"floor":11,"key":"REST"},{"data":"Sunder","floor":15,"key":"SMITH"}],"neow_cost":"NONE","seed_source_timestamp":476001396201829,"circlet_count":0,"master_deck":["AscendersBane","Strike_B","Strike_B","Strike_B+1","Defend_B+1","Defend_B","Defend_B","Defend_B","Zap+1","Dualcast","Streamline+1","Ball Lightning","Sunder","Sunder+1","Meteor Strike","Electrodynamics","Beam Cell","Undo","Undo+1"],"relics":["Cracked Core","NeowsBlessing","Happy Flower","Blood Vial","Orichalcum","Fusion Hammer"],"potions_floor_usage":[16,19,22,22],"damage_taken":[{"damage":0,"enemies":"Cultist","floor":1,"turns":1},{"damage":0,"enemies":"Jaw Worm","floor":4,"turns":1},{"damage":0,"enemies":"Small Slimes","floor":10,"turns":1},{"damage":22,"enemies":"3 Sentries","floor":12,"turns":7},{"damage":12,"enemies":"Lagavulin","floor":14,"turns":6},{"damage":14,"enemies":"Slime Boss","floor":16,"turns":9},{"damage":0,"enemies":"Chosen","floor":18,"turns":3},{"damage":0,"enemies":"2 Thieves","floor":19,"turns":2},{"damage":22,"enemies":"Chosen and Byrds","floor":21,"turns":5},{"damage":24,"enemies":"Cultist and Chosen","floor":22,"turns":5},{"damage":54,"enemies":"Book of Stabbing","floor":23,"turns":4}],"seed_played":"-6882128610022157332","potions_obtained":[{"floor":3,"key":"SmokeBomb"},{"floor":3,"key":"FairyPotion"},{"floor":4,"key":"SteroidPotion"},{"floor":10,"key":"Energy Potion"},{"floor":14,"key":"Weak Potion"},{"floor":16,"key":"Fire Potion"},{"floor":19,"key":"Regen Potion"}],"is_trial":false,"path_per_floor":["M","?","?","M","?","R","?","R","T","M","R","E","$","E","R","B",null,"M","M","?","M","M","E"],"character_chosen":"DEFECT","items_purchased":["Sunder"],"campfire_rested":1,"item_purchase_floors":[13],"current_hp_per_floor":[64,64,64,64,69,69,46,46,46,46,68,46,46,36,36,24,63,65,67,67,47,39,0],"gold":226,"neow_bonus":"THREE_ENEMY_KILL","is_prod":false,"is_daily":false,"chose_seed":false,"campfire_upgraded":3,"win_rate":0,"timestamp":1560996186,"path_taken":["M","?","?","?","?","R","?","R","T","M","R","E","$","E","R","BOSS","M","M","?","M","?","E"],"build_version":"2019-01-23","purchased_purges":0,"victory":false,"max_hp_per_floor":[71,71,71,71,76,76,76,76,76,76,76,76,76,76,76,76,76,76,76,76,76,76,76],"card_choices":[{"not_picked":["Stack","Go for the Eyes","Static Discharge"],"picked":"SKIP","floor":1},{"not_picked":["Aggregate","Gash"],"picked":"Streamline","floor":4},{"not_picked":["Stack","Scrape","Blizzard"],"picked":"SKIP","floor":10},{"not_picked":["Steam","Force Field"],"picked":"Ball Lightning","floor":12},{"not_picked":["Defragment","Auto Shields"],"picked":"Sunder","floor":14},{"not_picked":["Biased Cognition","Rainbow"],"picked":"Meteor Strike","floor":16},{"not_picked":["Coolheaded","Aggregate","Blizzard"],"picked":"SKIP","floor":18},{"not_picked":["Sweeping Beam","Redo","Compile Driver+1"],"picked":"SKIP","floor":19},{"not_picked":["Barrage","Lockon","Undo"],"picked":"SKIP","floor":21},{"not_picked":["Barrage","Lockon"],"picked":"Undo","floor":21},{"not_picked":["Scrape","Rip and Tear"],"picked":"Undo+1","floor":22}],"player_experience":614863,"relics_obtained":[{"floor":9,"key":"Happy Flower"},{"floor":12,"key":"Blood Vial"},{"floor":14,"key":"Orichalcum"}],"event_choices":[{"cards_removed":["Strike_B"],"damage_healed":0,"gold_gain":0,"player_choice":"Card Removal","damage_taken":0,"max_hp_gain":0,"max_hp_loss":0,"event_name":"The Cleric","floor":2,"gold_loss":75},{"damage_healed":0,"gold_gain":0,"player_choice":"Got Potions","damage_taken":0,"max_hp_gain":0,"max_hp_loss":0,"event_name":"Lab","floor":3,"gold_loss":0},{"damage_healed":0,"gold_gain":0,"player_choice":"Donut","damage_taken":0,"max_hp_gain":5,"max_hp_loss":0,"event_name":"Big Fish","floor":5,"gold_loss":0},{"damage_healed":0,"gold_gain":0,"player_choice":"Entered Light","damage_taken":23,"max_hp_gain":0,"max_hp_loss":0,"event_name":"Shining Light","floor":7,"gold_loss":0,"cards_upgraded":["Defend_B","Zap"]},{"damage_healed":0,"gold_gain":0,"player_choice":"2 cards matched","damage_taken":0,"max_hp_gain":0,"max_hp_loss":0,"event_name":"Match and Keep!","floor":20,"gold_loss":0,"cards_obtained":["Electrodynamics","Beam Cell"]}],"is_beta":false,"boss_relics":[{"not_picked":["Ectoplasm","Pandora\u0027s Box"],"picked":"Fusion Hammer"}],"items_purged_floors":[],"is_endless":false,"potions_floor_spawned":[4,10,14,16,19],"killed_by":"Book of Stabbing","ascension_level":19}