{"gold_per_floor":[110,260,260,4,19,50,50,70,70,70,104,122,137,170,170,247,247,260,223,238,238,248,262,288,288,288,313,313,228,228,238,238,313,313,327,327,277,177,189,221,221,236,263,279,379,410,410,410,410,410],"floor_reached":51,"playtime":3301,"items_purged":["Doubt","Decay"],"score":1532,"play_id":"bdd8a58f-8041-4881-a245-64e75635f49c","local_time":"20190630082331","is_ascension_mode":true,"campfire_choices":[{"data":"Neutralize","floor":7,"key":"SMITH"},{"floor":10,"key":"REST"},{"data":"Corpse Explosion","floor":15,"key":"SMITH"},{"data":"Catalyst","floor":25,"key":"SMITH"},{"data":"Dash","floor":28,"key":"SMITH"},{"data":"Dash","floor":30,"key":"SMITH"},{"data":"Noxious Fumes","floor":32,"key":"SMITH"},{"floor":41,"key":"REST"},{"floor":47,"key":"REST"},{"floor":49,"key":"REST"}],"neow_cost":"NONE","seed_source_timestamp":35616374898700,"circlet_count":0,"master_deck":["AscendersBane","Defend_G","Defend_G+1","Defend_G","Strike_G+1","Strike_G+1","Survivor","Neutralize+1","Poisoned Stab","Backflip","Deflect","Dash+1","Dagger Spray","Dash+1","Corpse Explosion+1","Adrenaline+1","Bouncing Flask+1","Burst+1","After Image+1","Backflip","Noxious Fumes+1","Catalyst+1","Bane+1","Cloak And Dagger","Wraith Form v2","Cloak And Dagger+1","Apotheosis","Madness"],"relics":["Ring of the Snake","Whetstone","Happy Flower","Mummified Hand","Ancient Tea Set","Meat on the Bone","Bag of Preparation","Astrolabe","Art of War","Centennial Puzzle","Pen Nib","PreservedInsect","Fusion Hammer","Juzu Bracelet","Potion Belt","Girya","Orichalcum"],"potions_floor_usage":[11,11,14,16,27,33,50,50,50,50],"damage_taken":[{"damage":0,"enemies":"2 Louse","floor":1,"turns":3},{"damage":0,"enemies":"Jaw Worm","floor":5,"turns":5},{"damage":47,"enemies":"Gremlin Nob","floor":6,"turns":6},{"damage":1,"enemies":"Cultist","floor":8,"turns":5},{"damage":2,"enemies":"3 Sentries","floor":11,"turns":9},{"damage":10,"enemies":"Exordium Wildlife","floor":12,"turns":6},{"damage":3,"enemies":"Large Slime","floor":13,"turns":7},{"damage":22,"enemies":"Lagavulin","floor":14,"turns":8},{"damage":10,"enemies":"Hexaghost","floor":16,"turns":9},{"damage":8,"enemies":"3 Byrds","floor":18,"turns":2},{"damage":0,"enemies":"Spheric Guardian","floor":20,"turns":3},{"damage":5,"enemies":"Centurion and Healer","floor":22,"turns":5},{"damage":1,"enemies":"Cultist and Chosen","floor":23,"turns":3},{"damage":0,"enemies":"Slavers","floor":27,"turns":4},{"damage":0,"enemies":"3 Cultists","floor":31,"turns":2},{"damage":1,"enemies":"Automaton","floor":33,"turns":6},{"damage":2,"enemies":"3 Shapes","floor":35,"turns":2},{"damage":0,"enemies":"Orb Walker","floor":39,"turns":1},{"damage":7,"enemies":"Reptomancer","floor":40,"turns":4},{"damage":0,"enemies":"Writhing Mass","floor":42,"turns":4},{"damage":0,"enemies":"Jaw Worm Horde","floor":44,"turns":2},{"damage":0,"enemies":"Mind Bloom Boss Battle","floor":45,"turns":3},{"damage":13,"enemies":"Giant Head","floor":46,"turns":6},{"damage":0,"enemies":"Awakened One","floor":50,"turns":12}],"seed_played":"6249176084067907233","potions_obtained":[{"floor":1,"key":"Regen Potion"},{"floor":6,"key":"Explosive Potion"},{"floor":8,"key":"SteroidPotion"},{"floor":13,"key":"Fire Potion"},{"floor":14,"key":"Weak Potion"},{"floor":16,"key":"GhostInAJar"},{"floor":22,"key":"Strength Potion"},{"floor":27,"key":"PowerPotion"},{"floor":31,"key":"Dexterity Potion"},{"floor":33,"key":"Block Potion"},{"floor":44,"key":"EssenceOfSteel"},{"floor":46,"key":"Ancient Potion"}],"is_trial":false,"path_per_floor":["M","?","?","$","M","E","R","M","T","R","E","M","M","E","R","B",null,"M","$","M","?","M","M","T","R","T","E","R","?","R","M","R","B",null,"M","?","?","$","M","E","R","M","T","M","?","E","R","?","R","B",null],"character_chosen":"THE_SILENT","items_purchased":["Happy Flower","Deflect","Noxious Fumes"],"campfire_rested":4,"item_purchase_floors":[4,4,19],"current_hp_per_floor":[59,59,59,59,59,12,12,11,11,30,43,45,42,32,32,34,58,50,50,50,50,45,44,44,44,44,44,44,44,44,44,44,43,60,58,58,58,58,58,51,66,66,66,66,66,53,66,56,66,66],"gold":410,"neow_bonus":"RANDOM_COMMON_RELIC","is_prod":false,"is_daily":false,"chose_seed":false,"campfire_upgraded":6,"win_rate":0,"timestamp":1561897411,"path_taken":["M","?","?","$","M","E","R","M","T","R","E","M","M","E","R","BOSS","M","$","?","?","M","M","?","R","T","E","R","?","R","M","R","BOSS","M","?","?","$","?","E","R","M","T","M","?","E","R","?","R","BOSS"],"build_version":"2019-01-23","purchased_purges":2,"victory":true,"max_hp_per_floor":[66,66,66,66,66,66,66,66,66,66,66,66,66,66,66,66,66,66,66,66,66,66,66,66,66,66,66,66,66,66,66,66,66,66,66,66,66,66,66,66,66,66,66,66,66,66,66,66,66,66],"card_choices":[{"not_picked":["Choke","Underhanded Strike"],"picked":"Poisoned Stab","floor":1},{"not_picked":["Flying Knee","Finisher"],"picked":"Dash","floor":5},{"not_picked":["Accuracy","Expertise","Blade Dance"],"picked":"SKIP","floor":6},{"not_picked":["Acrobatics","Underhanded Strike"],"picked":"Dagger Spray","floor":8},{"not_picked":["Heel Hook","Blade Dance"],"picked":"Dash","floor":11},{"not_picked":["Dagger Spray","Dodge and Roll","Tactician"],"picked":"SKIP","floor":12},{"not_picked":["Flying Knee","Dodge and Roll","Sucker Punch"],"picked":"SKIP","floor":13},{"not_picked":["Backflip","Blade Dance"],"picked":"Corpse Explosion","floor":14},{"not_picked":["Storm of Steel","Night Terror"],"picked":"Adrenaline","floor":16},{"not_picked":["Outmaneuver","Deadly Poison"],"picked":"Backflip","floor":18},{"not_picked":["Slice+1","Blade Dance"],"picked":"Catalyst","floor":20},{"not_picked":["Flying Knee","Masterful Stab"],"picked":"Bane+1","floor":22},{"not_picked":["Riddle With Holes","Dagger Spray","Quick Slash+1"],"picked":"SKIP","floor":23},{"not_picked":["Underhanded Strike","Sucker Punch"],"picked":"Cloak And Dagger","floor":27},{"not_picked":["Outmaneuver","All Out Attack","Choke"],"picked":"SKIP","floor":31},{"not_picked":["Storm of Steel","Night Terror"],"picked":"Wraith Form v2","floor":33},{"not_picked":["Deflect","Bane"],"picked":"Cloak And Dagger+1","floor":35},{"not_picked":["Choke","Dagger Spray","Caltrops"],"picked":"SKIP","floor":39},{"not_picked":["Acrobatics+1","Burst","Backstab+1"],"picked":"SKIP","floor":40},{"not_picked":["Eviscerate+1","Underhanded Strike+1","Setup+1"],"picked":"SKIP","floor":42},{"not_picked":["Backstab","Bouncing Flask","Backflip"],"picked":"SKIP","floor":44},{"not_picked":["Deadly Poison","Envenom","Outmaneuver"],"picked":"SKIP","floor":46},{"not_picked":["Impatience","Sadistic Nature"],"picked":"Apotheosis","floor":48},{"not_picked":["Sadistic Nature","Metamorphosis"],"picked":"Madness","floor":48}],"player_experience":966467,"relics_obtained":[{"floor":6,"key":"Mummified Hand"},{"floor":9,"key":"Ancient Tea Set"},{"floor":11,"key":"Meat on the Bone"},{"floor":14,"key":"Bag of Preparation"},{"floor":24,"key":"Art of War"},{"floor":26,"key":"Centennial Puzzle"},{"floor":27,"key":"Pen Nib"},{"floor":40,"key":"Juzu Bracelet"},{"floor":43,"key":"Potion Belt"},{"floor":45,"key":"Girya"},{"floor":46,"key":"Orichalcum"}],"event_choices":[{"damage_healed":0,"gold_gain":150,"player_choice":"AGREE","damage_taken":0,"max_hp_gain":0,"max_hp_loss":0,"event_name":"Liars Game","floor":2,"gold_loss":0,"cards_obtained":["Doubt"]},{"damage_healed":0,"gold_gain":0,"cards_transformed":["Strike_G"],"player_choice":"Transformed","damage_taken":0,"max_hp_gain":0,"max_hp_loss":0,"event_name":"Transmorgrifier","floor":3,"gold_loss":0,"cards_obtained":["Backflip"]},{"damage_healed":0,"gold_gain":0,"player_choice":"Smashed Altar","damage_taken":0,"max_hp_gain":0,"max_hp_loss":0,"event_name":"Forgotten Altar","floor":21,"gold_loss":0,"cards_obtained":["Decay"]},{"damage_healed":0,"gold_gain":0,"player_choice":"Obtained Relic","damage_taken":0,"relics_obtained":["PreservedInsect"],"max_hp_gain":0,"max_hp_loss":0,"event_name":"Addict","floor":29,"gold_loss":85},{"cards_removed":["Defend_G"],"damage_healed":0,"gold_gain":0,"player_choice":"Removed Skill","damage_taken":0,"max_hp_gain":0,"max_hp_loss":0,"event_name":"Falling","floor":36,"gold_loss":0},{"damage_healed":0,"gold_gain":0,"player_choice":"Upgraded Two","damage_taken":0,"max_hp_gain":0,"max_hp_loss":0,"event_name":"Designer","floor":37,"gold_loss":50,"cards_upgraded":["Defend_G","Adrenaline"]},{"damage_healed":0,"gold_gain":0,"player_choice":"Fight","damage_taken":0,"max_hp_gain":0,"max_hp_loss":0,"event_name":"MindBloom","floor":45,"gold_loss":0},{"damage_healed":0,"gold_gain":0,"player_choice":"Memory 3","damage_taken":10,"max_hp_gain":0,"max_hp_loss":0,"event_name":"SensoryStone","floor":48,"gold_loss":0}],"is_beta":false,"boss_relics":[{"not_picked":["Philosopher\u0027s Stone","Cursed Key"],"picked":"Astrolabe"},{"not_picked":["Velvet Choker","WristBlade"],"picked":"Fusion Hammer"}],"items_purged_floors":[4,38],"is_endless":false,"potions_floor_spawned":[1,6,8,13,14,16,22,27,31,33,44,46],"ascension_level":18}