{"gold_per_floor":[311,321,496,496,496,496,513,50,99,131,143,185,197,226,238,351,363,394,506,518,132,149,149,174,207,207,217,272,272,305,305,305,405,405,420,430,530,546,561,589,589,639,639,861,282,293,324,343,343,343,343,343,16,51,51],"floor_reached":55,"playtime":3109,"items_purged":["Regret","Strike_B","Defend_B"],"score":1389,"play_id":"7b75c8e0-d637-43c3-8251-69197041455e","local_time":"20190509232757","is_ascension_mode":true,"campfire_choices":[{"data":"Zap","floor":6.0,"key":"SMITH"},{"data":"Sunder","floor":13.0,"key":"SMITH"},{"floor":15.0,"key":"REST"},{"floor":23.0,"key":"REST"},{"floor":29.0,"key":"REST"},{"floor":32.0,"key":"REST"},{"floor":49.0,"key":"RECALL"},{"floor":52.0,"key":"REST"}],"neow_cost":"NO_GOLD","seed_source_timestamp":1944537700216051,"circlet_count":0,"master_deck":["AscendersBane","Strike_B","Strike_B+1","Defend_B+1","Defend_B","Defend_B","Zap+1","Dualcast","Reinforced Body","Coolheaded+1","Cold Snap","Core Surge+1","Sunder+1","FTL","Creative AI","Storm","Chill","Glacier","Capacitor","Self Repair","Machine Learning","Conserve Battery+1","Biased Cognition","Madness","Madness","Amplify","Chill","Defragment"],"special_seed":0,"relics":["Cracked Core","Old Coin","Nunchaku","Juzu Bracelet","Vajra","MawBank","War Paint","Fusion Hammer","Du-Vu Doll","Ornamental Fan","Whetstone","Red Mask","Mummified Hand","Sundial","Bag of Preparation","Regal Pillow","Philosopher\u0027s Stone","Emotion Chip","The Courier","StoneCalendar","ClockworkSouvenir","Bottled Tornado","Lantern","Pear","Cables","Gremlin Horn"],"potions_floor_usage":[55,55],"damage_taken":[{"damage":0.0,"enemies":"2 Louse","floor":1.0,"turns":2.0},{"damage":5.0,"enemies":"Small Slimes","floor":2.0,"turns":3.0},{"damage":3.0,"enemies":"Cultist","floor":7.0,"turns":3.0},{"damage":19.0,"enemies":"3 Sentries","floor":10.0,"turns":8.0},{"damage":24.0,"enemies":"Lagavulin","floor":12.0,"turns":6.0},{"damage":2.0,"enemies":"Blue Slaver","floor":14.0,"turns":3.0},{"damage":24.0,"enemies":"Hexaghost","floor":16.0,"turns":11.0},{"damage":0.0,"enemies":"Chosen","floor":18.0,"turns":4.0},{"damage":11.0,"enemies":"Colosseum Slavers","floor":19.0,"turns":4.0},{"damage":21.0,"enemies":"Colosseum Nobs","floor":19.0,"turns":3.0},{"damage":8.0,"enemies":"Shell Parasite","floor":22.0,"turns":6.0},{"damage":3.0,"enemies":"Masked Bandits","floor":24.0,"turns":4.0},{"damage":40.0,"enemies":"Slavers","floor":25.0,"turns":5.0},{"damage":8.0,"enemies":"Snecko","floor":27.0,"turns":5.0},{"damage":0.0,"enemies":"Gremlin Leader","floor":30.0,"turns":6.0},{"damage":0.0,"enemies":"Champ","floor":33.0,"turns":9.0},{"damage":1.0,"enemies":"3 Darklings","floor":35.0,"turns":4.0},{"damage":5.0,"enemies":"Orb Walker","floor":36.0,"turns":3.0},{"damage":0.0,"enemies":"Mind Bloom Boss Battle","floor":37.0,"turns":5.0},{"damage":0.0,"enemies":"Sphere and 2 Shapes","floor":38.0,"turns":3.0},{"damage":8.0,"enemies":"3 Darklings","floor":39.0,"turns":3.0},{"damage":10.0,"enemies":"Giant Head","floor":40.0,"turns":6.0},{"damage":5.0,"enemies":"2 Orb Walkers","floor":42.0,"turns":4.0},{"damage":0.0,"enemies":"Jaw Worm Horde","floor":46.0,"turns":3.0},{"damage":0.0,"enemies":"Reptomancer","floor":47.0,"turns":5.0},{"damage":0.0,"enemies":"Transient","floor":48.0,"turns":5.0},{"damage":35.0,"enemies":"Time Eater","floor":50.0,"turns":8.0},{"damage":40.0,"enemies":"Shield and Spear","floor":54.0,"turns":4.0},{"damage":54,"enemies":"The Heart","floor":55,"turns":3}],"seed_played":"-2784509055396455439","potions_obtained":[{"floor":2.0,"key":"Strength Potion"},{"floor":14.0,"key":"Block Potion"},{"floor":18.0,"key":"FocusPotion"},{"floor":25.0,"key":"FearPotion"},{"floor":27.0,"key":"GamblersBrew"},{"floor":40.0,"key":"Block Potion"},{"floor":47.0,"key":"FearPotion"},{"floor":54.0,"key":"Poison Potion"}],"is_trial":false,"path_per_floor":["M","M","?","?","?","R","M","$","T","E","?","E","R","M","R","B",null,"M","?","?","$","M","R","?","E","T","M","T","R","E","?","R","B",null,"M","M","?","M","M","E","?","?","T","?","$","M","E","M","R","B",null,"R","$","E","B"],"character_chosen":"DEFECT","items_purchased":["Core Surge","Sunder","Juzu Bracelet","Glacier","Whetstone","Capacitor","ClockworkSouvenir","Bottled Tornado","Lantern","Chill","Defragment","Cables"],"campfire_rested":5,"item_purchase_floors":[8,8,8,21,21,21,45,45,45,53,53,53],"current_hp_per_floor":[68,63,63,63,63,63,60,60,60,41,41,17,17,15,37,13,60,60,28,53,53,45,67,64,31,31,30,30,52,59,59,75,75,75,75,75,75,75,74,71,62,64,64,64,64,71,85,85,85,57,78,85,85,52,0],"gold":51,"neow_bonus":"ONE_RARE_RELIC","is_prod":false,"is_daily":false,"chose_seed":false,"campfire_upgraded":2,"win_rate":0,"timestamp":1557437277,"path_taken":["M","M","?","?","?","R","M","$","T","E","?","E","R","M","R","BOSS","M","?","?","$","M","R","?","E","T","M","?","R","E","?","R","BOSS","M","M","?","M","M","E","?","?","T","?","$","M","E","M","R","BOSS","R","$","E","BOSS"],"build_version":"2019-01-23","purchased_purges":3,"victory":false,"max_hp_per_floor":[75,75,75,75,75,75,75,75,75,75,75,75,75,75,75,75,75,75,75,75,75,75,75,75,75,75,75,75,75,75,75,75,75,75,75,75,75,75,75,75,75,75,75,75,75,75,85,85,85,85,85,85,85,85,85],"card_choices":[{"not_picked":["Steam","Hello World"],"picked":"Reinforced Body","floor":1.0},{"not_picked":["Redo","Steam Power"],"picked":"Coolheaded","floor":2.0},{"not_picked":["Steam","Undo"],"picked":"Cold Snap","floor":7.0},{"not_picked":["Force Field","Rainbow","Compile Driver"],"picked":"SKIP","floor":10.0},{"not_picked":["BootSequence","Aggregate","Consume"],"picked":"SKIP","floor":12.0},{"not_picked":["Chill","Turbo"],"picked":"FTL","floor":14.0},{"not_picked":["Multi-Cast","Hyperbeam"],"picked":"Creative AI","floor":16.0},{"not_picked":["Coolheaded+1","FTL"],"picked":"Storm","floor":18.0},{"not_picked":["Stack","Fusion"],"picked":"Chill","floor":19.0},{"not_picked":["Genetic Algorithm","Stack","Static Discharge"],"picked":"SKIP","floor":22.0},{"not_picked":["Darkness","Sweeping Beam"],"picked":"Self Repair","floor":24.0},{"not_picked":["Leap","Stack"],"picked":"Machine Learning","floor":25.0},{"not_picked":["Turbo","Compile Driver","Gash"],"picked":"SKIP","floor":27.0},{"not_picked":["Recycle","Doom and Gloom"],"picked":"Conserve Battery+1","floor":30.0},{"not_picked":["Rainbow","Machine Learning"],"picked":"Biased Cognition","floor":33.0},{"not_picked":["Loop","Streamline+1","Go for the Eyes"],"picked":"SKIP","floor":35.0},{"not_picked":["Ball Lightning","Cold Snap","Melter"],"picked":"SKIP","floor":36.0},{"not_picked":["Fusion","Ball Lightning","Conserve Battery"],"picked":"SKIP","floor":38.0},{"not_picked":["Go for the Eyes","Conserve Battery","Stack+1"],"picked":"SKIP","floor":39.0},{"not_picked":["Ball Lightning+1","Gash","Leap+1"],"picked":"SKIP","floor":40.0},{"not_picked":["Hello World","Stack","Capacitor"],"picked":"SKIP","floor":46.0},{"not_picked":["Redo","Barrage+1"],"picked":"Amplify","floor":47.0},{"not_picked":["Redo","Consume+1","Rebound"],"picked":"SKIP","floor":48.0},{"not_picked":["Sweeping Beam+1","Beam Cell","Skim+1"],"picked":"SKIP","floor":54.0}],"player_experience":292372,"relics_obtained":[{"floor":9.0,"key":"Vajra"},{"floor":10.0,"key":"MawBank"},{"floor":12.0,"key":"War Paint"},{"floor":19.0,"key":"Du-Vu Doll"},{"floor":19.0,"key":"Ornamental Fan"},{"floor":24.0,"key":"Red Mask"},{"floor":25.0,"key":"Mummified Hand"},{"floor":26.0,"key":"Sundial"},{"floor":28.0,"key":"Bag of Preparation"},{"floor":30.0,"key":"Regal Pillow"},{"floor":37.0,"key":"Emotion Chip"},{"floor":40.0,"key":"The Courier"},{"floor":42.0,"key":"StoneCalendar"},{"floor":47.0,"key":"Pear"},{"floor":54.0,"key":"Gremlin Horn"}],"event_choices":[{"damage_healed":0.0,"max_hp_gain":0.0,"max_hp_loss":0.0,"gold_gain":175.0,"event_name":"Liars Game","player_choice":"AGREE","floor":3.0,"gold_loss":0.0,"damage_taken":0.0,"cards_obtained":["Doubt"]},{"cards_removed":["Doubt"],"damage_healed":0.0,"max_hp_gain":0.0,"max_hp_loss":0.0,"gold_gain":0.0,"event_name":"Living Wall","player_choice":"Forget","floor":4.0,"gold_loss":0.0,"damage_taken":0.0},{"damage_healed":0.0,"max_hp_gain":0.0,"max_hp_loss":0.0,"gold_gain":0.0,"event_name":"Big Fish","player_choice":"Box","floor":5.0,"gold_loss":0.0,"damage_taken":0.0,"relics_obtained":["Nunchaku"],"cards_obtained":["Regret"]},{"cards_removed":["Strike_B"],"damage_healed":0.0,"max_hp_gain":0.0,"max_hp_loss":0.0,"gold_gain":0.0,"event_name":"Purifier","player_choice":"Purged","floor":11.0,"gold_loss":0.0,"damage_taken":0.0},{"damage_healed":0.0,"max_hp_gain":0.0,"max_hp_loss":0.0,"gold_gain":0.0,"event_name":"Colosseum","player_choice":"Fight","floor":19.0,"gold_loss":0.0,"damage_taken":0.0},{"damage_healed":0.0,"max_hp_gain":0.0,"max_hp_loss":0.0,"gold_gain":0.0,"event_name":"Colosseum","player_choice":"Fought Nobs","floor":19.0,"gold_loss":0.0,"damage_taken":0.0},{"damage_healed":25.0,"max_hp_gain":0.0,"max_hp_loss":0.0,"gold_gain":0.0,"event_name":"The Library","player_choice":"Heal","floor":20.0,"gold_loss":0.0,"damage_taken":0.0},{"damage_healed":0.0,"max_hp_gain":0.0,"max_hp_loss":0.0,"gold_gain":0.0,"event_name":"Masked Bandits","player_choice":"Fought Bandits","floor":24.0,"gold_loss":0.0,"damage_taken":0.0},{"damage_healed":0.0,"max_hp_gain":0.0,"max_hp_loss":0.0,"gold_gain":0.0,"event_name":"Vampires","player_choice":"Ignored","floor":31.0,"gold_loss":0.0,"damage_taken":0.0},{"damage_healed":0.0,"max_hp_gain":0.0,"max_hp_loss":0.0,"gold_gain":0.0,"event_name":"MindBloom","player_choice":"Fight","floor":37.0,"gold_loss":0.0,"damage_taken":0.0},{"damage_healed":0.0,"max_hp_gain":0.0,"max_hp_loss":0.0,"gold_gain":0.0,"event_name":"Winding Halls","player_choice":"Embrace Madness","floor":41.0,"gold_loss":0.0,"damage_taken":9.0,"cards_obtained":["Madness","Madness"]},{"damage_healed":0.0,"max_hp_gain":0.0,"max_hp_loss":0.0,"gold_gain":0.0,"event_name":"Mysterious Sphere","player_choice":"Fight","floor":42.0,"gold_loss":0.0,"damage_taken":0.0},{"damage_healed":0.0,"max_hp_gain":0.0,"max_hp_loss":0.0,"gold_gain":222.0,"event_name":"Tomb of Lord Red Mask","player_choice":"Wore Mask","floor":44.0,"gold_loss":0.0,"damage_taken":0.0}],"is_beta":false,"boss_relics":[{"not_picked":["Inserter","Busted Crown"],"picked":"Fusion Hammer"},{"not_picked":["Calling Bell","Black Star"],"picked":"Philosopher\u0027s Stone"}],"items_purged_floors":[8,21,45],"is_endless":false,"potions_floor_spawned":[2,14,18,25,27,33,35,36,37,40,47,48,54],"killed_by":"The Heart","ascension_level":12}