{"gold_per_floor":[116,132,132,148,163,163,163,163,163,195,195,211,136,154,154,229,229,229,229,229,229,102,102,102,102,102,102,102,102,102,102,102,102,102,102,102,102,102,102,102,102,102],"floor_reached":42,"playtime":2148,"items_purged":["Strike_R"],"score":700,"play_id":"774d7a71-e7ad-4619-ab71-401e9d6b98ff","local_time":"20190508175107","is_ascension_mode":true,"campfire_choices":[{"data":"Shockwave","floor":6,"key":"SMITH"},{"data":"Cleave","floor":8,"key":"SMITH"},{"data":"Disarm","floor":15,"key":"SMITH"},{"data":"True Grit","floor":23,"key":"SMITH"},{"data":"Metallicize","floor":25,"key":"SMITH"},{"data":"Pommel Strike","floor":28,"key":"SMITH"},{"floor":32,"key":"REST"},{"data":"Secret Weapon","floor":40,"key":"SMITH"}],"neow_cost":"NONE","seed_source_timestamp":1838924113188278,"circlet_count":0,"master_deck":["AscendersBane","Strike_R","Strike_R","Defend_R","Defend_R","Defend_R","Bash","Headbutt","Cleave+1","Shockwave+1","Shrug It Off","Metallicize+1","Disarm+1","Ghostly Armor","Anger","Double Tap+1","Dropkick","Pommel Strike+1","Dropkick","True Grit+1","True Grit+1","Metallicize","Flex+1","Thunderclap","Secret Weapon+1"],"special_seed":0,"relics":["Burning Blood","Bronze Scales","Nunchaku","Champion Belt","Ectoplasm","Paper Frog","Darkstone Periapt","Runic Dome"],"potions_floor_usage":[10,16,21,27,33,41],"damage_taken":[{"damage":2,"enemies":"Jaw Worm","floor":1,"turns":4},{"damage":1,"enemies":"Small Slimes","floor":2,"turns":3},{"damage":0,"enemies":"2 Louse","floor":4,"turns":2},{"damage":35,"enemies":"Exordium Thugs","floor":5,"turns":5},{"damage":12,"enemies":"Lagavulin","floor":10,"turns":7},{"damage":4,"enemies":"2 Fungi Beasts","floor":12,"turns":3},{"damage":5,"enemies":"Red Slaver","floor":14,"turns":4},{"damage":16,"enemies":"Hexaghost","floor":16,"turns":9},{"damage":3,"enemies":"3 Byrds","floor":18,"turns":4},{"damage":4,"enemies":"Shell Parasite","floor":19,"turns":4},{"damage":15,"enemies":"Shelled Parasite and Fungi","floor":21,"turns":4},{"damage":24,"enemies":"Sentry and Sphere","floor":24,"turns":4},{"damage":5,"enemies":"Book of Stabbing","floor":27,"turns":5},{"damage":13,"enemies":"Snecko","floor":29,"turns":7},{"damage":7,"enemies":"3 Cultists","floor":30,"turns":5},{"damage":4,"enemies":"Shelled Parasite and Fungi","floor":31,"turns":5},{"damage":12,"enemies":"Champ","floor":33,"turns":9},{"damage":7,"enemies":"Orb Walker","floor":35,"turns":4},{"damage":12,"enemies":"3 Shapes","floor":36,"turns":6},{"damage":36,"enemies":"Spire Growth","floor":39,"turns":5},{"damage":18,"enemies":"Transient","floor":41,"turns":5}],"seed_played":"-8456764846108746925","potions_obtained":[{"floor":2,"key":"Poison Potion"},{"floor":10,"key":"BloodPotion"},{"floor":16,"key":"LiquidBronze"},{"floor":18,"key":"SkillPotion"},{"floor":27,"key":"LiquidBronze"},{"floor":31,"key":"SkillPotion"},{"floor":35,"key":"Strength Potion"}],"is_trial":false,"path_per_floor":["M","M","?","M","M","R","?","R","T","E","?","M","$","M","R","B",null,"M","M","?","M","$","R","M","R","T","E","R","M","M","M","R","B",null,"M","M","?","?","M","R","M","M"],"character_chosen":"IRONCLAD","items_purchased":["Ghostly Armor","True Grit"],"campfire_rested":1,"item_purchase_floors":[13,22],"current_hp_per_floor":[76,80,73,79,50,50,55,55,55,49,49,51,51,52,52,50,76,79,81,81,72,72,72,54,54,54,55,55,48,47,49,74,68,81,80,74,74,74,44,44,32,0],"gold":102,"neow_bonus":"RANDOM_COMMON_RELIC","is_prod":false,"is_daily":false,"chose_seed":false,"campfire_upgraded":7,"win_rate":0,"timestamp":1557330667,"path_taken":["M","M","?","M","M","R","?","R","T","E","?","M","$","?","R","BOSS","M","M","?","?","?","R","M","R","T","E","R","M","?","M","R","BOSS","M","M","?","?","M","R","M","M"],"build_version":"2019-01-23","purchased_purges":1,"victory":false,"max_hp_per_floor":[80,80,80,80,80,80,85,85,85,85,85,85,85,85,85,85,85,85,85,85,85,85,85,85,85,85,85,85,85,85,85,85,85,85,85,85,85,85,85,85,85,85],"card_choices":[{"not_picked":["True Grit","Pommel Strike"],"picked":"Headbutt","floor":1},{"not_picked":["Pommel Strike","Havoc"],"picked":"Cleave","floor":2},{"not_picked":["Havoc","Wild Strike"],"picked":"Shockwave","floor":4},{"not_picked":["Sword Boomerang","Pummel"],"picked":"Shrug It Off","floor":5},{"not_picked":["Combust","Reckless Charge"],"picked":"Metallicize","floor":10},{"not_picked":["Shrug It Off","Rage"],"picked":"Disarm","floor":12},{"not_picked":["Shrug It Off","Rampage"],"picked":"Anger","floor":14},{"not_picked":["Limit Break","Reaper"],"picked":"Double Tap","floor":16},{"not_picked":["Reckless Charge","Cleave"],"picked":"Dropkick","floor":18},{"not_picked":["Evolve","Pommel Strike","Perfected Strike"],"picked":"SKIP","floor":19},{"not_picked":["Evolve","Perfected Strike"],"picked":"Pommel Strike","floor":19},{"not_picked":["Sentinel+1","Armaments"],"picked":"Dropkick","floor":21},{"not_picked":["Twin Strike","Clash"],"picked":"True Grit+1","floor":24},{"not_picked":["True Grit","Ghostly Armor","Perfected Strike"],"picked":"SKIP","floor":27},{"not_picked":["Hemokinesis","Cleave"],"picked":"Metallicize","floor":29},{"not_picked":["Anger","Iron Wave","Brutality"],"picked":"SKIP","floor":30},{"not_picked":["Twin Strike","Rupture"],"picked":"Flex+1","floor":31},{"not_picked":["Clothesline+1","Armaments","Havoc"],"picked":"SKIP","floor":35},{"not_picked":["Double Tap","Sword Boomerang+1"],"picked":"Thunderclap","floor":36},{"not_picked":["Dramatic Entrance","Madness"],"picked":"Secret Weapon","floor":38},{"not_picked":["Anger","Intimidate+1","Pummel"],"picked":"SKIP","floor":39},{"not_picked":["Body Slam","Havoc","Burning Pact"],"picked":"SKIP","floor":41}],"player_experience":275641,"relics_obtained":[{"floor":9,"key":"Nunchaku"},{"floor":10,"key":"Champion Belt"},{"floor":26,"key":"Paper Frog"},{"floor":27,"key":"Darkstone Periapt"}],"event_choices":[{"cards_removed":["Strike_R"],"damage_healed":0,"gold_gain":0,"player_choice":"Card Removal","damage_taken":7,"max_hp_gain":0,"max_hp_loss":0,"event_name":"Golden Wing","floor":3,"gold_loss":0},{"damage_healed":0,"gold_gain":0,"player_choice":"Donut","damage_taken":0,"max_hp_gain":5,"max_hp_loss":0,"event_name":"Big Fish","floor":7,"gold_loss":0},{"cards_removed":["Strike_R"],"damage_healed":0,"gold_gain":0,"player_choice":"Forget","damage_taken":0,"max_hp_gain":0,"max_hp_loss":0,"event_name":"Living Wall","floor":11,"gold_loss":0},{"damage_healed":0,"gold_gain":0,"player_choice":"Upgraded","damage_taken":0,"max_hp_gain":0,"max_hp_loss":0,"event_name":"Upgrade Shrine","floor":20,"gold_loss":0,"cards_upgraded":["Double Tap"]},{"cards_removed":["Defend_R"],"damage_healed":0,"gold_gain":0,"player_choice":"Removed Skill","damage_taken":0,"max_hp_gain":0,"max_hp_loss":0,"event_name":"Falling","floor":37,"gold_loss":0},{"damage_healed":0,"gold_gain":0,"player_choice":"Memory 1","damage_taken":0,"max_hp_gain":0,"max_hp_loss":0,"event_name":"SensoryStone","floor":38,"gold_loss":0}],"is_beta":false,"boss_relics":[{"not_picked":["Tiny House","Empty Cage"],"picked":"Ectoplasm"},{"not_picked":["Velvet Choker","Black Star"],"picked":"Runic Dome"}],"items_purged_floors":[22],"is_endless":false,"potions_floor_spawned":[2,10,16,18,27,31,35,36],"killed_by":"4 Shapes","ascension_level":13}