{"gold_per_floor":[112,37,112,112,127,156,172,172,172,189,223,223,240,255,255,354,354,370,370,63,81,91,116,116,131,131,145,145,145,145,165,165,268,268,288,288,288,302,314,314,344,355,355,355,372,390,8,24,24,24],"floor_reached":51,"playtime":9069,"items_purged":["Strike_G","Strike_G"],"score":738,"play_id":"49f035a1-f465-4539-8ba9-c76cfa6a7cf1","local_time":"20190614212331","is_ascension_mode":false,"campfire_choices":[{"floor":8,"key":"REST"},{"floor":12,"key":"REST"},{"floor":15,"key":"REST"},{"floor":24,"key":"REST"},{"floor":28,"key":"REST"},{"floor":30,"key":"REST"},{"floor":32,"key":"REST"},{"floor":40,"key":"REST"},{"floor":44,"key":"REST"},{"floor":49,"key":"REST"}],"neow_cost":"NONE","seed_source_timestamp":520836110520816,"circlet_count":0,"master_deck":["Defend_G","Defend_G","Defend_G","Defend_G","Defend_G","Survivor","Neutralize","Adrenaline","Sucker Punch","Poisoned Stab","Deadly Poison","Deadly Poison","Poisoned Stab","Deadly Poison","PiercingWail","Backstab","Adrenaline","Catalyst","Deadly Poison","Noxious Fumes","Escape Plan","PiercingWail","Bouncing Flask+1","Catalyst+1","Crippling Poison","Dash","After Image","Catalyst+1","Masterful Stab","Crippling Poison+1","Catalyst","Corpse Explosion","Well Laid Plans","Poisoned Stab+1"],"relics":["Ring of the Snake","Mercury Hourglass","Ornamental Fan","Ice Cream","Black Star","Bird Faced Urn","Pen Nib","Vajra","Strawberry","Lizard Tail","Bottled Lightning","Sundial","Bottled Tornado","Incense Burner"],"potions_floor_usage":[13,16,16,18,22,31,33,38,39,48],"damage_taken":[{"damage":0,"enemies":"Jaw Worm","floor":1,"turns":5},{"damage":0,"enemies":"Small Slimes","floor":5,"turns":4},{"damage":39,"enemies":"Lagavulin","floor":6,"turns":12},{"damage":0,"enemies":"Cultist","floor":7,"turns":3},{"damage":1,"enemies":"Blue Slaver","floor":10,"turns":3},{"damage":6,"enemies":"Gremlin Nob","floor":11,"turns":3},{"damage":8,"enemies":"Red Slaver","floor":13,"turns":3},{"damage":0,"enemies":"Exordium Wildlife","floor":14,"turns":2},{"damage":21,"enemies":"Hexaghost","floor":16,"turns":5},{"damage":2,"enemies":"Chosen","floor":18,"turns":4},{"damage":8,"enemies":"3 Byrds","floor":21,"turns":3},{"damage":17,"enemies":"Cultist and Chosen","floor":22,"turns":5},{"damage":20,"enemies":"Book of Stabbing","floor":23,"turns":4},{"damage":22,"enemies":"Centurion and Healer","floor":25,"turns":5},{"damage":10,"enemies":"Snecko","floor":27,"turns":3},{"damage":10,"enemies":"Sentry and Sphere","floor":31,"turns":3},{"damage":50,"enemies":"Collector","floor":33,"turns":5},{"damage":5,"enemies":"Orb Walker","floor":35,"turns":3},{"damage":13,"enemies":"3 Shapes","floor":38,"turns":4},{"damage":36,"enemies":"Jaw Worm Horde","floor":39,"turns":5},{"damage":3,"enemies":"Reptomancer","floor":41,"turns":2},{"damage":6,"enemies":"Transient","floor":42,"turns":5},{"damage":3,"enemies":"4 Shapes","floor":45,"turns":4},{"damage":23,"enemies":"Spire Growth","floor":46,"turns":3},{"damage":12,"enemies":"Sphere and 2 Shapes","floor":48,"turns":3},{"damage":15,"enemies":"Time Eater","floor":50,"turns":4}],"seed_played":"-4948694032769736112","potions_obtained":[{"floor":7,"key":"SkillPotion"},{"floor":10,"key":"SkillPotion"},{"floor":11,"key":"SkillPotion"},{"floor":14,"key":"Poison Potion"},{"floor":18,"key":"Block Potion"},{"floor":23,"key":"Energy Potion"},{"floor":31,"key":"Ancient Potion"},{"floor":33,"key":"AttackPotion"},{"floor":38,"key":"GhostInAJar"},{"floor":45,"key":"Energy Potion"},{"floor":48,"key":"Strength Potion"}],"is_trial":false,"path_per_floor":["M","$","?","?","M","E","M","R","T","M","E","R","M","M","R","B",null,"M","?","$","M","M","E","R","M","T","M","R","?","R","M","R","B",null,"M","?","?","M","M","R","E","M","T","R","M","M","$","M","R","B",null],"character_chosen":"THE_SILENT","items_purchased":["Deadly Poison","Noxious Fumes","EssenceOfSteel","Incense Burner","Well Laid Plans"],"campfire_rested":10,"item_purchase_floors":[20,20,20,47,47],"current_hp_per_floor":[70,70,59,59,59,20,20,41,41,40,34,55,47,47,68,47,70,68,68,68,62,47,27,48,28,35,27,50,36,60,52,76,28,82,79,79,79,69,37,61,60,58,58,82,81,59,59,49,73,62],"gold":24,"neow_bonus":"ONE_RANDOM_RARE_CARD","is_prod":false,"is_daily":false,"chose_seed":false,"campfire_upgraded":0,"win_rate":0.0,"timestamp":1560561811,"path_taken":["M","$","?","?","?","E","?","R","T","M","E","R","M","M","R","BOSS","M","?","$","?","M","E","R","M","T","M","R","?","R","M","R","BOSS","M","?","?","M","?","R","E","M","T","R","M","M","$","M","R","BOSS"],"build_version":"2019-01-23","purchased_purges":2,"victory":true,"max_hp_per_floor":[70,70,70,70,70,70,70,70,70,70,70,70,70,70,70,70,70,70,70,70,70,70,70,70,70,77,77,77,82,82,82,82,82,82,82,82,82,82,82,82,82,82,82,82,82,82,82,82,82,82],"card_choices":[{"not_picked":["Flying Knee","Outmaneuver"],"picked":"Sucker Punch","floor":1},{"not_picked":["Flying Knee","Reflex"],"picked":"Poisoned Stab","floor":5},{"not_picked":["Dodge and Roll","Riddle With Holes"],"picked":"Deadly Poison","floor":6},{"not_picked":["Slice","Backflip"],"picked":"Deadly Poison","floor":7},{"not_picked":["Backflip","Outmaneuver"],"picked":"Poisoned Stab","floor":10},{"not_picked":["Adrenaline","Dagger Throw"],"picked":"Deadly Poison","floor":11},{"not_picked":["Escape Plan","Prepared"],"picked":"PiercingWail","floor":13},{"not_picked":["Quick Slash","Cloak And Dagger"],"picked":"Backstab","floor":14},{"not_picked":["Malaise","Phantasmal Killer"],"picked":"Adrenaline","floor":16},{"not_picked":["Deadly Poison","Dagger Throw+1"],"picked":"Catalyst","floor":18},{"not_picked":["Flechettes+1","Poisoned Stab"],"picked":"Escape Plan","floor":21},{"not_picked":["Blur","Outmaneuver"],"picked":"PiercingWail","floor":22},{"not_picked":["Sucker Punch","Quick Slash"],"picked":"Bouncing Flask+1","floor":23},{"not_picked":["Sucker Punch+1","Dagger Spray"],"picked":"Catalyst+1","floor":25},{"not_picked":["Skewer+1","Backflip+1"],"picked":"Crippling Poison","floor":27},{"not_picked":["Dagger Spray","Infinite Blades"],"picked":"Dash","floor":31},{"not_picked":["Envenom","Tools of the Trade"],"picked":"After Image","floor":33},{"not_picked":["Deflect","Slice"],"picked":"Catalyst+1","floor":35},{"not_picked":["Skewer","Slice+1","Setup+1"],"picked":"SKIP","floor":38},{"not_picked":["Deadly Poison","Underhanded Strike","Prepared"],"picked":"SKIP","floor":39},{"not_picked":["Leg Sweep","Well Laid Plans"],"picked":"Crippling Poison+1","floor":41},{"not_picked":["Accuracy","Infinite Blades","PiercingWail"],"picked":"SKIP","floor":42},{"not_picked":["Underhanded Strike+1","Calculated Gamble+1"],"picked":"Catalyst","floor":45},{"not_picked":["Deflect","Endless Agony"],"picked":"Corpse Explosion","floor":46},{"not_picked":["Calculated Gamble","Prepared+1"],"picked":"Poisoned Stab+1","floor":48}],"player_experience":1147864,"relics_obtained":[{"floor":6,"key":"Mercury Hourglass"},{"floor":9,"key":"Ornamental Fan"},{"floor":11,"key":"Ice Cream"},{"floor":23,"key":"Pen Nib"},{"floor":23,"key":"Vajra"},{"floor":26,"key":"Strawberry"},{"floor":41,"key":"Bottled Lightning"},{"floor":41,"key":"Sundial"},{"floor":43,"key":"Bottled Tornado"}],"event_choices":[{"damage_healed":0,"gold_gain":75,"player_choice":"Gather Gold","damage_taken":11,"max_hp_gain":0,"max_hp_loss":0,"event_name":"World of Goop","floor":3,"gold_loss":0},{"cards_removed":["Strike_G"],"damage_healed":0,"gold_gain":0,"player_choice":"Forget","damage_taken":0,"max_hp_gain":0,"max_hp_loss":0,"event_name":"Living Wall","floor":4,"gold_loss":0},{"damage_healed":0,"gold_gain":0,"player_choice":"Gave Potion","damage_taken":0,"relics_obtained":["Bird Faced Urn"],"max_hp_gain":0,"max_hp_loss":0,"event_name":"WeMeetAgain","floor":19,"gold_loss":0},{"damage_healed":0,"gold_gain":0,"player_choice":"Shed Blood","damage_taken":19,"max_hp_gain":5,"max_hp_loss":0,"event_name":"Forgotten Altar","floor":29,"gold_loss":0},{"cards_removed":["Strike_G"],"damage_healed":0,"gold_gain":0,"player_choice":"Removed Attack","damage_taken":0,"max_hp_gain":0,"max_hp_loss":0,"event_name":"Falling","floor":36,"gold_loss":0},{"damage_healed":0,"gold_gain":0,"cards_transformed":["Strike_G"],"player_choice":"Transformed","damage_taken":0,"max_hp_gain":0,"max_hp_loss":0,"event_name":"Transmorgrifier","floor":37,"gold_loss":0,"cards_obtained":["Masterful Stab"]}],"is_beta":false,"boss_relics":[{"not_picked":["Pandora\u0027s Box","Ring of the Serpent"],"picked":"Black Star"},{"not_picked":["White Beast Statue","Snecko Eye"],"picked":"Lizard Tail"}],"items_purged_floors":[2,20],"is_endless":false,"potions_floor_spawned":[7,10,11,14,18,23,31,33,38,45,48],"ascension_level":0}