{"gold_per_floor":[118,43,55,66,80,80,80,99,99,99],"floor_reached":10,"playtime":213,"items_purged":["Defend_B"],"score":120,"play_id":"c0c84366-6930-47e8-8382-798e7de1828e","local_time":"20190518183216","is_ascension_mode":true,"campfire_choices":[{"data":"Zap","floor":6.0,"key":"SMITH"}],"neow_cost":"NONE","seed_source_timestamp":11064828013767,"circlet_count":0,"master_deck":["AscendersBane","Strike_B","Strike_B","Strike_B","Strike_B","Defend_B","Defend_B","Defend_B","Zap+1","Dualcast","Genetic Algorithm","Darkness","Gash","All For One","Recycle","Biased Cognition","Turbo","Compile Driver"],"special_seed":0,"relics":["Cracked Core","Bronze Scales"],"potions_floor_usage":[],"damage_taken":[{"damage":7.0,"enemies":"Cultist","floor":1.0,"turns":4.0},{"damage":11.0,"enemies":"Jaw Worm","floor":3.0,"turns":3.0},{"damage":0.0,"enemies":"2 Louse","floor":4.0,"turns":2.0},{"damage":18.0,"enemies":"2 Fungi Beasts","floor":5.0,"turns":4.0},{"damage":12.0,"enemies":"3 Louse","floor":8.0,"turns":4.0},{"damage":25,"enemies":"3 Sentries","floor":10,"turns":2}],"seed_played":"-8978326463623941972","potions_obtained":[{"floor":3.0,"key":"Block Potion"}],"is_trial":false,"path_per_floor":["M","$","M","M","M","R","?","M","T","E"],"character_chosen":"DEFECT","items_purchased":[],"campfire_rested":0,"item_purchase_floors":[],"current_hp_per_floor":[64,64,53,53,35,35,35,23,23,0],"gold":99,"neow_bonus":"TEN_PERCENT_HP_BONUS","is_prod":false,"is_daily":false,"chose_seed":false,"campfire_upgraded":1,"win_rate":0,"timestamp":1558197136,"path_taken":["M","$","M","M","?","R","?","M","T","E"],"build_version":"2019-05-07","purchased_purges":1,"victory":false,"max_hp_per_floor":[78,78,78,78,78,78,78,78,78,78],"card_choices":[{"not_picked":["Conserve Battery","Barrage"],"picked":"Genetic Algorithm","floor":1.0},{"not_picked":["Barrage","Gash"],"picked":"Darkness","floor":3.0},{"not_picked":["Capacitor","Steam"],"picked":"Gash","floor":4.0},{"not_picked":["Turbo","Auto Shields"],"picked":"All For One","floor":5.0},{"not_picked":["Sunder","Gash"],"picked":"Compile Driver","floor":8}],"player_experience":1558260,"relics_obtained":[{"floor":9,"key":"Bronze Scales"}],"event_choices":[{"damage_healed":0.0,"max_hp_gain":0.0,"max_hp_loss":0.0,"gold_gain":0.0,"event_name":"Match and Keep!","player_choice":"3 cards matched","floor":7.0,"gold_loss":0.0,"damage_taken":0.0,"cards_obtained":["Recycle","Biased Cognition","Turbo"]}],"is_beta":true,"boss_relics":[],"items_purged_floors":[2],"is_endless":false,"potions_floor_spawned":[3],"killed_by":"3 Sentries","ascension_level":20}