{"gold_per_floor":[369,27,27,38,48,48,61,61,61,88,88,108,122,154,154,231,231,231,106,106,125,142,174,174,185,212,247,259,271,301,346,358,443,455,487,510,522,534,557,602,614,651,663,675,714,771,798,821,833,845,857,869,881,66,93,93],"floor_reached":57,"playtime":3130,"items_purged":["Predator","Strike_G"],"score":3274,"play_id":"46d7102e-9e81-4f1a-9f67-2ea971aae9b7","local_time":"20190629133828","is_ascension_mode":true,"campfire_choices":[{"data":"Catalyst","floor":6.0,"key":"SMITH"},{"data":"Bouncing Flask","floor":8.0,"key":"SMITH"},{"data":"Catalyst","floor":15.0,"key":"SMITH"},{"floor":24,"key":"REST"},{"data":"Well Laid Plans","floor":28,"key":"SMITH"},{"floor":32,"key":"REST"},{"floor":44,"key":"RECALL"},{"data":"Burst","floor":49,"key":"SMITH"},{"data":"Backflip","floor":53,"key":"SMITH"}],"neow_cost":"PERCENT_DAMAGE","seed_source_timestamp":335676912097470,"circlet_count":0,"master_deck":["AscendersBane","Defend_G","Defend_G","Defend_G","Defend_G","Defend_G","Strike_G","Strike_G","Survivor","Neutralize","Backstab","Backflip+1","Bouncing Flask+1","Well Laid Plans+1","Dagger Spray","Catalyst+1","PiercingWail","Catalyst+1","Wraith Form v2+1","Backflip","Dash","Deadly Poison","Burst+1","Corpse Explosion","PiercingWail"],"special_seed":0,"relics":["Ring of the Snake","Bronze Scales","Frozen Egg 2","Matryoshka","Bottled Tornado","Sozu","Tough Bandages","Snake Skull","Anchor","MawBank","Centennial Puzzle","Busted Crown","Juzu Bracelet","Bag of Preparation","Omamori","Mercury Hourglass","Thread and Needle","ClockworkSouvenir","Art of War","Tingsha","Oddly Smooth Stone"],"potions_floor_usage":[],"damage_taken":[{"damage":4.0,"enemies":"Small Slimes","floor":1.0,"turns":4.0},{"damage":0.0,"enemies":"2 Louse","floor":4.0,"turns":3.0},{"damage":0.0,"enemies":"Cultist","floor":5.0,"turns":2.0},{"damage":0.0,"enemies":"2 Fungi Beasts","floor":7.0,"turns":3.0},{"damage":19.0,"enemies":"3 Sentries","floor":10.0,"turns":7.0},{"damage":3.0,"enemies":"Gremlin Gang","floor":12.0,"turns":2.0},{"damage":1.0,"enemies":"3 Louse","floor":13.0,"turns":2.0},{"damage":0.0,"enemies":"Gremlin Nob","floor":14.0,"turns":3.0},{"damage":0.0,"enemies":"Hexaghost","floor":16.0,"turns":6.0},{"damage":0.0,"enemies":"2 Thieves","floor":18.0,"turns":1.0},{"damage":2.0,"enemies":"3 Byrds","floor":21.0,"turns":3.0},{"damage":3.0,"enemies":"Cultist and Chosen","floor":22.0,"turns":7.0},{"damage":19,"enemies":"Slavers","floor":23,"turns":6},{"damage":0,"enemies":"Snake Plant","floor":25,"turns":4},{"damage":4,"enemies":"Gremlin Leader","floor":27,"turns":9},{"damage":3,"enemies":"Colosseum Slavers","floor":29,"turns":4},{"damage":6,"enemies":"Centurion and Healer","floor":30,"turns":6},{"damage":0,"enemies":"Book of Stabbing","floor":31,"turns":4},{"damage":22,"enemies":"Collector","floor":33,"turns":4},{"damage":0,"enemies":"3 Darklings","floor":35,"turns":3},{"damage":2,"enemies":"3 Shapes","floor":36,"turns":2},{"damage":0,"enemies":"Sphere and 2 Shapes","floor":39,"turns":4},{"damage":0,"enemies":"Reptomancer","floor":40,"turns":5},{"damage":0,"enemies":"Giant Head","floor":42,"turns":6},{"damage":0,"enemies":"Reptomancer","floor":45,"turns":5},{"damage":0,"enemies":"2 Orb Walkers","floor":46,"turns":4},{"damage":0,"enemies":"Jaw Worm Horde","floor":47,"turns":3},{"damage":0,"enemies":"Writhing Mass","floor":48,"turns":3},{"damage":0,"enemies":"Time Eater","floor":50,"turns":2},{"damage":21,"enemies":"Donu and Deca","floor":51,"turns":6},{"damage":25,"enemies":"Shield and Spear","floor":55,"turns":6},{"damage":30,"enemies":"The Heart","floor":56,"turns":8}],"seed_played":"-5636862210347467657","potions_obtained":[{"floor":1.0,"key":"Energy Potion"},{"floor":5.0,"key":"Block Potion"},{"floor":10.0,"key":"Energy Potion"},{"floor":11.0,"key":"SmokeBomb"}],"is_trial":false,"path_per_floor":["M","$","?","M","M","R","M","R","T","E","?","M","M","E","R","B",null,"M","$","?","M","M","E","R","M","T","E","R","?","M","E","R","B",null,"M","M","?","?","M","E","?","E","T","R","E","?","M","M","R","B","B",null,"R","$","E","B",null],"character_chosen":"THE_SILENT","items_purchased":["Backflip","Bouncing Flask","Well Laid Plans","Bronze Scales","Backflip","ClockworkSouvenir","Art of War","Tingsha"],"campfire_rested":2,"item_purchase_floors":[2,2,2,2,19,54,54,54],"current_hp_per_floor":[40,40,40,40,40,40,40,40,40,21,21,18,17,17,17,17,54,54,54,54,52,49,30,49,49,49,45,45,42,36,36,55,33,58,58,56,56,56,56,56,56,56,56,56,56,56,56,56,56,56,35,56,56,56,31,1],"gold":93,"neow_bonus":"TWO_FIFTY_GOLD","is_prod":false,"is_daily":false,"chose_seed":false,"campfire_upgraded":6,"win_rate":0,"timestamp":1561808308,"path_taken":["M","$","?","M","M","R","M","R","T","E","?","?","M","E","R","BOSS","M","$","?","?","M","E","R","M","T","E","R","?","M","E","R","BOSS","M","M","?","?","M","E","?","E","T","R","E","?","M","M","R","BOSS","BOSS","R","$","E","BOSS"],"build_version":"2019-01-23","purchased_purges":2,"victory":true,"max_hp_per_floor":[66,66,66,66,66,66,66,66,66,66,66,66,66,66,66,66,66,66,66,66,66,66,66,66,66,66,66,66,66,66,66,66,66,66,66,66,66,63,63,63,63,63,63,63,63,63,63,63,63,63,63,63,63,63,63,63],"card_choices":[{"not_picked":["Tactician","Dodge and Roll"],"picked":"Backstab","floor":1.0},{"not_picked":["Setup","Dagger Throw"],"picked":"Dagger Spray","floor":4.0},{"not_picked":["Riddle With Holes","Dagger Throw"],"picked":"Catalyst","floor":5.0},{"not_picked":["Endless Agony","Prepared","Masterful Stab"],"picked":"SKIP","floor":7.0},{"not_picked":["Bullet Time","Prepared"],"picked":"Predator","floor":10.0},{"not_picked":["Backflip","Prepared"],"picked":"PiercingWail","floor":12.0},{"not_picked":["Deadly Poison","Quick Slash"],"picked":"Catalyst","floor":13.0},{"not_picked":["Tactician","Setup","Flechettes"],"picked":"SKIP","floor":14.0},{"not_picked":["Bullet Time","A Thousand Cuts+1"],"picked":"Wraith Form v2+1","floor":16.0},{"not_picked":["Blade Dance","Accuracy+1"],"picked":"Deadly Poison","floor":21.0},{"not_picked":["Underhanded Strike","Terror","Catalyst"],"picked":"SKIP","floor":22.0},{"not_picked":["Escape Plan","All Out Attack","Skewer"],"picked":"SKIP","floor":23},{"not_picked":["Flying Knee","Cloak And Dagger","Masterful Stab"],"picked":"SKIP","floor":25},{"not_picked":["Bane","Underhanded Strike","Acrobatics"],"picked":"SKIP","floor":27},{"not_picked":["Dagger Spray","Setup","Prepared"],"picked":"SKIP","floor":30},{"not_picked":["Dodge and Roll","Quick Slash"],"picked":"Burst","floor":31},{"not_picked":["Envenom+1","Venomology"],"picked":"Corpse Explosion","floor":33},{"not_picked":["Blade Dance"],"picked":"SKIP","floor":35},{"not_picked":["Cloak And Dagger"],"picked":"SKIP","floor":36},{"not_picked":["Bane"],"picked":"SKIP","floor":39},{"not_picked":["Masterful Stab"],"picked":"SKIP","floor":40},{"not_picked":["Bane"],"picked":"SKIP","floor":42},{"not_picked":["Masterful Stab"],"picked":"SKIP","floor":45},{"not_picked":["Quick Slash+1"],"picked":"SKIP","floor":47},{"not_picked":["Quick Slash"],"picked":"SKIP","floor":48},{"not_picked":[],"picked":"PiercingWail","floor":55}],"player_experience":677722,"relics_obtained":[{"floor":9.0,"key":"Frozen Egg 2"},{"floor":10.0,"key":"Matryoshka"},{"floor":14.0,"key":"Bottled Tornado"},{"floor":23,"key":"Tough Bandages"},{"floor":26,"key":"Snake Skull"},{"floor":26,"key":"Anchor"},{"floor":27,"key":"MawBank"},{"floor":31,"key":"Centennial Puzzle"},{"floor":40,"key":"Juzu Bracelet"},{"floor":42,"key":"Bag of Preparation"},{"floor":43,"key":"Omamori"},{"floor":45,"key":"Mercury Hourglass"},{"floor":46,"key":"Thread and Needle"},{"floor":55,"key":"Oddly Smooth Stone"}],"event_choices":[{"cards_removed":["Strike_G"],"damage_healed":0.0,"max_hp_gain":0.0,"max_hp_loss":0.0,"gold_gain":0.0,"event_name":"Living Wall","player_choice":"Forget","floor":3.0,"gold_loss":0.0,"damage_taken":0.0},{"damage_healed":0.0,"max_hp_gain":0.0,"max_hp_loss":0.0,"gold_gain":0.0,"event_name":"Lab","player_choice":"Got Potions","floor":11.0,"gold_loss":0.0,"damage_taken":0.0},{"damage_healed":0.0,"max_hp_gain":0.0,"max_hp_loss":0.0,"gold_gain":0.0,"event_name":"Match and Keep!","player_choice":"1 cards matched","floor":20.0,"gold_loss":0.0,"damage_taken":0.0,"cards_obtained":["Dash"]},{"damage_healed":0,"gold_gain":0,"player_choice":"Fight","damage_taken":0,"max_hp_gain":0,"max_hp_loss":0,"event_name":"Colosseum","floor":29,"gold_loss":0},{"damage_healed":0,"gold_gain":0,"player_choice":"Fled From Nobs","damage_taken":0,"max_hp_gain":0,"max_hp_loss":0,"event_name":"Colosseum","floor":29,"gold_loss":0},{"cards_removed":["Strike_G"],"damage_healed":0,"gold_gain":0,"player_choice":"Removed Attack","damage_taken":0,"max_hp_gain":0,"max_hp_loss":0,"event_name":"Falling","floor":37,"gold_loss":0},{"damage_healed":0,"gold_gain":0,"player_choice":"Max HP","damage_taken":0,"max_hp_gain":0,"max_hp_loss":3,"event_name":"Winding Halls","floor":38,"gold_loss":0},{"damage_healed":0,"gold_gain":0,"player_choice":"Memory 1","damage_taken":0,"max_hp_gain":0,"max_hp_loss":0,"event_name":"SensoryStone","floor":41,"gold_loss":0},{"damage_healed":0,"gold_gain":0,"player_choice":"Fight","damage_taken":0,"max_hp_gain":0,"max_hp_loss":0,"event_name":"Mysterious Sphere","floor":46,"gold_loss":0}],"is_beta":false,"boss_relics":[{"not_picked":["Lizard Tail","Calling Bell"],"picked":"Sozu"},{"not_picked":["Pandora\u0027s Box","Ring of the Serpent"],"picked":"Busted Crown"}],"items_purged_floors":[19,54],"is_endless":false,"potions_floor_spawned":[1,5,10,21,23,29,30,39,40,45,46,47],"ascension_level":20}