{"gold_per_floor":[115,115,132,6,6,6,31,31,84,103,103,131,131,157,157,233,233,246,260,260,260],"floor_reached":21,"playtime":753,"items_purged":["Strike_B"],"score":440,"play_id":"da4468f6-d853-44b0-b2d1-2dedb438cf83","local_time":"20190621200901","is_ascension_mode":true,"campfire_choices":[{"data":"Gash","floor":6.0,"key":"SMITH"},{"data":"Gash","floor":8.0,"key":"SMITH"},{"floor":13,"key":"REST"},{"floor":15,"key":"REST"}],"neow_cost":"NONE","seed_source_timestamp":620300072098706,"circlet_count":0,"master_deck":["AscendersBane","Strike_B","Defend_B","Defend_B","Defend_B","Defend_B","Zap+1","Dualcast","Gash+1","Conserve Battery","Gash+1","BootSequence","Rebound","BootSequence","Hologram","Fission","Auto Shields+1","Reprogram+1","Storm+1","FTL"],"special_seed":0,"relics":["Cracked Core","NeowsBlessing","NlothsMask","Orichalcum","Mummified Hand","The Courier","Dream Catcher","Astrolabe","Bronze Scales"],"potions_floor_usage":[12,18,21],"damage_taken":[{"damage":0.0,"enemies":"Cultist","floor":1.0,"turns":1.0},{"damage":0.0,"enemies":"2 Louse","floor":3.0,"turns":1.0},{"damage":0.0,"enemies":"3 Sentries","floor":7.0,"turns":1.0},{"damage":2.0,"enemies":"Jaw Worm","floor":10.0,"turns":3.0},{"damage":24,"enemies":"Gremlin Nob","floor":12,"turns":4},{"damage":28,"enemies":"Lagavulin","floor":14,"turns":5},{"damage":23,"enemies":"Hexaghost","floor":16,"turns":9},{"damage":19,"enemies":"Shell Parasite","floor":18,"turns":5},{"damage":14,"enemies":"3 Byrds","floor":19,"turns":7},{"damage":32,"enemies":"Sentry and Sphere","floor":21,"turns":5}],"seed_played":"-856217649522565605","potions_obtained":[{"floor":1.0,"key":"Poison Potion"},{"floor":3.0,"key":"Explosive Potion"},{"floor":10.0,"key":"Fire Potion"},{"floor":18,"key":"Fire Potion"},{"floor":19,"key":"FocusPotion"}],"is_trial":false,"path_per_floor":["M","?","M","$","?","R","E","R","T","M","?","E","R","E","R","B",null,"M","M","?","M"],"character_chosen":"DEFECT","items_purchased":["Gash"],"campfire_rested":2,"item_purchase_floors":[4],"current_hp_per_floor":[64,64,64,64,64,64,64,64,64,62,44,20,41,13,34,11,56,37,23,23,0],"gold":260,"neow_bonus":"THREE_ENEMY_KILL","is_prod":false,"is_daily":false,"chose_seed":false,"campfire_upgraded":2,"win_rate":0,"timestamp":1561140541,"path_taken":["M","?","?","$","?","R","E","R","T","?","?","E","R","E","R","BOSS","M","M","?","M"],"build_version":"2019-01-23","purchased_purges":1,"victory":false,"max_hp_per_floor":[71,71,71,71,71,71,71,71,71,71,71,71,71,71,71,71,71,71,71,71,71],"card_choices":[{"not_picked":["BootSequence","Storm"],"picked":"Gash","floor":1.0},{"not_picked":["Steam Power","Stack"],"picked":"Conserve Battery","floor":3.0},{"not_picked":["Fusion","Blizzard"],"picked":"BootSequence","floor":7.0},{"not_picked":["Stack","Leap"],"picked":"Rebound","floor":10.0},{"not_picked":["Conserve Battery","Aggregate"],"picked":"Echo Form","floor":12},{"not_picked":["Barrage","Coolheaded"],"picked":"BootSequence","floor":14},{"not_picked":["Compile Driver","Steam"],"picked":"Hologram","floor":15},{"not_picked":["Creative AI","Thunder Strike"],"picked":"Fission","floor":16},{"not_picked":["Auto Shields","Sunder"],"picked":"FTL","floor":18},{"not_picked":["BootSequence","Double Energy","Chaos"],"picked":"SKIP","floor":19}],"player_experience":643294,"relics_obtained":[{"floor":7.0,"key":"Orichalcum"},{"floor":12,"key":"The Courier"},{"floor":14,"key":"Dream Catcher"}],"event_choices":[{"damage_healed":0.0,"max_hp_gain":0.0,"max_hp_loss":0.0,"gold_gain":0.0,"event_name":"Upgrade Shrine","player_choice":"Upgraded","floor":2.0,"gold_loss":0.0,"damage_taken":0.0,"cards_upgraded":["Zap"]},{"damage_healed":0.0,"max_hp_gain":0.0,"max_hp_loss":0.0,"gold_gain":0.0,"event_name":"FaceTrader","player_choice":"Trade","floor":5.0,"gold_loss":0.0,"damage_taken":0.0,"relics_obtained":["NlothsMask"]},{"damage_healed":0.0,"max_hp_gain":0.0,"max_hp_loss":0.0,"gold_gain":0.0,"event_name":"Scrap Ooze","player_choice":"Success","floor":11.0,"gold_loss":0.0,"damage_taken":18.0,"relics_obtained":["Mummified Hand"]},{"damage_healed":0,"gold_gain":0,"player_choice":"Gave Potion","damage_taken":0,"relics_obtained":["Bronze Scales"],"max_hp_gain":0,"max_hp_loss":0,"event_name":"WeMeetAgain","floor":20,"gold_loss":0}],"is_beta":false,"boss_relics":[{"not_picked":["Tiny House","Calling Bell"],"picked":"Astrolabe"}],"items_purged_floors":[4],"is_endless":false,"potions_floor_spawned":[1,3,10,18,19],"killed_by":"Sentry and Sphere","ascension_level":20}