{"gold_per_floor":[13,31,31,31,43,43,75,88,88,101,101,117,117,149,149,247,247,263,273,286,98,108,140,140,171,171,171,96,196,215,115,115,216,216,236,246,47,47,11,45,45,76,148,148,168,168,219,234,234,234],"floor_reached":50,"playtime":2895,"items_purged":["Decay","Strike_R"],"score":906,"play_id":"7b773b5f-7bee-4d72-871d-7459457a5d00","local_time":"20190622113951","is_ascension_mode":true,"campfire_choices":[{"data":"Anger","floor":6,"key":"SMITH"},{"data":"Thunderclap","floor":11,"key":"SMITH"},{"data":"Flame Barrier","floor":15,"key":"SMITH"},{"data":"Rupture","floor":24,"key":"SMITH"},{"data":"Double Tap","floor":27,"key":"SMITH"},{"data":"Disarm","floor":32,"key":"SMITH"},{"data":"Barricade","floor":41,"key":"SMITH"},{"data":"Armaments","floor":44,"key":"SMITH"},{"floor":49,"key":"REST"}],"neow_cost":"NO_GOLD","seed_source_timestamp":139225291342875,"circlet_count":0,"master_deck":["Strike_R","Strike_R","Defend_R","Defend_R","Defend_R","Defend_R","Bash","Shrug It Off","Anger+1","Thunderclap+1","Headbutt","Ghostly Armor","Battle Trance","Flame Barrier+1","Offering+1","Reaper","Cleave+1","Rupture+1","Shrug It Off+1","Power Through+1","Double Tap+1","Disarm+1","Barricade+1","Headbutt+1","Heavy Blade+1","Fiend Fire","Armaments+1","Bloodletting","Metallicize+1","Regret","Parasite","Uppercut","True Grit+1","Feel No Pain"],"relics":["Black Blood","Champion Belt","Bronze Scales","Pantograph","Lantern","StoneCalendar","Cursed Key","Bag of Marbles","Juzu Bracelet","War Paint","Mummified Hand","HandDrill","Regal Pillow","Mercury Hourglass","Bottled Tornado","Prayer Wheel"],"potions_floor_usage":[7,10,23,25,25,33,40,42,42,50],"damage_taken":[{"damage":0,"enemies":"2 Louse","floor":1,"turns":3},{"damage":2,"enemies":"Cultist","floor":2,"turns":4},{"damage":0,"enemies":"Jaw Worm","floor":5,"turns":3},{"damage":12,"enemies":"Gremlin Nob","floor":7,"turns":4},{"damage":6,"enemies":"3 Louse","floor":8,"turns":3},{"damage":2,"enemies":"Exordium Thugs","floor":10,"turns":4},{"damage":4,"enemies":"Blue Slaver","floor":12,"turns":3},{"damage":5,"enemies":"Lagavulin","floor":14,"turns":5},{"damage":6,"enemies":"Hexaghost","floor":16,"turns":7},{"damage":10,"enemies":"Spheric Guardian","floor":18,"turns":4},{"damage":6,"enemies":"2 Thieves","floor":19,"turns":3},{"damage":15,"enemies":"Cultist and Chosen","floor":20,"turns":5},{"damage":30,"enemies":"Shelled Parasite and Fungi","floor":22,"turns":4},{"damage":8,"enemies":"Gremlin Leader","floor":23,"turns":6},{"damage":6,"enemies":"Slavers","floor":25,"turns":4},{"damage":0,"enemies":"3 Cultists","floor":30,"turns":3},{"damage":36,"enemies":"Collector","floor":33,"turns":10},{"damage":6,"enemies":"Orb Walker","floor":35,"turns":3},{"damage":20,"enemies":"3 Shapes","floor":36,"turns":7},{"damage":44,"enemies":"Nemesis","floor":40,"turns":9},{"damage":42,"enemies":"Reptomancer","floor":42,"turns":7},{"damage":26,"enemies":"Writhing Mass","floor":45,"turns":6},{"damage":27,"enemies":"2 Orb Walkers","floor":47,"turns":5},{"damage":9,"enemies":"3 Darklings","floor":48,"turns":4},{"damage":70,"enemies":"Time Eater","floor":50,"turns":8}],"seed_played":"3053437435312267686","potions_obtained":[{"floor":1,"key":"Swift Potion"},{"floor":7,"key":"Poison Potion"},{"floor":8,"key":"Strength Potion"},{"floor":12,"key":"Energy Potion"},{"floor":16,"key":"Regen Potion"},{"floor":23,"key":"SpeedPotion"},{"floor":25,"key":"Regen Potion"},{"floor":30,"key":"Weak Potion"},{"floor":33,"key":"BloodPotion"},{"floor":36,"key":"SteroidPotion"},{"floor":48,"key":"Strength Potion"}],"is_trial":false,"path_per_floor":["M","M","?","?","M","R","E","M","T","M","R","M","?","E","R","B",null,"M","M","M","$","M","E","R","E","T","R","$","?","M","$","R","B",null,"M","M","$","?","$","E","R","E","T","R","M","?","?","M","R","B"],"character_chosen":"IRONCLAD","items_purchased":["Rupture","Bag of Marbles","HandDrill","Bloodletting"],"campfire_rested":1,"item_purchase_floors":[21,21,37,39],"current_hp_per_floor":[78,80,55,55,61,61,55,55,55,59,59,61,61,62,62,80,80,76,76,77,77,53,69,69,69,69,69,69,69,75,75,75,67,77,80,78,78,78,78,60,60,49,49,49,33,70,53,54,70,0],"gold":234,"neow_bonus":"ONE_RARE_RELIC","is_prod":false,"is_daily":false,"chose_seed":false,"campfire_upgraded":8,"win_rate":0,"timestamp":1561221591,"path_taken":["M","M","?","?","M","R","E","M","T","M","R","?","?","E","R","BOSS","M","M","M","$","M","E","R","E","T","R","$","?","M","?","R","BOSS","M","M","$","?","?","E","R","E","T","R","M","?","?","M","R","BOSS"],"build_version":"2019-01-23","purchased_purges":2,"victory":false,"max_hp_per_floor":[80,80,80,80,80,80,80,80,80,80,80,80,80,80,80,80,80,80,80,80,80,80,80,80,80,80,80,80,80,80,80,80,80,80,80,80,80,80,80,80,80,80,80,80,80,70,70,70,70,70],"card_choices":[{"not_picked":["Anger","Sword Boomerang"],"picked":"Shrug It Off","floor":1},{"not_picked":["True Grit","Shrug It Off"],"picked":"Anger","floor":2},{"not_picked":["Shrug It Off","Sword Boomerang"],"picked":"Thunderclap","floor":5},{"not_picked":["Evolve","Fire Breathing"],"picked":"Headbutt","floor":7},{"not_picked":["Infernal Blade","Headbutt"],"picked":"Ghostly Armor","floor":8},{"not_picked":["Body Slam","Havoc"],"picked":"Battle Trance","floor":10},{"not_picked":["Heavy Blade","Pommel Strike"],"picked":"Flame Barrier","floor":12},{"not_picked":["Rupture","Armaments"],"picked":"Offering","floor":14},{"not_picked":["Exhume","Berserk"],"picked":"Reaper","floor":16},{"not_picked":["Warcry","Anger"],"picked":"Cleave+1","floor":18},{"not_picked":["Twin Strike","Clash+1","Iron Wave"],"picked":"SKIP","floor":19},{"not_picked":["Heavy Blade","Wild Strike","Iron Wave"],"picked":"SKIP","floor":20},{"not_picked":["Fire Breathing","Entrench"],"picked":"Shrug It Off+1","floor":22},{"not_picked":["Wild Strike","Sword Boomerang"],"picked":"Power Through","floor":23},{"not_picked":["Flame Barrier","Perfected Strike+1"],"picked":"Double Tap","floor":25},{"not_picked":["Perfected Strike+1","Pommel Strike"],"picked":"Disarm","floor":30},{"not_picked":["Feed","Fiend Fire"],"picked":"Barricade","floor":33},{"not_picked":["Iron Wave","Havoc"],"picked":"Headbutt+1","floor":35},{"not_picked":["Carnage","Flex"],"picked":"Heavy Blade+1","floor":36},{"not_picked":["Twin Strike","Thunderclap","Shrug It Off"],"picked":"SKIP","floor":40},{"not_picked":["Clothesline+1","Whirlwind"],"picked":"Metallicize+1","floor":42},{"not_picked":["Clash","Pommel Strike","Combust+1"],"picked":"SKIP","floor":45},{"not_picked":["Berserk","Flex"],"picked":"Uppercut","floor":47},{"not_picked":["Pommel Strike","Iron Wave+1"],"picked":"True Grit+1","floor":48},{"not_picked":["Searing Blow+1","Sever Soul"],"picked":"Feel No Pain","floor":48}],"player_experience":243350,"relics_obtained":[{"floor":7,"key":"Pantograph"},{"floor":9,"key":"Lantern"},{"floor":14,"key":"StoneCalendar"},{"floor":23,"key":"Juzu Bracelet"},{"floor":25,"key":"War Paint"},{"floor":26,"key":"Mummified Hand"},{"floor":40,"key":"Regal Pillow"},{"floor":42,"key":"Mercury Hourglass"},{"floor":43,"key":"Bottled Tornado"},{"floor":47,"key":"Prayer Wheel"}],"event_choices":[{"damage_healed":0,"gold_gain":0,"player_choice":"Success","damage_taken":25,"relics_obtained":["Bronze Scales"],"max_hp_gain":0,"max_hp_loss":0,"event_name":"Scrap Ooze","floor":3,"gold_loss":0},{"cards_removed":["Strike_R"],"damage_healed":0,"gold_gain":0,"player_choice":"Offered Basic","damage_taken":0,"max_hp_gain":0,"max_hp_loss":0,"event_name":"Bonfire Elementals","floor":4,"gold_loss":0},{"cards_removed":["Strike_R"],"damage_healed":0,"gold_gain":0,"player_choice":"Forget","damage_taken":0,"max_hp_gain":0,"max_hp_loss":0,"event_name":"Living Wall","floor":13,"gold_loss":0},{"damage_healed":0,"gold_gain":100,"player_choice":"Pray","damage_taken":0,"max_hp_gain":0,"max_hp_loss":0,"event_name":"Golden Shrine","floor":29,"gold_loss":0},{"damage_healed":0,"gold_gain":0,"player_choice":"2 cards matched","damage_taken":0,"max_hp_gain":0,"max_hp_loss":0,"event_name":"Match and Keep!","floor":38,"gold_loss":0,"cards_obtained":["Fiend Fire","Armaments"]},{"damage_healed":70,"gold_gain":0,"player_choice":"Heal","damage_taken":0,"max_hp_gain":0,"max_hp_loss":10,"event_name":"The Moai Head","floor":46,"gold_loss":0},{"damage_healed":0,"gold_gain":0,"player_choice":"Fight","damage_taken":0,"max_hp_gain":0,"max_hp_loss":0,"event_name":"Mysterious Sphere","floor":47,"gold_loss":0}],"is_beta":false,"boss_relics":[{"not_picked":["Ectoplasm","Busted Crown"],"picked":"Cursed Key"},{"not_picked":["White Beast Statue","Philosopher\u0027s Stone"],"picked":"Black Blood"}],"items_purged_floors":[28,31],"is_endless":false,"potions_floor_spawned":[1,7,8,12,16,23,25,30,33,36,48],"killed_by":"Time Eater","ascension_level":9}