{"gold_per_floor":[118,118,118,131,53,53,88,88,135,148,182,196,146,167,167,292,355,371,395,495,515,234,234,234],"floor_reached":24,"playtime":815,"items_purged":["Strike_R"],"score":347,"play_id":"258c9b47-3d27-46c9-ad64-c528f9c40e3a","local_time":"20190403235057","is_ascension_mode":true,"campfire_choices":[{"data":"Searing Blow","floor":6,"key":"SMITH"},{"data":"Searing Blow+1","floor":8,"key":"SMITH"},{"data":"Searing Blow+2","floor":15,"key":"SMITH"},{"data":"Armaments","floor":23,"key":"SMITH"}],"neow_cost":"NONE","seed_source_timestamp":450277930348392,"circlet_count":0,"master_deck":["AscendersBane","Strike_R","Strike_R","Strike_R","Defend_R+1","Defend_R+1","Defend_R","Bash","Shrug It Off+1","Sword Boomerang","Searing Blow+3","Armaments+1","Disarm"],"relics":["Burning Blood","NeowsBlessing","Golden Idol","War Paint","Centennial Puzzle","Red Skull","Tiny House","Medical Kit"],"potions_floor_usage":[11,21],"damage_taken":[{"damage":0,"enemies":"2 Louse","floor":1,"turns":1},{"damage":0,"enemies":"Jaw Worm","floor":4,"turns":1},{"damage":0,"enemies":"Lagavulin","floor":7,"turns":1},{"damage":0,"enemies":"Cultist","floor":10,"turns":3},{"damage":7,"enemies":"3 Sentries","floor":11,"turns":7},{"damage":17,"enemies":"Large Slime","floor":12,"turns":5},{"damage":2,"enemies":"Exordium Thugs","floor":14,"turns":5},{"damage":33,"enemies":"Hexaghost","floor":16,"turns":8},{"damage":40,"enemies":"Shell Parasite","floor":18,"turns":7},{"damage":0,"enemies":"Chosen","floor":19,"turns":4},{"damage":9,"enemies":"Centurion and Healer","floor":21,"turns":5},{"damage":46,"enemies":"Book of Stabbing","floor":24,"turns":7}],"seed_played":"-6360209041074225732","potions_obtained":[{"floor":1,"key":"Explosive Potion"},{"floor":14,"key":"SpeedPotion"},{"floor":17,"key":"Explosive Potion"},{"floor":18,"key":"Ancient Potion"},{"floor":19,"key":"Fire Potion"}],"is_trial":false,"path_per_floor":["M","?","?","M","$","R","E","R","T","M","E","M","?","M","R","B",null,"M","M","?","M","$","R","E"],"character_chosen":"IRONCLAD","items_purchased":["Searing Blow","Medical Kit"],"campfire_rested":0,"item_purchase_floors":[5,22],"current_hp_per_floor":[78,58,58,64,64,64,70,70,70,76,75,64,64,68,68,41,75,41,47,47,44,44,44,0],"gold":234,"neow_bonus":"THREE_ENEMY_KILL","is_prod":false,"is_daily":false,"chose_seed":false,"campfire_upgraded":4,"win_rate":0,"timestamp":1554328257,"path_taken":["M","?","?","M","$","R","E","R","T","?","E","M","?","M","R","BOSS","M","M","?","?","$","R","E"],"build_version":"2019-01-23","purchased_purges":1,"victory":false,"max_hp_per_floor":[80,80,80,80,80,80,80,80,80,80,80,80,80,80,80,80,85,85,85,85,85,85,85,85],"card_choices":[{"not_picked":["Dual Wield","Ghostly Armor"],"picked":"Shrug It Off","floor":1},{"not_picked":["Thunderclap","Wild Strike","Sword Boomerang"],"picked":"SKIP","floor":4},{"not_picked":["Thunderclap","Wild Strike"],"picked":"Sword Boomerang","floor":4},{"not_picked":["Dropkick","Brutality","Pummel"],"picked":"SKIP","floor":7},{"not_picked":["Clothesline","Havoc"],"picked":"Armaments","floor":10},{"not_picked":["Uppercut","Burning Pact","Thunderclap"],"picked":"SKIP","floor":11},{"not_picked":["Flex","Reckless Charge","Corruption"],"picked":"SKIP","floor":12},{"not_picked":["Shrug It Off","Flex","Sever Soul"],"picked":"SKIP","floor":14},{"not_picked":["Carnage","Combust","Dual Wield"],"picked":"SKIP","floor":18},{"not_picked":["Burning Pact","Heavy Blade","Perfected Strike"],"picked":"SKIP","floor":19},{"not_picked":["Havoc","Reckless Charge"],"picked":"Disarm","floor":21}],"player_experience":197346,"relics_obtained":[{"floor":7,"key":"War Paint"},{"floor":9,"key":"Centennial Puzzle"},{"floor":11,"key":"Red Skull"}],"event_choices":[{"damage_healed":0,"gold_gain":0,"player_choice":"Take Damage","damage_taken":20,"relics_obtained":["Golden Idol"],"max_hp_gain":0,"max_hp_loss":0,"event_name":"Golden Idol","floor":2,"gold_loss":0},{"cards_removed":["Defend_R"],"damage_healed":0,"gold_gain":0,"player_choice":"Purged","damage_taken":0,"max_hp_gain":0,"max_hp_loss":0,"event_name":"Purifier","floor":3,"gold_loss":0},{"cards_removed":["Strike_R"],"damage_healed":0,"gold_gain":0,"player_choice":"Card Removal","damage_taken":0,"max_hp_gain":0,"max_hp_loss":0,"event_name":"The Cleric","floor":13,"gold_loss":50},{"damage_healed":0,"gold_gain":100,"player_choice":"Pray","damage_taken":0,"max_hp_gain":0,"max_hp_loss":0,"event_name":"Golden Shrine","floor":20,"gold_loss":0}],"is_beta":false,"boss_relics":[{"not_picked":["Astrolabe","White Beast Statue"],"picked":"Tiny House"}],"items_purged_floors":[22],"is_endless":false,"potions_floor_spawned":[1,14,18,19],"killed_by":"Book of Stabbing","ascension_level":10}