{"gold_per_floor":[362,362,378,46,56,81,81,81,81,231,231],"floor_reached":11,"playtime":402,"items_purged":["Strike_R"],"score":142,"play_id":"1793ba51-cbd3-4ce5-b7f4-1b7b21ed2b1f","local_time":"20190610005309","is_ascension_mode":true,"campfire_choices":[{"floor":7,"key":"REST"},{"data":"Havoc","floor":8,"key":"SMITH"}],"neow_cost":"TEN_PERCENT_HP_LOSS","seed_source_timestamp":270976086946500,"circlet_count":0,"master_deck":["AscendersBane","Strike_R","Strike_R","Strike_R","Strike_R","Defend_R","Defend_R","Defend_R","Defend_R","Bash","Havoc+1","Inflame","Thunderclap","Uppercut","Metallicize","Doubt"],"relics":["Burning Blood","WingedGreaves","Medical Kit","Potion Belt","StoneCalendar"],"potions_floor_usage":[6,11],"damage_taken":[{"damage":5,"enemies":"2 Louse","floor":1,"turns":3},{"damage":7,"enemies":"Jaw Worm","floor":3,"turns":5},{"damage":7,"enemies":"Small Slimes","floor":5,"turns":3},{"damage":47,"enemies":"Lagavulin","floor":6,"turns":6},{"damage":47,"enemies":"Gremlin Nob","floor":11,"turns":4}],"seed_played":"-7326120022944562606","potions_obtained":[{"floor":5,"key":"BloodPotion"},{"floor":6,"key":"BloodPotion"}],"is_trial":false,"path_per_floor":["M","?","M","$","M","E","R","R","T","?","E"],"character_chosen":"IRONCLAD","items_purchased":["Medical Kit","Thunderclap"],"campfire_rested":1,"item_purchase_floors":[4,4],"current_hp_per_floor":[68,50,49,49,48,13,33,33,33,33,0],"gold":231,"neow_bonus":"TWO_FIFTY_GOLD","is_prod":false,"is_daily":false,"chose_seed":false,"campfire_upgraded":1,"win_rate":0,"timestamp":1560142389,"path_taken":["M","?","M","$","M","E","R","R","T","?","E"],"build_version":"2019-01-23","purchased_purges":1,"victory":false,"max_hp_per_floor":[68,68,68,68,68,68,68,68,68,68,68],"card_choices":[{"not_picked":["Heavy Blade","Infernal Blade"],"picked":"Havoc","floor":1},{"not_picked":["Havoc","Shockwave"],"picked":"Inflame","floor":3},{"not_picked":["Headbutt","Wild Strike"],"picked":"Uppercut","floor":5},{"not_picked":["Headbutt","Clash"],"picked":"Metallicize","floor":6}],"player_experience":498356,"relics_obtained":[{"floor":6,"key":"Potion Belt"},{"floor":9,"key":"StoneCalendar"}],"event_choices":[{"damage_healed":0,"gold_gain":0,"player_choice":"Success","damage_taken":18,"relics_obtained":["WingedGreaves"],"max_hp_gain":0,"max_hp_loss":0,"event_name":"Scrap Ooze","floor":2,"gold_loss":0},{"damage_healed":0,"gold_gain":150,"player_choice":"AGREE","damage_taken":0,"max_hp_gain":0,"max_hp_loss":0,"event_name":"Liars Game","floor":10,"gold_loss":0,"cards_obtained":["Doubt"]}],"is_beta":false,"boss_relics":[],"items_purged_floors":[4],"is_endless":false,"potions_floor_spawned":[5,6],"killed_by":"Gremlin Nob","ascension_level":20}