{"gold_per_floor":[113,213,224,242,254,254,283,283,283,340,353,353,353,318,318,391,391,406,147,147,157,157,157,157],"floor_reached":24,"playtime":966,"items_purged":["Strike_G"],"score":408,"play_id":"57bfb447-a786-43c1-9790-0a9b83ad8a9e","local_time":"20190626153641","is_ascension_mode":true,"campfire_choices":[{"data":"Bouncing Flask","floor":6,"key":"SMITH"},{"data":"Caltrops","floor":8,"key":"SMITH"},{"data":"Leg Sweep","floor":12,"key":"SMITH"},{"data":"Neutralize","floor":15,"key":"SMITH"},{"floor":23,"key":"REST"}],"neow_cost":"NONE","seed_source_timestamp":85771848793160,"circlet_count":0,"master_deck":["AscendersBane","Defend_G","Defend_G","Defend_G","Defend_G","Defend_G","Strike_G","Strike_G","Strike_G","Strike_G","Survivor","Neutralize+1","Bouncing Flask+1","Bane","Well Laid Plans","Caltrops+1","Leg Sweep+1","Escape Plan","Chrysalis","Bane"],"relics":["Ring of the Snake","Orichalcum","Ornamental Fan","Tiny Chest","Matryoshka","Sozu","Nloth\u0027s Gift"],"potions_floor_usage":[10,11],"damage_taken":[{"damage":0,"enemies":"2 Louse","floor":1,"turns":3},{"damage":0,"enemies":"Cultist","floor":3,"turns":3},{"damage":1,"enemies":"Jaw Worm","floor":4,"turns":4},{"damage":5,"enemies":"Looter","floor":5,"turns":3},{"damage":17,"enemies":"3 Sentries","floor":7,"turns":9},{"damage":17,"enemies":"Gremlin Nob","floor":10,"turns":4},{"damage":7,"enemies":"Exordium Wildlife","floor":11,"turns":5},{"damage":18,"enemies":"Hexaghost","floor":16,"turns":9},{"damage":1,"enemies":"Spheric Guardian","floor":18,"turns":4},{"damage":10,"enemies":"Shell Parasite","floor":21,"turns":4},{"damage":54,"enemies":"Gremlin Leader","floor":24,"turns":7}],"seed_played":"307244219648347064","potions_obtained":[{"floor":4,"key":"SteroidPotion"},{"floor":7,"key":"Block Potion"},{"floor":11,"key":"Ancient Potion"},{"floor":16,"key":"Weak Potion"}],"is_trial":false,"path_per_floor":["M","?","M","M","M","R","E","R","T","E","M","R","T","?","R","B",null,"M","$","?","M","?","R","E"],"character_chosen":"THE_SILENT","items_purchased":["Chrysalis"],"campfire_rested":1,"item_purchase_floors":[19],"current_hp_per_floor":[59,59,59,58,53,53,36,36,36,19,12,12,12,28,28,10,52,51,51,33,23,23,44,0],"gold":157,"neow_bonus":"RANDOM_COMMON_RELIC","is_prod":false,"is_daily":false,"chose_seed":false,"campfire_upgraded":4,"win_rate":0,"timestamp":1561556201,"path_taken":["M","?","M","?","M","R","E","R","T","E","M","R","?","?","R","BOSS","M","$","?","M","?","R","E"],"build_version":"2019-01-23","purchased_purges":1,"victory":false,"max_hp_per_floor":[66,66,66,66,66,66,66,66,66,66,66,66,66,66,66,66,66,66,66,71,71,71,71,71],"card_choices":[{"not_picked":["Slice","Backstab"],"picked":"Bouncing Flask","floor":1},{"not_picked":["Underhanded Strike","Deflect","Terror"],"picked":"SKIP","floor":3},{"not_picked":["Skewer","Sucker Punch"],"picked":"Bane","floor":4},{"not_picked":["Grand Finale","Distraction"],"picked":"Well Laid Plans","floor":5},{"not_picked":["Setup","Deflect"],"picked":"Caltrops","floor":7},{"not_picked":["Riddle With Holes","Dash","Finisher"],"picked":"SKIP","floor":10},{"not_picked":["Slice","Accuracy"],"picked":"Leg Sweep","floor":11},{"not_picked":["Dagger Spray","Blade Dance"],"picked":"Escape Plan","floor":18},{"not_picked":["Expertise","Cloak And Dagger"],"picked":"Bane","floor":21}],"player_experience":665177,"relics_obtained":[{"floor":7,"key":"Bottled Tornado"},{"floor":9,"key":"Ornamental Fan"},{"floor":10,"key":"Tiny Chest"},{"floor":13,"key":"Matryoshka"}],"event_choices":[{"damage_healed":0,"gold_gain":100,"player_choice":"Gold","damage_taken":0,"max_hp_gain":0,"max_hp_loss":0,"event_name":"Wheel of Change","floor":2,"gold_loss":0},{"damage_healed":16,"gold_gain":0,"player_choice":"Healed","damage_taken":0,"max_hp_gain":0,"max_hp_loss":0,"event_name":"The Cleric","floor":14,"gold_loss":35},{"damage_healed":0,"gold_gain":0,"player_choice":"Shed Blood","damage_taken":23,"max_hp_gain":5,"max_hp_loss":0,"event_name":"Forgotten Altar","floor":20,"gold_loss":0},{"damage_healed":0,"gold_gain":0,"player_choice":"Traded Relic","damage_taken":0,"relics_obtained":["Nloth\u0027s Gift"],"max_hp_gain":0,"max_hp_loss":0,"event_name":"N\u0027loth","floor":22,"relics_lost":["Bottled Tornado"],"gold_loss":0}],"is_beta":false,"boss_relics":[{"not_picked":["Coffee Dripper","Eternal Feather"],"picked":"Sozu"}],"items_purged_floors":[19],"is_endless":false,"potions_floor_spawned":[4,7,11,16],"killed_by":"Gremlin Leader","ascension_level":20}