{"gold_per_floor":[111,36,51,1,20,47,7,7,85,85,10,20,20,20],"floor_reached":14,"playtime":659,"items_purged":["Strike_B"],"score":176,"play_id":"58954243-8a32-4368-89b2-2efd9589ce02","local_time":"20190627220713","is_ascension_mode":true,"campfire_choices":[{"data":"Sweeping Beam","floor":8.0,"key":"SMITH"},{"data":"Zap","floor":10.0,"key":"SMITH"},{"data":"Static Discharge","floor":13.0,"key":"SMITH"}],"neow_cost":"NONE","seed_source_timestamp":15131011711465,"circlet_count":0,"master_deck":["AscendersBane","Defend_B","Defend_B","Defend_B","Defend_B","Zap+1","Dualcast","Cold Snap","Static Discharge+1","Sweeping Beam+1","Coolheaded","Capacitor"],"special_seed":0,"relics":["Empty Cage","Regal Pillow","Bottled Flame","Meat on the Bone"],"potions_floor_usage":[14],"damage_taken":[{"damage":8.0,"enemies":"Small Slimes","floor":1.0,"turns":4.0},{"damage":7.0,"enemies":"2 Louse","floor":3.0,"turns":3.0},{"damage":1.0,"enemies":"Cultist","floor":5.0,"turns":5.0},{"damage":16.0,"enemies":"3 Sentries","floor":6.0,"turns":7.0},{"damage":1.0,"enemies":"Looter","floor":7.0,"turns":4.0},{"damage":10.0,"enemies":"Lots of Slimes","floor":12.0,"turns":3.0},{"damage":68,"enemies":"Gremlin Nob","floor":14,"turns":4}],"seed_played":"2533839073076710603","potions_obtained":[{"floor":1.0,"key":"Dexterity Potion"},{"floor":5.0,"key":"GamblersBrew"},{"floor":12.0,"key":"Energy Potion"}],"is_trial":false,"path_per_floor":["M","?","M","?","M","E","M","R","T","R","$","M","R","E"],"character_chosen":"DEFECT","items_purchased":[],"campfire_rested":0,"item_purchase_floors":[],"current_hp_per_floor":[56,56,49,49,48,32,31,31,31,31,31,33,33,0],"gold":20,"neow_bonus":"BOSS_RELIC","is_prod":false,"is_daily":false,"chose_seed":false,"campfire_upgraded":3,"win_rate":0,"timestamp":1561698433,"path_taken":["M","?","M","?","M","E","?","R","T","R","$","M","R","E"],"build_version":"2019-06-24","purchased_purges":1,"victory":false,"max_hp_per_floor":[71,71,71,71,71,71,71,71,71,71,71,71,71,71],"card_choices":[{"not_picked":["Lockon","Compile Driver"],"picked":"Cold Snap","floor":1.0},{"not_picked":["Redo","Beam Cell"],"picked":"Static Discharge","floor":3.0},{"not_picked":["Turbo","Recycle"],"picked":"Sweeping Beam","floor":5.0},{"not_picked":["Aggregate","Rebound"],"picked":"Coolheaded","floor":6.0},{"not_picked":["Beam Cell","Redo","Steam Power"],"picked":"SKIP","floor":7.0},{"not_picked":["Scrape","Recycle"],"picked":"Capacitor","floor":12.0}],"player_experience":1697350,"relics_obtained":[{"floor":6.0,"key":"Bottled Flame"},{"floor":9.0,"key":"Meat on the Bone"}],"event_choices":[{"cards_removed":["Strike_B"],"damage_healed":0.0,"max_hp_gain":0.0,"max_hp_loss":0.0,"gold_gain":0.0,"event_name":"The Cleric","player_choice":"Card Removal","floor":2.0,"gold_loss":75.0,"damage_taken":0.0},{"damage_healed":0.0,"max_hp_gain":0.0,"max_hp_loss":0.0,"gold_gain":0.0,"event_name":"WeMeetAgain","player_choice":"Paid Gold","floor":4.0,"gold_loss":50.0,"damage_taken":0.0,"relics_obtained":["Regal Pillow"]}],"is_beta":true,"boss_relics":[],"items_purged_floors":[11],"is_endless":false,"potions_floor_spawned":[1,5,12],"killed_by":"Gremlin Nob","ascension_level":20}