{"gold_per_floor":[114,189,206,206,54,54,387,387,387,387,415,433,450,464,464,542,542,553,553,566,456,473,473],"floor_reached":23,"playtime":804,"items_purged":["Strike_G"],"score":477,"play_id":"2ab48521-b8ca-4402-a9a0-ef5b0f4145a5","local_time":"20190623160602","is_ascension_mode":true,"campfire_choices":[{"data":"Noxious Fumes","floor":6.0,"key":"SMITH"},{"data":"Footwork","floor":8.0,"key":"SMITH"},{"data":"Neutralize","floor":10.0,"key":"SMITH"},{"data":"Noxious Fumes","floor":15.0,"key":"SMITH"}],"neow_cost":"NONE","seed_source_timestamp":104868359440798,"circlet_count":0,"master_deck":["AscendersBane","Defend_G","Defend_G","Defend_G","Defend_G","Defend_G","Survivor","Neutralize+1","Quick Slash","Footwork+1","Noxious Fumes+1","Deflect","Noxious Fumes+1","Deflect","Burst","Bite+1","Bite","Bite","Bite"],"special_seed":0,"relics":["Ring of the Serpent","NeowsBlessing","Old Coin","Centennial Puzzle"],"potions_floor_usage":[],"damage_taken":[{"damage":0.0,"enemies":"Jaw Worm","floor":1.0,"turns":1.0},{"damage":0.0,"enemies":"2 Louse","floor":3.0,"turns":1.0},{"damage":0.0,"enemies":"Gremlin Nob","floor":7.0,"turns":1.0},{"damage":18.0,"enemies":"3 Sentries","floor":11.0,"turns":8.0},{"damage":0.0,"enemies":"Cultist","floor":12.0,"turns":5.0},{"damage":0.0,"enemies":"Exordium Wildlife","floor":13.0,"turns":3.0},{"damage":5.0,"enemies":"Lots of Slimes","floor":14.0,"turns":4.0},{"damage":11.0,"enemies":"The Guardian","floor":16.0,"turns":10.0},{"damage":4.0,"enemies":"Chosen","floor":18.0,"turns":7.0},{"damage":23.0,"enemies":"3 Byrds","floor":20.0,"turns":3.0},{"damage":16.0,"enemies":"Sentry and Sphere","floor":22.0,"turns":7.0},{"damage":41,"enemies":"Slavers","floor":23,"turns":3}],"seed_played":"-5868426377775392053","potions_obtained":[{"floor":7.0,"key":"LiquidBronze"},{"floor":14.0,"key":"Block Potion"},{"floor":16.0,"key":"Energy Potion"}],"is_trial":false,"path_per_floor":["M","?","M","?","$","R","E","R","T","R","E","M","M","M","R","B",null,"M","?","M","?","M","E"],"character_chosen":"THE_SILENT","items_purchased":["Noxious Fumes"],"campfire_rested":0,"item_purchase_floors":[5],"current_hp_per_floor":[59,48,48,30,30,30,32,32,32,32,16,18,20,17,17,8,52,50,50,35,35,33,0],"gold":473,"neow_bonus":"THREE_ENEMY_KILL","is_prod":false,"is_daily":false,"chose_seed":false,"campfire_upgraded":4,"win_rate":0,"timestamp":1561298762,"path_taken":["M","?","M","?","$","R","E","R","T","R","E","M","M","M","R","BOSS","M","?","M","?","?","E"],"build_version":"2019-01-23","purchased_purges":1,"victory":false,"max_hp_per_floor":[66,66,66,66,66,66,66,66,66,66,66,66,66,66,66,66,66,66,66,66,66,66,66],"card_choices":[{"not_picked":["Sucker Punch","Backflip"],"picked":"Quick Slash","floor":1.0},{"not_picked":["Blade Dance","Cloak And Dagger"],"picked":"Footwork","floor":3.0},{"not_picked":["Finisher","Choke","Predator"],"picked":"SKIP","floor":7.0},{"not_picked":["Sucker Punch","Bullet Time"],"picked":"Deflect","floor":11.0},{"not_picked":["Well Laid Plans","Outmaneuver"],"picked":"Noxious Fumes","floor":12.0},{"not_picked":["Backstab","Underhanded Strike"],"picked":"Deflect","floor":13.0},{"not_picked":["Masterful Stab","Terror","Underhanded Strike"],"picked":"SKIP","floor":14.0},{"not_picked":["Bullet Time","Glass Knife"],"picked":"Burst","floor":16.0},{"not_picked":["Heel Hook","Eviscerate","Deadly Poison"],"picked":"SKIP","floor":18.0},{"not_picked":["Outmaneuver","Predator","Eviscerate"],"picked":"SKIP","floor":20.0},{"not_picked":["Calculated Gamble","Acrobatics","Outmaneuver"],"picked":"SKIP","floor":22.0}],"player_experience":652627,"relics_obtained":[{"floor":7.0,"key":"Old Coin"},{"floor":11.0,"key":"Centennial Puzzle"}],"event_choices":[{"damage_healed":0.0,"max_hp_gain":0.0,"max_hp_loss":0.0,"gold_gain":75.0,"event_name":"World of Goop","player_choice":"Gather Gold","floor":2.0,"gold_loss":0.0,"damage_taken":11.0},{"damage_healed":0.0,"max_hp_gain":0.0,"max_hp_loss":0.0,"gold_gain":0.0,"event_name":"Scrap Ooze","player_choice":"Success","floor":4.0,"gold_loss":0.0,"damage_taken":18.0,"relics_obtained":["Blood Vial"]},{"damage_healed":0.0,"max_hp_gain":0.0,"max_hp_loss":0.0,"gold_gain":0.0,"event_name":"Vampires","player_choice":"Became a vampire (Vial)","floor":19.0,"relics_lost":["Blood Vial"],"gold_loss":0.0,"damage_taken":0.0,"cards_obtained":["Bite","Bite","Bite","Bite","Bite"]},{"cards_removed":["Bite"],"damage_healed":0.0,"max_hp_gain":0.0,"max_hp_loss":0.0,"gold_gain":0.0,"event_name":"Designer","player_choice":"Upgrade and Remove","floor":21.0,"gold_loss":110.0,"damage_taken":0.0,"cards_upgraded":["Bite"]}],"is_beta":false,"boss_relics":[{"not_picked":["Snecko Eye","Black Star"],"picked":"Ring of the Serpent"}],"items_purged_floors":[5],"is_endless":false,"potions_floor_spawned":[7,14,16,18],"killed_by":"Slavers","ascension_level":20}