{"gold_per_floor":[117,136,136,152,3,3,37,50,121,145,145,165,183,204,204,334,334,354,354,368,638,327,327,343,343,343,382,382,415,265,280,280,280],"floor_reached":33,"playtime":2079,"items_purged":["Injury"],"score":318,"play_id":"645728c0-06b8-477d-9584-e5c765f14d7d","local_time":"20190414050048","is_ascension_mode":true,"campfire_choices":[{"data":"Heavy Blade","floor":6,"key":"SMITH"},{"data":"Uppercut","floor":15,"key":"SMITH"},{"floor":23,"key":"REST"},{"floor":25,"key":"REST"},{"data":"Limit Break","floor":28,"key":"SMITH"},{"floor":32,"key":"REST"}],"neow_cost":"NONE","seed_source_timestamp":91785710579600,"circlet_count":0,"master_deck":["Bash","Headbutt","True Grit","Spot Weakness","Heavy Blade+1","Havoc","Disarm","Twin Strike","Limit Break+1","Headbutt","Disarm","Uppercut+1","Pummel","True Grit","Shrug It Off","Cleave","Feed","Spot Weakness","Clothesline","Seeing Red","Disarm","Iron Wave","Second Wind","Sword Boomerang","Clothesline","Shrug It Off","Warcry+1","Enlightenment","Metallicize","Shockwave+1","Dropkick","Bandage Up"],"relics":["Burning Blood","Orichalcum","Golden Idol","Prayer Wheel","Self Forming Clay","Pandora\u0027s Box","PreservedInsect","Frozen Egg 2","Regal Pillow","Bird Faced Urn"],"potions_floor_usage":[12,20,24,24,31],"damage_taken":[{"damage":3,"enemies":"Jaw Worm","floor":1,"turns":4},{"damage":2,"enemies":"2 Louse","floor":2,"turns":3},{"damage":0,"enemies":"Cultist","floor":4,"turns":4},{"damage":19,"enemies":"Lagavulin","floor":7,"turns":6},{"damage":4,"enemies":"Large Slime","floor":8,"turns":5},{"damage":4,"enemies":"Blue Slaver","floor":10,"turns":4},{"damage":4,"enemies":"Red Slaver","floor":12,"turns":2},{"damage":0,"enemies":"Large Slime","floor":13,"turns":5},{"damage":8,"enemies":"Exordium Thugs","floor":14,"turns":4},{"damage":36,"enemies":"Slime Boss","floor":16,"turns":9},{"damage":5,"enemies":"Chosen","floor":18,"turns":7},{"damage":21,"enemies":"Spheric Guardian","floor":20,"turns":6},{"damage":12,"enemies":"Snake Plant","floor":24,"turns":3},{"damage":9,"enemies":"Book of Stabbing","floor":27,"turns":6},{"damage":12,"enemies":"Gremlin Leader","floor":29,"turns":6},{"damage":30,"enemies":"Cultist and Chosen","floor":31,"turns":7},{"damage":86,"enemies":"Collector","floor":33,"turns":10}],"seed_played":"-8734500305631632994","potions_obtained":[{"floor":2,"key":"Weak Potion"},{"floor":4,"key":"EssenceOfSteel"},{"floor":8,"key":"Strength Potion"},{"floor":13,"key":"LiquidBronze"},{"floor":16,"key":"Energy Potion"},{"floor":20,"key":"GamblersBrew"},{"floor":27,"key":"SmokeBomb"}],"is_trial":false,"path_per_floor":["M","M","?","M","$","R","E","M","T","M","?","M","M","M","R","B",null,"M","?","M","?","$","R","M","R","T","E","R","E","$","M","R","B"],"character_chosen":"IRONCLAD","items_purchased":["Heavy Blade","Havoc","PreservedInsect","Enlightenment","Metallicize","Dropkick","Bandage Up"],"campfire_rested":3,"item_purchase_floors":[5,5,22,22,22,30,30],"current_hp_per_floor":[80,80,80,80,80,80,67,69,69,71,71,73,79,77,77,47,80,80,80,65,33,33,57,51,75,75,72,72,66,66,48,80,0],"gold":280,"neow_bonus":"RANDOM_COMMON_RELIC","is_prod":false,"is_daily":false,"chose_seed":false,"campfire_upgraded":3,"win_rate":0,"timestamp":1555243248,"path_taken":["M","M","?","M","$","R","E","M","T","M","?","M","?","M","R","BOSS","M","?","M","?","$","R","M","R","T","E","R","E","$","?","R","BOSS"],"build_version":"2019-01-23","purchased_purges":1,"victory":false,"max_hp_per_floor":[80,80,80,80,80,80,80,80,80,80,80,80,80,80,80,80,80,80,80,80,80,80,80,80,80,80,80,80,80,80,80,80,80],"card_choices":[{"not_picked":["True Grit","Blood for Blood"],"picked":"Headbutt","floor":1},{"not_picked":["Headbutt","Body Slam"],"picked":"True Grit","floor":2},{"not_picked":["Twin Strike","Reckless Charge"],"picked":"Spot Weakness","floor":4},{"not_picked":["Anger","Entrench"],"picked":"Disarm","floor":7},{"not_picked":["Pommel Strike","Seeing Red"],"picked":"Twin Strike","floor":8},{"not_picked":["Cleave","Blood for Blood"],"picked":"Limit Break","floor":8},{"not_picked":["Armaments","Anger"],"picked":"Headbutt","floor":10},{"not_picked":["Combust","Clash","Disarm"],"picked":"SKIP","floor":10},{"not_picked":["Combust","Clash"],"picked":"Disarm","floor":10},{"not_picked":["Wild Strike","Clash"],"picked":"Uppercut","floor":12},{"not_picked":["Corruption","Headbutt"],"picked":"Pummel","floor":12},{"not_picked":["Wild Strike","Body Slam"],"picked":"True Grit","floor":13},{"not_picked":["Corruption","Iron Wave"],"picked":"Shrug It Off","floor":13},{"not_picked":["Pummel","Seeing Red"],"picked":"Cleave","floor":14},{"not_picked":["Disarm","Sword Boomerang","Corruption"],"picked":"SKIP","floor":14},{"not_picked":["Fiend Fire","Brutality"],"picked":"Feed","floor":16},{"not_picked":["Clothesline","Cleave+1"],"picked":"Shrug It Off","floor":18},{"not_picked":["Exhume","Perfected Strike","Wild Strike+1"],"picked":"SKIP","floor":18},{"not_picked":["Bloodletting","Clothesline"],"picked":"Warcry+1","floor":20},{"not_picked":["Wild Strike","Heavy Blade","Thunderclap+1"],"picked":"SKIP","floor":20},{"not_picked":["Iron Wave","Bloodletting+1","Sword Boomerang+1"],"picked":"SKIP","floor":24},{"not_picked":["Second Wind","Thunderclap","Searing Blow"],"picked":"SKIP","floor":24},{"not_picked":["Warcry","Anger"],"picked":"Shockwave+1","floor":27},{"not_picked":["Clash+1","Burning Pact","Demon Form+1"],"picked":"SKIP","floor":29},{"not_picked":["Pommel Strike","Clash","Twin Strike"],"picked":"SKIP","floor":31},{"not_picked":["Warcry","Immolate","Pommel Strike"],"picked":"SKIP","floor":31}],"player_experience":215225,"relics_obtained":[{"floor":7,"key":"Prayer Wheel"},{"floor":9,"key":"Self Forming Clay"},{"floor":26,"key":"Frozen Egg 2"},{"floor":27,"key":"Regal Pillow"},{"floor":29,"key":"Bird Faced Urn"}],"event_choices":[{"damage_healed":0,"gold_gain":0,"player_choice":"Take Wound","damage_taken":0,"relics_obtained":["Golden Idol"],"max_hp_gain":0,"max_hp_loss":0,"event_name":"Golden Idol","floor":3,"gold_loss":0,"cards_obtained":["Injury"]},{"cards_removed":["Strike_R"],"damage_healed":0,"gold_gain":0,"player_choice":"Offered Basic","damage_taken":0,"max_hp_gain":0,"max_hp_loss":0,"event_name":"Bonfire Elementals","floor":11,"gold_loss":0},{"damage_healed":0,"gold_gain":0,"player_choice":"Ignored","damage_taken":0,"max_hp_gain":0,"max_hp_loss":0,"event_name":"Beggar","floor":19,"gold_loss":0},{"damage_healed":0,"gold_gain":270,"player_choice":"GOLD GOLD GOLD ","damage_taken":32,"max_hp_gain":0,"max_hp_loss":0,"event_name":"Knowing Skull","floor":21,"potions_obtained":[],"gold_loss":0,"cards_obtained":[]}],"is_beta":false,"boss_relics":[{"not_picked":["Runic Cube","White Beast Statue"],"picked":"Pandora\u0027s Box"}],"items_purged_floors":[5],"is_endless":false,"potions_floor_spawned":[2,4,8,13,16,18,20,27],"killed_by":"Collector","ascension_level":2}