{"gold_per_floor":[118,118,138,103,103,147,193,37,37,37,73,87,127,127,127,250,250,271,292,211,229,279,279,300,339,362,383,383],"floor_reached":28,"playtime":1894,"items_purged":[],"score":281,"play_id":"138e13c8-d37e-44a3-8eee-9f70efb7169f","local_time":"20190630154655","daily_mods":["Draft"],"is_ascension_mode":false,"campfire_choices":[{"data":"Blade Dance","floor":10,"key":"SMITH"},{"floor":15,"key":"REST"},{"floor":23,"key":"REST"}],"neow_cost":"","seed_source_timestamp":0,"circlet_count":0,"master_deck":["Outmaneuver","Bane","Poisoned Stab","Deadly Poison","Quick Slash","Dagger Spray","Crippling Poison","Distraction","Dagger Throw","Blade Dance","Blade Dance+1","Bane","Acrobatics","Infinite Blades+1","Bane","Sucker Punch","Dodge and Roll","Deadly Poison","Dodge and Roll","Burst","Deadly Poison","Adrenaline","Finisher","Accuracy","Infinite Blades","Endless Agony+1","Catalyst"],"relics":["Ring of the Snake","Golden Idol","Regal Pillow","Orichalcum","Snake Skull","Pear","Sundial","Paper Crane","Singing Bowl","Black Star","Bottled Flame","Mercury Hourglass","Lantern"],"potions_floor_usage":[13,13,16,28],"damage_taken":[{"damage":0,"enemies":"Cultist","floor":1,"turns":2},{"damage":11,"enemies":"Jaw Worm","floor":3,"turns":2},{"damage":4,"enemies":"Gremlin Nob","floor":6,"turns":3},{"damage":24,"enemies":"Lagavulin","floor":11,"turns":4},{"damage":3,"enemies":"2 Louse","floor":12,"turns":2},{"damage":0,"enemies":"3 Sentries","floor":13,"turns":4},{"damage":6,"enemies":"Hexaghost","floor":16,"turns":6},{"damage":4,"enemies":"Chosen","floor":18,"turns":3},{"damage":25,"enemies":"3 Byrds","floor":19,"turns":4},{"damage":20,"enemies":"Sentry and Sphere","floor":21,"turns":5},{"damage":32,"enemies":"Centurion and Healer","floor":24,"turns":5},{"damage":33,"enemies":"Book of Stabbing","floor":25,"turns":4},{"damage":3,"enemies":"Snecko","floor":27,"turns":4},{"damage":16,"enemies":"Shelled Parasite and Fungi","floor":28,"turns":2}],"seed_played":"-7055635654727947893","potions_obtained":[{"floor":11,"key":"PowerPotion"},{"floor":12,"key":"SkillPotion"},{"floor":13,"key":"GhostInAJar"},{"floor":19,"key":"Strength Potion"},{"floor":27,"key":"Regen Potion"}],"is_trial":true,"path_per_floor":["M","?","M","?","?","E","T","$","T","R","E","M","E","T","R","B",null,"M","M","$","M","?","R","M","E","T","M","M"],"character_chosen":"THE_SILENT","items_purchased":["Snake Skull","Infinite Blades"],"campfire_rested":2,"item_purchase_floors":[8,20],"current_hp_per_floor":[70,53,42,59,59,55,55,55,65,65,41,38,38,38,77,71,80,76,51,51,33,33,72,42,9,9,6,0],"gold":383,"neow_bonus":"","is_prod":false,"is_daily":false,"chose_seed":false,"campfire_upgraded":1,"win_rate":0.0,"timestamp":1561931215,"path_taken":["M","?","M","?","?","E","?","$","T","R","E","M","E","?","R","BOSS","M","?","$","?","?","R","M","E","T","M","?"],"build_version":"2019-01-23","purchased_purges":0,"victory":false,"max_hp_per_floor":[70,70,70,70,70,70,70,70,80,80,80,80,80,80,80,80,80,80,80,80,82,82,82,84,84,84,84,84],"card_choices":[{"not_picked":["Flying Knee","Dodge and Roll"],"picked":"Outmaneuver","floor":0},{"not_picked":["Reflex","Outmaneuver"],"picked":"Bane","floor":0},{"not_picked":["Dagger Throw","Quick Slash"],"picked":"Poisoned Stab","floor":0},{"not_picked":["Tactician","Poisoned Stab"],"picked":"Deadly Poison","floor":0},{"not_picked":["Concentrate","Sucker Punch"],"picked":"Quick Slash","floor":0},{"not_picked":["Backflip","Flying Knee"],"picked":"Dagger Spray","floor":0},{"not_picked":["Outmaneuver","Dodge and Roll"],"picked":"Crippling Poison","floor":0},{"not_picked":["Blade Dance","Deflect"],"picked":"Distraction","floor":0},{"not_picked":["Blade Dance","Sucker Punch"],"picked":"Dagger Throw","floor":0},{"not_picked":["Slice","Leg Sweep"],"picked":"Blade Dance","floor":0},{"not_picked":["Slice","Dagger Spray"],"picked":"Blade Dance","floor":0},{"not_picked":["Distraction","Backstab"],"picked":"Bane","floor":0},{"not_picked":["Quick Slash","Leg Sweep"],"picked":"Acrobatics","floor":0},{"not_picked":["Poisoned Stab","Cloak And Dagger"],"picked":"Infinite Blades","floor":0},{"not_picked":["Cloak And Dagger","Underhanded Strike"],"picked":"Bane","floor":0},{"not_picked":["Dodge and Roll","Heel Hook"],"picked":"Sucker Punch","floor":1},{"not_picked":["Poisoned Stab","Blur"],"picked":"Dodge and Roll","floor":3},{"not_picked":["Concentrate","Leg Sweep"],"picked":"Deadly Poison","floor":6},{"not_picked":["Deadly Poison","Riddle With Holes"],"picked":"Dodge and Roll","floor":11},{"not_picked":["Dodge and Roll","Footwork"],"picked":"Burst","floor":12},{"not_picked":["Escape Plan","Dagger Spray"],"picked":"Deadly Poison","floor":13},{"not_picked":["Storm of Steel","Glass Knife"],"picked":"Adrenaline","floor":16},{"not_picked":["Outmaneuver","Reflex"],"picked":"Finisher","floor":18},{"not_picked":["Skewer","Dagger Spray"],"picked":"Accuracy","floor":19},{"not_picked":["Backflip","Reflex","Flying Knee"],"picked":"Singing Bowl","floor":21},{"not_picked":["Well Laid Plans","Distraction","Riddle With Holes"],"picked":"Singing Bowl","floor":24},{"not_picked":["Backflip","Dash"],"picked":"Endless Agony+1","floor":25},{"not_picked":["Slice","Prepared+1"],"picked":"Catalyst","floor":27}],"player_experience":30183,"relics_obtained":[{"floor":6,"key":"Regal Pillow"},{"floor":7,"key":"Orichalcum"},{"floor":9,"key":"Pear"},{"floor":11,"key":"Sundial"},{"floor":13,"key":"Paper Crane"},{"floor":14,"key":"Singing Bowl"},{"floor":25,"key":"Bottled Flame"},{"floor":25,"key":"Mercury Hourglass"},{"floor":26,"key":"Lantern"}],"event_choices":[{"damage_healed":0,"gold_gain":0,"player_choice":"Take Damage","damage_taken":17,"relics_obtained":["Golden Idol"],"max_hp_gain":0,"max_hp_loss":0,"event_name":"Golden Idol","floor":2,"gold_loss":0},{"damage_healed":17,"gold_gain":0,"player_choice":"Healed","damage_taken":0,"max_hp_gain":0,"max_hp_loss":0,"event_name":"The Cleric","floor":4,"gold_loss":35},{"damage_healed":0,"gold_gain":0,"player_choice":"Grow","damage_taken":0,"max_hp_gain":0,"max_hp_loss":0,"event_name":"Living Wall","floor":5,"gold_loss":0,"cards_upgraded":["Infinite Blades"]},{"damage_healed":0,"gold_gain":100,"player_choice":"Bet on Murderer","damage_taken":0,"max_hp_gain":0,"max_hp_loss":0,"event_name":"The Joust","floor":22,"gold_loss":50}],"is_beta":false,"boss_relics":[{"not_picked":["Coffee Dripper","Snecko Eye"],"picked":"Black Star"}],"items_purged_floors":[],"is_endless":false,"potions_floor_spawned":[11,12,13,19,27],"killed_by":"Shelled Parasite and Fungi","ascension_level":0}