{"gold_per_floor":[117,133,58,58,71,71,99,99,124,124,134,144,179,193,193,272,272,290,50,64,77,91,91],"floor_reached":23,"playtime":1247,"items_purged":["Regret"],"score":510,"play_id":"6038d68c-5cbf-4f2f-b095-5248147ab02f","local_time":"20190622171808","is_ascension_mode":true,"campfire_choices":[{"data":"Barricade","floor":6,"key":"SMITH"},{"data":"Perfected Strike","floor":8,"key":"SMITH"},{"data":"Bash","floor":10,"key":"SMITH"},{"data":"Feel No Pain","floor":15,"key":"SMITH"}],"neow_cost":"TEN_PERCENT_HP_LOSS","seed_source_timestamp":22397709331639,"circlet_count":0,"master_deck":["AscendersBane","Strike_R","Strike_R","Strike_R","Defend_R","Defend_R","Defend_R","Defend_R","Bash+1","Barricade+1","Feel No Pain+1","Shrug It Off","Seeing Red","Twin Strike","Perfected Strike+1","Inflame","Clothesline","Corruption","Exhume","Writhe","Writhe","True Grit","Disarm","Havoc"],"relics":["Burning Blood","PreservedInsect","Pen Nib","Dead Branch","Calling Bell","Gambling Chip","Dream Catcher","Meat on the Bone","Centennial Puzzle"],"potions_floor_usage":[7,18,23,23],"damage_taken":[{"damage":9,"enemies":"Jaw Worm","floor":1,"turns":5},{"damage":6,"enemies":"Cultist","floor":2,"turns":3},{"damage":0,"enemies":"2 Louse","floor":5,"turns":4},{"damage":15,"enemies":"3 Sentries","floor":7,"turns":19},{"damage":16,"enemies":"Gremlin Gang","floor":11,"turns":6},{"damage":5,"enemies":"Exordium Wildlife","floor":12,"turns":2},{"damage":17,"enemies":"Lagavulin","floor":13,"turns":7},{"damage":0,"enemies":"Blue Slaver","floor":14,"turns":2},{"damage":6,"enemies":"The Guardian","floor":16,"turns":5},{"damage":14,"enemies":"Spheric Guardian","floor":18,"turns":4},{"damage":0,"enemies":"Chosen","floor":20,"turns":6},{"damage":6,"enemies":"Snecko","floor":21,"turns":4},{"damage":13,"enemies":"Centurion and Healer","floor":22,"turns":6},{"damage":69,"enemies":"Slavers","floor":23,"turns":4}],"seed_played":"7806337926233372502","potions_obtained":[{"floor":1,"key":"Strength Potion"},{"floor":2,"key":"SteroidPotion"},{"floor":11,"key":"Dexterity Potion"},{"floor":16,"key":"BloodPotion"},{"floor":22,"key":"SpeedPotion"}],"is_trial":false,"path_per_floor":["M","M","?","?","M","R","E","R","T","R","M","M","E","M","R","B",null,"M","$","M","M","M","E"],"character_chosen":"IRONCLAD","items_purchased":["Centennial Puzzle"],"campfire_rested":0,"item_purchase_floors":[19],"current_hp_per_floor":[65,65,65,65,68,68,59,59,59,59,49,50,39,45,45,45,62,60,60,66,66,59,0],"gold":91,"neow_bonus":"THREE_RARE_CARDS","is_prod":false,"is_daily":false,"chose_seed":false,"campfire_upgraded":4,"win_rate":0,"timestamp":1561216688,"path_taken":["M","M","?","?","M","R","E","R","T","R","M","M","E","M","R","BOSS","M","$","?","M","M","E"],"build_version":"2019-01-23","purchased_purges":1,"victory":false,"max_hp_per_floor":[68,68,68,68,68,68,68,68,68,68,68,68,68,68,68,68,68,68,68,68,68,68,68],"card_choices":[{"not_picked":["Exhume","Impervious"],"picked":"Barricade","floor":0},{"not_picked":["Perfected Strike","Spot Weakness"],"picked":"Feel No Pain","floor":1},{"not_picked":["Seeing Red","Wild Strike"],"picked":"Shrug It Off","floor":2},{"not_picked":["Perfected Strike","Sword Boomerang"],"picked":"Twin Strike","floor":5},{"not_picked":["Second Wind","Corruption"],"picked":"Perfected Strike","floor":7},{"not_picked":["Power Through","Sever Soul"],"picked":"Inflame","floor":11},{"not_picked":["Havoc","Flex"],"picked":"Clothesline","floor":12},{"not_picked":["Uppercut","Havoc"],"picked":"Corruption","floor":13},{"not_picked":["Clash","Warcry"],"picked":"Exhume","floor":14},{"not_picked":["Twin Strike","Wild Strike"],"picked":"True Grit","floor":18},{"not_picked":["Clothesline","Cleave"],"picked":"Disarm","floor":20},{"not_picked":["Sword Boomerang","Dropkick+1","Blood for Blood+1"],"picked":"SKIP","floor":21},{"not_picked":["Clash+1","True Grit"],"picked":"Havoc","floor":22}],"player_experience":647323,"relics_obtained":[{"floor":7,"key":"PreservedInsect"},{"floor":9,"key":"Pen Nib"},{"floor":13,"key":"Dead Branch"},{"floor":17,"key":"Gambling Chip"},{"floor":17,"key":"Dream Catcher"},{"floor":17,"key":"Meat on the Bone"}],"event_choices":[{"cards_removed":["Strike_R"],"damage_healed":0,"gold_gain":0,"player_choice":"Card Removal","damage_taken":0,"max_hp_gain":0,"max_hp_loss":0,"event_name":"The Cleric","floor":3,"gold_loss":75},{"damage_healed":0,"gold_gain":0,"cards_transformed":["Strike_R"],"player_choice":"Transformed","damage_taken":0,"max_hp_gain":0,"max_hp_loss":0,"event_name":"Transmorgrifier","floor":4,"gold_loss":0,"cards_obtained":["Seeing Red"]}],"is_beta":false,"boss_relics":[{"not_picked":["Pandora\u0027s Box","Ectoplasm"],"picked":"Calling Bell"}],"items_purged_floors":[19],"is_endless":false,"potions_floor_spawned":[1,2,11,16,22],"killed_by":"Slavers","ascension_level":20}