{"gold_per_floor":[114,134,145,145,145,170,190,190,190,190,210,82,93,10,10,10],"floor_reached":16,"playtime":550,"items_purged":["Strike_B"],"score":173,"play_id":"297e83b2-1d46-4221-8a67-aacebcb8752f","local_time":"20190527211129","is_ascension_mode":true,"campfire_choices":[{"data":"Genetic Algorithm","floor":8,"key":"SMITH"},{"data":"Recycle","floor":10,"key":"SMITH"},{"data":"Defragment","floor":15,"key":"SMITH"}],"neow_cost":"NONE","seed_source_timestamp":875869824387940,"circlet_count":0,"master_deck":["AscendersBane","Strike_B","Strike_B","Defend_B","Defend_B","Defend_B","Zap+1","Dualcast","Hologram","Reinforced Body","Rebound","Recycle+1","Genetic Algorithm+1","Coolheaded","Defragment+1","Conserve Battery"],"relics":["Cracked Core","Pocketwatch","Ornamental Fan"],"potions_floor_usage":[6],"damage_taken":[{"damage":1,"enemies":"Cultist","floor":1,"turns":3},{"damage":7,"enemies":"Jaw Worm","floor":2,"turns":4},{"damage":0,"enemies":"Small Slimes","floor":3,"turns":5},{"damage":3,"enemies":"Lagavulin","floor":6,"turns":7},{"damage":5,"enemies":"Red Slaver","floor":7,"turns":3},{"damage":3,"enemies":"3 Louse","floor":11,"turns":4},{"damage":11,"enemies":"2 Fungi Beasts","floor":13,"turns":4},{"damage":30,"enemies":"The Guardian","floor":16,"turns":7}],"seed_played":"7341739786172115050","potions_obtained":[{"floor":2,"key":"Poison Potion"},{"floor":11,"key":"Energy Potion"}],"is_trial":false,"path_per_floor":["M","M","M","?","?","E","M","R","T","R","M","$","M","$","R","B"],"character_chosen":"DEFECT","items_purchased":["Coolheaded","Defragment","Conserve Battery"],"campfire_rested":0,"item_purchase_floors":[12,14,14],"current_hp_per_floor":[63,56,56,49,49,46,41,41,41,41,38,38,27,27,27,0],"gold":10,"neow_bonus":"UPGRADE_CARD","is_prod":false,"is_daily":false,"chose_seed":false,"campfire_upgraded":3,"win_rate":0,"timestamp":1558984289,"path_taken":["M","M","?","?","?","E","?","R","T","R","M","$","M","?","R","BOSS"],"build_version":"2019-01-23","purchased_purges":1,"victory":false,"max_hp_per_floor":[71,71,71,71,71,71,71,71,71,71,71,71,71,71,71,71],"card_choices":[{"not_picked":["Stack","Hello World"],"picked":"Hologram","floor":1},{"not_picked":["Compile Driver","Leap"],"picked":"Reinforced Body","floor":2},{"not_picked":["Static Discharge","Hologram","Rainbow"],"picked":"SKIP","floor":3},{"not_picked":["Scrape","Coolheaded"],"picked":"Recycle","floor":6},{"not_picked":["Heatsinks","Doom and Gloom"],"picked":"Genetic Algorithm","floor":7},{"not_picked":["Ball Lightning","Lockon","Scrape"],"picked":"SKIP","floor":11},{"not_picked":["Streamline","Lockon","Fusion"],"picked":"SKIP","floor":13}],"player_experience":438280,"relics_obtained":[{"floor":6,"key":"Pocketwatch"},{"floor":9,"key":"Ornamental Fan"}],"event_choices":[{"cards_removed":["Defend_B"],"damage_healed":0,"gold_gain":0,"player_choice":"Card Removal","damage_taken":7,"max_hp_gain":0,"max_hp_loss":0,"event_name":"Golden Wing","floor":4,"gold_loss":0},{"damage_healed":0,"gold_gain":0,"cards_transformed":["Strike_B"],"player_choice":"Transformed","damage_taken":0,"max_hp_gain":0,"max_hp_loss":0,"event_name":"Transmorgrifier","floor":5,"gold_loss":0,"cards_obtained":["Rebound"]}],"is_beta":false,"boss_relics":[],"items_purged_floors":[12],"is_endless":false,"potions_floor_spawned":[2,11],"killed_by":"The Guardian","ascension_level":14}