{"gold_per_floor":[218,228,72,86,86,111,111,143,166,166,166],"floor_reached":11,"playtime":395,"items_purged":["Defend_G"],"score":85,"play_id":"e023c80a-71ec-4c09-9d6b-8f29daa99fde","local_time":"20190408222103","is_ascension_mode":true,"campfire_choices":[{"floor":10,"key":"REST"}],"neow_cost":"NONE","seed_source_timestamp":877341570816537,"circlet_count":0,"master_deck":["Defend_G","Defend_G","Defend_G","Defend_G","Strike_G","Strike_G","Strike_G","Strike_G","Survivor","Neutralize","Flash of Steel"],"special_seed":0,"relics":["Ring of the Snake","Omamori","Ancient Tea Set","Blood Vial"],"potions_floor_usage":[6,8],"damage_taken":[{"damage":0.0,"enemies":"2 Louse","floor":1.0,"turns":4.0},{"damage":0.0,"enemies":"Jaw Worm","floor":2.0,"turns":5.0},{"damage":0.0,"enemies":"Small Slimes","floor":4.0,"turns":3.0},{"damage":21,"enemies":"Gremlin Nob","floor":6,"turns":4},{"damage":27,"enemies":"3 Sentries","floor":8,"turns":12},{"damage":42,"enemies":"Gremlin Nob","floor":11,"turns":4}],"seed_played":"-6822458527402337782","potions_obtained":[{"floor":2.0,"key":"PowerPotion"},{"floor":4.0,"key":"SpeedPotion"}],"is_trial":false,"path_per_floor":["M","M","$","M","$","E","?","E","T","R","E"],"character_chosen":"THE_SILENT","items_purchased":["Flash of Steel"],"campfire_rested":1,"item_purchase_floors":[3],"current_hp_per_floor":[70,70,70,70,70,49,42,15,15,36,0],"gold":166,"neow_bonus":"HUNDRED_GOLD","is_prod":false,"is_daily":false,"chose_seed":false,"campfire_upgraded":0,"win_rate":0,"timestamp":1554754863,"path_taken":["M","M","$","M","$","E","?","E","T","R","E"],"build_version":"2019-01-23","purchased_purges":1,"victory":false,"max_hp_per_floor":[70,70,70,70,70,70,70,70,70,70,70],"card_choices":[{"not_picked":["Dodge and Roll","Slice","Deadly Poison"],"picked":"SKIP","floor":1.0},{"not_picked":["Underhanded Strike","Riddle With Holes","Blade Dance"],"picked":"SKIP","floor":2.0},{"not_picked":["Dagger Spray","Choke","Blur"],"picked":"SKIP","floor":4.0},{"not_picked":["Concentrate","Expertise","Flying Knee"],"picked":"SKIP","floor":6},{"not_picked":["Masterful Stab","Dagger Spray","PiercingWail"],"picked":"SKIP","floor":8}],"player_experience":222673,"relics_obtained":[{"floor":6,"key":"Omamori"},{"floor":8,"key":"Ancient Tea Set"},{"floor":9,"key":"Blood Vial"}],"event_choices":[{"cards_removed":["Strike_G"],"damage_healed":0,"gold_gain":0,"player_choice":"Card Removal","damage_taken":7,"max_hp_gain":0,"max_hp_loss":0,"event_name":"Golden Wing","floor":7,"gold_loss":0}],"is_beta":false,"boss_relics":[],"items_purged_floors":[3],"is_endless":false,"potions_floor_spawned":[2,4],"killed_by":"Gremlin Nob","ascension_level":1}