{"gold_per_floor":[210,221,235,235,251,251,251,251,251,290,14,14,58,71,71,71],"floor_reached":16,"playtime":473,"items_purged":[],"score":220,"play_id":"2f605f9e-39bf-4841-887b-6d223b5a805b","local_time":"20190603221529","is_ascension_mode":true,"campfire_choices":[{"data":"Sweeping Beam","floor":6.0,"key":"SMITH"},{"data":"Zap","floor":8.0,"key":"SMITH"},{"data":"Rebound","floor":12.0,"key":"SMITH"},{"data":"Chaos","floor":15.0,"key":"SMITH"}],"neow_cost":"NONE","seed_source_timestamp":1482113609702,"circlet_count":0,"master_deck":["AscendersBane","Strike_B","Strike_B","Strike_B","Defend_B","Defend_B","Defend_B","Defend_B","Zap+1","Dualcast","Cold Snap","Sweeping Beam+1","Rebound+1","Self Repair","Conserve Battery","Chaos+1"],"special_seed":0,"relics":["Cracked Core","Golden Idol","Anchor","Shuriken","Letter Opener","The Courier"],"potions_floor_usage":[],"damage_taken":[{"damage":4.0,"enemies":"Jaw Worm","floor":1.0,"turns":5.0},{"damage":0.0,"enemies":"Small Slimes","floor":2.0,"turns":2.0},{"damage":0.0,"enemies":"2 Louse","floor":3.0,"turns":2.0},{"damage":20.0,"enemies":"Large Slime","floor":5.0,"turns":7.0},{"damage":7.0,"enemies":"3 Sentries","floor":10.0,"turns":6.0},{"damage":24.0,"enemies":"Lagavulin","floor":13.0,"turns":6.0},{"damage":0.0,"enemies":"Blue Slaver","floor":14.0,"turns":2.0},{"damage":43,"enemies":"Slime Boss","floor":16,"turns":7}],"seed_played":"-7068041861656781537","potions_obtained":[{"floor":2.0,"key":"FocusPotion"},{"floor":5.0,"key":"FairyPotion"},{"floor":10.0,"key":"SneckoOil"},{"floor":13.0,"key":"EssenceOfSteel"}],"is_trial":false,"path_per_floor":["M","M","M","?","M","R","?","R","T","E","$","R","E","M","R","B"],"character_chosen":"DEFECT","items_purchased":["Letter Opener"],"campfire_rested":0,"item_purchase_floors":[11],"current_hp_per_floor":[60,60,60,60,40,40,33,33,33,33,33,33,16,23,23,0],"gold":71,"neow_bonus":"HUNDRED_GOLD","is_prod":false,"is_daily":false,"chose_seed":false,"campfire_upgraded":4,"win_rate":0,"timestamp":1559592929,"path_taken":["M","M","M","?","M","R","?","R","T","E","$","R","E","M","R","BOSS"],"build_version":"2019-06-02","purchased_purges":0,"victory":false,"max_hp_per_floor":[71,71,71,64,64,64,64,64,64,64,64,64,64,64,64,64],"card_choices":[{"not_picked":["Coolheaded","Rip and Tear"],"picked":"Cold Snap","floor":1.0},{"not_picked":["Stack","Redo"],"picked":"Sweeping Beam","floor":2.0},{"not_picked":["Stack","Barrage"],"picked":"Rebound","floor":3.0},{"not_picked":["Cold Snap","Beam Cell"],"picked":"Self Repair","floor":5.0},{"not_picked":["Streamline","Turbo"],"picked":"Conserve Battery","floor":10.0},{"not_picked":["Amplify","Streamline","Stack"],"picked":"SKIP","floor":13.0},{"not_picked":["Go for the Eyes","Reprogram"],"picked":"Chaos","floor":14.0}],"player_experience":1663199,"relics_obtained":[{"floor":9.0,"key":"Anchor"},{"floor":10.0,"key":"Shuriken"},{"floor":13.0,"key":"The Courier"}],"event_choices":[{"damage_healed":0.0,"max_hp_gain":0.0,"max_hp_loss":7.0,"gold_gain":0.0,"event_name":"Golden Idol","player_choice":"Lose Max HP","floor":4.0,"gold_loss":0.0,"damage_taken":0.0,"relics_obtained":["Golden Idol"]},{"cards_removed":["Strike_B"],"damage_healed":0.0,"max_hp_gain":0.0,"max_hp_loss":0.0,"gold_gain":0.0,"event_name":"Golden Wing","player_choice":"Card Removal","floor":7.0,"gold_loss":0.0,"damage_taken":7.0}],"is_beta":true,"boss_relics":[],"items_purged_floors":[],"is_endless":false,"potions_floor_spawned":[2,5,10,13,14],"killed_by":"Slime Boss","ascension_level":20}