{"gold_per_floor":[112,187,203,203,128,167,167,198,198,11,11,11,11,29,29,125,125,45,69,69,83,133,133,103,119,119,119,119,119,119,160,160,258,258,271,146,159,159,180,180,180,195,195,195],"floor_reached":44,"playtime":1753,"items_purged":["Strike_G","Strike_G","Strike_G"],"score":1010,"play_id":"348a0a76-1597-4ac7-9ba5-ba62cbcc9cdf","local_time":"20190622174843","is_ascension_mode":true,"campfire_choices":[{"data":"Noxious Fumes","floor":7.0,"key":"SMITH"},{"data":"Footwork","floor":15.0,"key":"SMITH"},{"floor":23.0,"key":"REST"},{"data":"Adrenaline","floor":27.0,"key":"SMITH"},{"data":"Leg Sweep","floor":30.0,"key":"SMITH"},{"data":"Footwork","floor":32.0,"key":"SMITH"},{"data":"Bouncing Flask","floor":40.0,"key":"SMITH"}],"neow_cost":"NONE","seed_source_timestamp":23669734995199,"circlet_count":0,"master_deck":["AscendersBane","Defend_G","Defend_G","Defend_G","Defend_G","Defend_G","Survivor","Neutralize","Deadly Poison","PiercingWail","Noxious Fumes+1","Backflip","Footwork+1","Footwork+1","Adrenaline+1","Escape Plan","Noxious Fumes","Deflect","Leg Sweep+1","Venomology","Noxious Fumes","Backflip","Bouncing Flask+1"],"special_seed":0,"relics":["Ring of the Snake","NeowsBlessing","Golden Idol","Paper Crane","Happy Flower","Matryoshka","Darkstone Periapt","Bottled Lightning","Empty Cage","Ornamental Fan","Meat on the Bone","PreservedInsect","Runic Dome"],"potions_floor_usage":[42,42,44],"damage_taken":[{"damage":0.0,"enemies":"Cultist","floor":1.0,"turns":1.0},{"damage":0.0,"enemies":"2 Louse","floor":3.0,"turns":1.0},{"damage":0.0,"enemies":"Lagavulin","floor":6.0,"turns":1.0},{"damage":32.0,"enemies":"3 Sentries","floor":8.0,"turns":7.0},{"damage":1.0,"enemies":"Jaw Worm","floor":14.0,"turns":5.0},{"damage":0.0,"enemies":"The Guardian","floor":16.0,"turns":11.0},{"damage":12.0,"enemies":"2 Thieves","floor":18.0,"turns":4.0},{"damage":0.0,"enemies":"Chosen","floor":19.0,"turns":8.0},{"damage":6.0,"enemies":"Centurion and Healer","floor":21.0,"turns":10.0},{"damage":3.0,"enemies":"Snake Plant","floor":25.0,"turns":6.0},{"damage":24.0,"enemies":"Slavers","floor":31.0,"turns":6.0},{"damage":5.0,"enemies":"Champ","floor":33.0,"turns":17.0},{"damage":44.0,"enemies":"3 Shapes","floor":35.0,"turns":7.0},{"damage":0.0,"enemies":"Orb Walker","floor":37.0,"turns":6.0},{"damage":19.0,"enemies":"Spire Growth","floor":39.0,"turns":7.0},{"damage":27,"enemies":"Transient","floor":42,"turns":6},{"damage":25,"enemies":"Jaw Worm Horde","floor":44,"turns":4}],"seed_played":"4846817704495610835","potions_obtained":[{"floor":8.0,"key":"Strength Potion"},{"floor":14.0,"key":"GhostInAJar"},{"floor":19.0,"key":"Dexterity Potion"},{"floor":21.0,"key":"Dexterity Potion"},{"floor":31.0,"key":"Dexterity Potion"},{"floor":35.0,"key":"AttackPotion"},{"floor":39.0,"key":"LiquidBronze"}],"is_trial":false,"path_per_floor":["M","?","M","?","$","E","R","E","T","$","?","?","T","M","R","B",null,"M","M","?","M","?","R","$","M","T","R","?","?","R","E","R","B",null,"M","$","M","?","M","R","?","M","T","M"],"character_chosen":"THE_SILENT","items_purchased":["Footwork","Deflect"],"campfire_rested":1,"item_purchase_floors":[10,24],"current_hp_per_floor":[59,48,48,48,48,48,48,16,16,16,16,16,16,15,15,15,49,37,37,37,31,31,49,49,46,46,46,46,46,46,34,34,41,55,38,38,38,38,31,31,31,16,16,0],"gold":195,"neow_bonus":"THREE_ENEMY_KILL","is_prod":false,"is_daily":false,"chose_seed":false,"campfire_upgraded":6,"win_rate":0,"timestamp":1561218523,"path_taken":["M","?","M","?","$","E","R","E","T","$","?","?","?","M","R","BOSS","M","M","?","M","?","R","$","M","T","R","?","?","R","E","R","BOSS","M","$","M","?","M","R","?","?","T","M"],"build_version":"2019-01-23","purchased_purges":3,"victory":false,"max_hp_per_floor":[66,66,66,60,60,60,60,60,60,60,60,60,60,60,60,60,60,60,60,60,60,60,60,60,60,60,60,60,60,60,60,60,60,60,60,60,60,57,57,57,57,57,57,57],"card_choices":[{"not_picked":["Prepared","Dagger Spray"],"picked":"Deadly Poison","floor":1.0},{"not_picked":["Dagger Throw","Blade Dance"],"picked":"PiercingWail","floor":3.0},{"not_picked":["Backflip","Skewer"],"picked":"Noxious Fumes","floor":6.0},{"not_picked":["Outmaneuver","Reflex"],"picked":"Backflip","floor":8.0},{"not_picked":["Outmaneuver","Backflip"],"picked":"Footwork","floor":14.0},{"not_picked":["Bullet Time","A Thousand Cuts"],"picked":"Adrenaline","floor":16.0},{"not_picked":["Eviscerate","Masterful Stab"],"picked":"Escape Plan","floor":18.0},{"not_picked":["Setup","Infinite Blades"],"picked":"Flechettes","floor":19.0},{"not_picked":["Slice","Endless Agony"],"picked":"Noxious Fumes","floor":21.0},{"not_picked":["Quick Slash","Setup","Outmaneuver"],"picked":"SKIP","floor":25.0},{"not_picked":["PiercingWail","Acrobatics","Poisoned Stab+1"],"picked":"SKIP","floor":31.0},{"not_picked":["Wraith Form v2","Corpse Explosion"],"picked":"Venomology","floor":33.0},{"not_picked":["Flying Knee","Dagger Spray"],"picked":"Noxious Fumes","floor":35.0},{"not_picked":["PiercingWail","Dagger Throw"],"picked":"Backflip","floor":37.0},{"not_picked":["Glass Knife","Dagger Throw"],"picked":"Bouncing Flask","floor":39.0},{"not_picked":["Deflect","Flying Knee+1","Infinite Blades"],"picked":"SKIP","floor":42}],"player_experience":648570,"relics_obtained":[{"floor":6.0,"key":"Paper Crane"},{"floor":8.0,"key":"Happy Flower"},{"floor":9.0,"key":"Matryoshka"},{"floor":13.0,"key":"Darkstone Periapt"},{"floor":13.0,"key":"Bottled Lightning"},{"floor":26.0,"key":"Ornamental Fan"},{"floor":26.0,"key":"Meat on the Bone"},{"floor":31.0,"key":"PreservedInsect"}],"event_choices":[{"damage_healed":0.0,"max_hp_gain":0.0,"max_hp_loss":0.0,"gold_gain":75.0,"event_name":"World of Goop","player_choice":"Gather Gold","floor":2.0,"gold_loss":0.0,"damage_taken":11.0},{"damage_healed":0.0,"max_hp_gain":0.0,"max_hp_loss":6.0,"gold_gain":0.0,"event_name":"Golden Idol","player_choice":"Lose Max HP","floor":4.0,"gold_loss":0.0,"damage_taken":0.0,"relics_obtained":["Golden Idol"]},{"damage_healed":0.0,"max_hp_gain":0.0,"max_hp_loss":0.0,"gold_gain":0.0,"event_name":"Dead Adventurer","player_choice":"Searched \u00270\u0027 times","floor":11.0,"gold_loss":0.0,"damage_taken":0.0},{"damage_healed":0.0,"max_hp_gain":0.0,"max_hp_loss":0.0,"gold_gain":0.0,"event_name":"Shining Light","player_choice":"Ignored","floor":12.0,"gold_loss":0.0,"damage_taken":0.0},{"damage_healed":0.0,"max_hp_gain":0.0,"max_hp_loss":0.0,"gold_gain":0.0,"event_name":"Cursed Tome","player_choice":"Ignored","floor":20.0,"gold_loss":0.0,"damage_taken":0.0},{"damage_healed":0.0,"max_hp_gain":0.0,"max_hp_loss":0.0,"gold_gain":50.0,"event_name":"Nest","player_choice":"Stole From Cult","floor":22.0,"gold_loss":0.0,"damage_taken":0.0},{"damage_healed":0.0,"max_hp_gain":0.0,"max_hp_loss":0.0,"gold_gain":0.0,"event_name":"The Mausoleum","player_choice":"Ignored","floor":28.0,"gold_loss":0.0,"damage_taken":0.0},{"damage_healed":0.0,"max_hp_gain":0.0,"max_hp_loss":0.0,"gold_gain":0.0,"event_name":"The Library","player_choice":"Read","floor":29.0,"gold_loss":0.0,"damage_taken":0.0,"cards_obtained":["Leg Sweep"]},{"damage_healed":0.0,"max_hp_gain":0.0,"max_hp_loss":3.0,"gold_gain":0.0,"event_name":"Winding Halls","player_choice":"Max HP","floor":38.0,"gold_loss":0.0,"damage_taken":0.0},{"cards_removed":["Flechettes"],"damage_healed":0.0,"max_hp_gain":0.0,"max_hp_loss":0.0,"gold_gain":0.0,"event_name":"Purifier","player_choice":"Purged","floor":41.0,"gold_loss":0.0,"damage_taken":0.0}],"is_beta":false,"boss_relics":[{"not_picked":["Lizard Tail","Sozu"],"picked":"Empty Cage"},{"not_picked":["Ring of the Serpent","Calling Bell"],"picked":"Runic Dome"}],"items_purged_floors":[5,10,36],"is_endless":false,"potions_floor_spawned":[8,14,19,21,25,31,35,39],"killed_by":"Jaw Worm Horde","ascension_level":20}