{"gold_per_floor":[210,89,39,58,34,34,65,65,65,65,97,109,121,131,131,131],"floor_reached":16,"playtime":641,"items_purged":["Defend_R"],"score":187,"play_id":"964edb93-b501-4764-8b58-9088cbc38a13","local_time":"20190630164405","is_ascension_mode":true,"campfire_choices":[{"data":"Whirlwind","floor":6,"key":"SMITH"},{"floor":8,"key":"REST"},{"data":"True Grit","floor":10,"key":"SMITH"},{"data":"Flame Barrier","floor":15,"key":"SMITH"}],"neow_cost":"NONE","seed_source_timestamp":150062166386127,"circlet_count":0,"master_deck":["AscendersBane","Strike_R","Strike_R","Strike_R","Strike_R","Defend_R","Defend_R","Defend_R","Bash","Iron Wave","True Grit+1","Whirlwind+1","Warcry","Flame Barrier+1","Twin Strike","Metallicize"],"relics":["Burning Blood","Tiny Chest","Regal Pillow","Charon\u0027s Ashes","Magic Flower"],"potions_floor_usage":[4],"damage_taken":[{"damage":2,"enemies":"2 Louse","floor":1,"turns":3},{"damage":0,"enemies":"Cultist","floor":4,"turns":4},{"damage":60,"enemies":"Lagavulin","floor":7,"turns":8},{"damage":25,"enemies":"Gremlin Nob","floor":11,"turns":4},{"damage":0,"enemies":"Jaw Worm","floor":12,"turns":3},{"damage":15,"enemies":"Exordium Thugs","floor":13,"turns":3},{"damage":2,"enemies":"3 Louse","floor":14,"turns":3},{"damage":51,"enemies":"The Guardian","floor":16,"turns":15}],"seed_played":"6040171609813824959","potions_obtained":[{"floor":1,"key":"FearPotion"},{"floor":4,"key":"PowerPotion"}],"is_trial":false,"path_per_floor":["M","$","?","M","?","R","E","R","T","R","E","M","M","M","R","B"],"character_chosen":"IRONCLAD","items_purchased":["True Grit"],"campfire_rested":1,"item_purchase_floors":[2],"current_hp_per_floor":[72,72,72,75,75,75,21,58,58,58,39,48,42,49,49,0],"gold":131,"neow_bonus":"HUNDRED_GOLD","is_prod":false,"is_daily":false,"chose_seed":false,"campfire_upgraded":3,"win_rate":0,"timestamp":1561884245,"path_taken":["M","$","?","M","?","R","E","R","T","R","E","M","?","M","R","BOSS"],"build_version":"2019-01-23","purchased_purges":1,"victory":false,"max_hp_per_floor":[75,75,75,75,75,75,75,75,75,75,75,75,75,75,75,75],"card_choices":[{"not_picked":["Battle Trance","True Grit"],"picked":"Iron Wave","floor":1},{"not_picked":["Anger","Pommel Strike"],"picked":"Whirlwind","floor":4},{"not_picked":["Flex","Reckless Charge"],"picked":"Warcry","floor":7},{"not_picked":["Shrug It Off","Perfected Strike"],"picked":"Flame Barrier","floor":11},{"not_picked":["Thunderclap","Blood for Blood","Twin Strike"],"picked":"SKIP","floor":12},{"not_picked":["Clash","Hemokinesis"],"picked":"Twin Strike","floor":13},{"not_picked":["Pommel Strike","Seeing Red"],"picked":"Metallicize","floor":14}],"player_experience":815810,"relics_obtained":[{"floor":7,"key":"Regal Pillow"},{"floor":9,"key":"Charon\u0027s Ashes"},{"floor":11,"key":"Magic Flower"}],"event_choices":[{"cards_removed":["Strike_R"],"damage_healed":0,"gold_gain":0,"player_choice":"Card Removal","damage_taken":0,"max_hp_gain":0,"max_hp_loss":0,"event_name":"The Cleric","floor":3,"gold_loss":50},{"damage_healed":0,"gold_gain":0,"player_choice":"Paid Gold","damage_taken":0,"relics_obtained":["Tiny Chest"],"max_hp_gain":0,"max_hp_loss":0,"event_name":"WeMeetAgain","floor":5,"gold_loss":54}],"is_beta":false,"boss_relics":[],"items_purged_floors":[2],"is_endless":false,"potions_floor_spawned":[1,4],"killed_by":"The Guardian","ascension_level":14}