{"gold_per_floor":[113,76,1,101,118,148,148,178,259,259,276,293,26,42,42,113,113,127,143,143,143,156,156],"floor_reached":23,"playtime":1026,"items_purged":["Strike_B","Strike_B"],"score":511,"play_id":"5eec147c-c459-41d3-b54f-7367763a95c8","local_time":"20190531214604","is_ascension_mode":true,"campfire_choices":[{"data":"Buffer","floor":7.0,"key":"SMITH"},{"data":"Doom and Gloom","floor":10,"key":"SMITH"},{"data":"Redo","floor":15,"key":"SMITH"}],"neow_cost":"NONE","seed_source_timestamp":1223074508770339,"circlet_count":0,"master_deck":["AscendersBane","Strike_B+1","Strike_B+1","Defend_B+1","Defend_B+1","Defend_B+1","Defend_B+1","Zap","Dualcast","Redo+1","Doom and Gloom+1","Conserve Battery","Buffer+1","Conserve Battery","Reinforced Body","Multi-Cast"],"special_seed":0,"relics":["Cracked Core","NeowsBlessing","Art of War","Gambling Chip","Membership Card","Fusion Hammer","Enchiridion"],"potions_floor_usage":[14,16,23],"damage_taken":[{"damage":0.0,"enemies":"Cultist","floor":1.0,"turns":1.0},{"damage":0.0,"enemies":"Small Slimes","floor":5.0,"turns":1.0},{"damage":0.0,"enemies":"Lagavulin","floor":6.0,"turns":1.0},{"damage":13,"enemies":"3 Sentries","floor":8,"turns":8},{"damage":0,"enemies":"Jaw Worm","floor":11,"turns":4},{"damage":12,"enemies":"Large Slime","floor":12,"turns":6},{"damage":0,"enemies":"Exordium Wildlife","floor":14,"turns":4},{"damage":0,"enemies":"Slime Boss","floor":16,"turns":8},{"damage":7,"enemies":"Shell Parasite","floor":18,"turns":5},{"damage":0,"enemies":"Spheric Guardian","floor":19,"turns":4},{"damage":0,"enemies":"Shelled Parasite and Fungi","floor":22,"turns":4},{"damage":36,"enemies":"Gremlin Leader","floor":23,"turns":7}],"seed_played":"-513130204998353997","potions_obtained":[{"floor":8,"key":"Block Potion"},{"floor":11,"key":"Energy Potion"},{"floor":14,"key":"FocusPotion"},{"floor":18,"key":"SteroidPotion"}],"is_trial":false,"path_per_floor":["M","$","$","?","M","E","R","E","T","R","M","M","$","M","R","B",null,"M","M","?","?","M","E"],"character_chosen":"DEFECT","items_purchased":["Doom and Gloom","Membership Card"],"campfire_rested":0,"item_purchase_floors":[2,13],"current_hp_per_floor":[64,64,64,64,64,64,64,51,51,51,51,39,39,39,39,39,63,56,56,56,35,35,0],"gold":156,"neow_bonus":"THREE_ENEMY_KILL","is_prod":false,"is_daily":false,"chose_seed":false,"campfire_upgraded":3,"win_rate":0,"timestamp":1559331964,"path_taken":["M","?","$","?","M","E","R","E","T","R","M","M","$","?","R","BOSS","M","M","?","?","?","E"],"build_version":"2019-01-23","purchased_purges":2,"victory":false,"max_hp_per_floor":[71,71,71,71,71,71,71,71,71,71,71,71,71,71,71,71,71,71,71,71,71,71,71],"card_choices":[{"not_picked":["Skim","Beam Cell"],"picked":"Redo","floor":1.0},{"not_picked":["Compile Driver","Leap"],"picked":"Conserve Battery","floor":5.0},{"not_picked":["Gash","Sweeping Beam"],"picked":"Buffer","floor":6.0},{"not_picked":["Cold Snap","Streamline"],"picked":"Conserve Battery","floor":8},{"not_picked":["Ball Lightning","Leap"],"picked":"Reinforced Body","floor":11},{"not_picked":["Rip and Tear","Aggregate","Cold Snap"],"picked":"SKIP","floor":12},{"not_picked":["Streamline","Coolheaded","Rip and Tear"],"picked":"SKIP","floor":14},{"not_picked":["Reboot","Thunder Strike"],"picked":"Multi-Cast","floor":16},{"not_picked":["Streamline","Cold Snap","Auto Shields"],"picked":"SKIP","floor":18},{"not_picked":["Glacier","Conserve Battery","Rebound"],"picked":"SKIP","floor":19},{"not_picked":["Capacitor","Doom and Gloom","Stack"],"picked":"SKIP","floor":22}],"player_experience":487634,"relics_obtained":[{"floor":6.0,"key":"Art of War"},{"floor":8,"key":"Gambling Chip"},{"floor":21,"key":"Enchiridion"}],"event_choices":[{"damage_healed":0.0,"max_hp_gain":0.0,"max_hp_loss":0.0,"gold_gain":100.0,"event_name":"Wheel of Change","player_choice":"Gold","floor":4.0,"gold_loss":0.0,"damage_taken":0.0},{"damage_healed":0,"gold_gain":0,"player_choice":"Simplicity","damage_taken":0,"max_hp_gain":0,"max_hp_loss":0,"event_name":"Back to Basics","floor":20,"gold_loss":0,"cards_upgraded":["Strike_B","Strike_B","Defend_B","Defend_B","Defend_B","Defend_B"]},{"damage_healed":0,"gold_gain":0,"player_choice":"Obtained Book","damage_taken":21,"max_hp_gain":0,"max_hp_loss":0,"event_name":"Cursed Tome","floor":21,"gold_loss":0}],"is_beta":false,"boss_relics":[{"not_picked":["Inserter","Astrolabe"],"picked":"Fusion Hammer"}],"items_purged_floors":[3,13],"is_endless":false,"potions_floor_spawned":[8,11,14,18],"killed_by":"Gremlin Leader","ascension_level":17}