{"gold_per_floor":[118,118,44,54,329,329,356,356,356,39,39,102,117,132,132,210,210,226,226,244,244,258,284,60,74,100,114,114,143,143,143,143,221,221,239,239,254,254,105,132,132,132,132,159,159,189,207,234,234,234],"floor_reached":51,"playtime":2720,"items_purged":["Regret","Pain"],"score":1408,"play_id":"a02ca853-e8ee-4d5c-9672-3310e3ddb0d0","local_time":"20190526181605","is_ascension_mode":true,"campfire_choices":[{"data":"Neutralize","floor":6,"key":"SMITH"},{"data":"Backflip","floor":8,"key":"SMITH"},{"data":"Slice","floor":11,"key":"SMITH"},{"data":"Caltrops","floor":15,"key":"SMITH"},{"data":"Envenom","floor":28,"key":"SMITH"},{"data":"Caltrops","floor":30,"key":"SMITH"},{"floor":32,"key":"REST"},{"data":"After Image","floor":41,"key":"SMITH"},{"data":"Footwork","floor":45,"key":"SMITH"},{"data":"Well Laid Plans","floor":49,"key":"SMITH"}],"neow_cost":"NONE","seed_source_timestamp":776753183066933,"circlet_count":0,"master_deck":["AscendersBane","Defend_G","Defend_G","Defend_G","Defend_G","Survivor","Neutralize+1","Skewer+1","Slice+1","Backflip+1","Deflect","Deflect","Caltrops+1","Envenom+1","PiercingWail","Bite","Bite","Bite","Bite","Bite","Leg Sweep","Cloak And Dagger","Caltrops+1","Cloak And Dagger","Well Laid Plans+1","After Image+1","Terror+1","Footwork+1","Blur","Leg Sweep","PiercingWail"],"relics":["Ring of the Serpent","NeowsBlessing","Bag of Marbles","Ice Cream","Shuriken","Tiny Chest","Sozu","WarpedTongs","Bottled Tornado","Bronze Scales","Paper Crane","Sundial","Omamori","Art of War","Anchor"],"potions_floor_usage":[],"damage_taken":[{"damage":0,"enemies":"Jaw Worm","floor":1,"turns":1},{"damage":0,"enemies":"Cultist","floor":4,"turns":1},{"damage":0,"enemies":"3 Sentries","floor":7,"turns":1},{"damage":12,"enemies":"Gremlin Nob","floor":12,"turns":3},{"damage":0,"enemies":"2 Louse","floor":13,"turns":2},{"damage":1,"enemies":"Looter","floor":14,"turns":3},{"damage":22,"enemies":"The Guardian","floor":16,"turns":9},{"damage":25,"enemies":"2 Thieves","floor":18,"turns":4},{"damage":5,"enemies":"Shell Parasite","floor":20,"turns":5},{"damage":24,"enemies":"3 Cultists","floor":22,"turns":6},{"damage":14,"enemies":"Book of Stabbing","floor":23,"turns":6},{"damage":2,"enemies":"Chosen and Byrds","floor":25,"turns":4},{"damage":8,"enemies":"Sentry and Sphere","floor":27,"turns":5},{"damage":23,"enemies":"Slavers","floor":29,"turns":6},{"damage":24,"enemies":"Automaton","floor":33,"turns":11},{"damage":0,"enemies":"3 Shapes","floor":35,"turns":6},{"damage":1,"enemies":"Orb Walker","floor":37,"turns":4},{"damage":6,"enemies":"Giant Head","floor":40,"turns":9},{"damage":30,"enemies":"Nemesis","floor":44,"turns":7},{"damage":30,"enemies":"Reptomancer","floor":46,"turns":11},{"damage":5,"enemies":"Writhing Mass","floor":47,"turns":6},{"damage":7,"enemies":"Nemesis","floor":48,"turns":9},{"damage":8,"enemies":"Time Eater","floor":50,"turns":13}],"seed_played":"-6243418901915572900","potions_obtained":[{"floor":1,"key":"SteroidPotion"},{"floor":4,"key":"FairyPotion"}],"is_trial":false,"path_per_floor":["M","?","$","M","?","R","E","R","T","$","R","E","M","M","R","B",null,"M","?","M","?","M","E","$","M","T","M","R","E","R","?","R","B",null,"M","?","M","?","$","E","R","?","T","E","R","E","M","E","R","B",null],"character_chosen":"THE_SILENT","items_purchased":["Slice","Backflip","Shuriken","Caltrops","Cloak And Dagger","Footwork","Blur"],"campfire_rested":1,"item_purchase_floors":[3,3,10,24,24,39,39],"current_hp_per_floor":[59,59,59,59,59,59,59,59,59,59,59,47,47,46,46,24,56,31,31,38,38,32,36,36,42,42,44,44,34,34,27,42,51,51,51,51,51,51,51,48,48,48,48,32,32,31,37,51,51,51],"gold":234,"neow_bonus":"THREE_ENEMY_KILL","is_prod":false,"is_daily":false,"chose_seed":false,"campfire_upgraded":9,"win_rate":0,"timestamp":1558887365,"path_taken":["M","?","$","M","?","R","E","R","T","$","R","E","M","?","R","BOSS","M","?","M","?","M","E","$","?","T","M","R","E","R","?","R","BOSS","M","?","?","?","$","E","R","?","T","E","R","E","?","E","R","BOSS"],"build_version":"2019-01-23","purchased_purges":2,"victory":true,"max_hp_per_floor":[66,66,66,66,66,66,66,66,66,66,66,66,66,66,66,66,66,66,46,46,46,46,46,46,46,46,46,46,46,46,51,51,51,51,51,51,51,51,51,51,51,51,51,51,51,51,51,51,51,51],"card_choices":[{"not_picked":["Deadly Poison","Sucker Punch"],"picked":"Skewer","floor":1},{"not_picked":["Quick Slash","Acrobatics"],"picked":"Deflect","floor":4},{"not_picked":["Flying Knee","Prepared"],"picked":"Deflect","floor":7},{"not_picked":["Underhanded Strike","Flechettes","Phantasmal Killer"],"picked":"SKIP","floor":12},{"not_picked":["Dagger Throw","Dagger Spray"],"picked":"Caltrops","floor":13},{"not_picked":["Quick Slash","Bane","Sucker Punch"],"picked":"SKIP","floor":14},{"not_picked":["Night Terror","Adrenaline"],"picked":"Envenom","floor":16},{"not_picked":["Sucker Punch","Dagger Spray"],"picked":"PiercingWail","floor":18},{"not_picked":["Prepared","Bouncing Flask"],"picked":"Leg Sweep","floor":20},{"not_picked":["Sucker Punch","Accuracy","Prepared"],"picked":"SKIP","floor":22},{"not_picked":["Underhanded Strike+1","Acrobatics"],"picked":"Cloak And Dagger","floor":23},{"not_picked":["Phantasmal Killer","Setup+1","Noxious Fumes"],"picked":"SKIP","floor":25},{"not_picked":["Flying Knee","Dagger Spray"],"picked":"Well Laid Plans","floor":27},{"not_picked":["Acrobatics+1","Masterful Stab","Reflex"],"picked":"SKIP","floor":29},{"not_picked":["Bullet Time","Glass Knife"],"picked":"After Image","floor":33},{"not_picked":["Accuracy","Well Laid Plans","Acrobatics"],"picked":"SKIP","floor":35},{"not_picked":["Dodge and Roll","Expertise"],"picked":"Terror+1","floor":37},{"not_picked":["Dagger Spray","Bane","Outmaneuver+1"],"picked":"SKIP","floor":40},{"not_picked":["Cloak And Dagger","Dagger Throw","Concentrate"],"picked":"SKIP","floor":44},{"not_picked":["Venomology","Setup"],"picked":"PiercingWail","floor":46},{"not_picked":["Poisoned Stab","Bane","Well Laid Plans"],"picked":"SKIP","floor":47},{"not_picked":["Tactician","Deadly Poison","Outmaneuver"],"picked":"SKIP","floor":48}],"player_experience":420504,"relics_obtained":[{"floor":7,"key":"Bag of Marbles"},{"floor":9,"key":"Ice Cream"},{"floor":12,"key":"Tiny Chest"},{"floor":23,"key":"Bottled Tornado"},{"floor":26,"key":"Bronze Scales"},{"floor":29,"key":"Paper Crane"},{"floor":40,"key":"Sundial"},{"floor":44,"key":"Omamori"},{"floor":46,"key":"Art of War"},{"floor":48,"key":"Anchor"}],"event_choices":[{"damage_healed":0,"gold_gain":0,"player_choice":"Grow","damage_taken":0,"max_hp_gain":0,"max_hp_loss":0,"event_name":"Living Wall","floor":2,"gold_loss":0,"cards_upgraded":["Skewer"]},{"damage_healed":0,"gold_gain":275,"player_choice":"Desecrate","damage_taken":0,"max_hp_gain":0,"max_hp_loss":0,"event_name":"Golden Shrine","floor":5,"gold_loss":0,"cards_obtained":["Regret"]},{"damage_healed":0,"gold_gain":0,"player_choice":"Became a vampire","damage_taken":0,"max_hp_gain":0,"max_hp_loss":20,"event_name":"Vampires","floor":19,"gold_loss":0,"cards_obtained":["Bite","Bite","Bite","Bite","Bite"]},{"damage_healed":0,"gold_gain":0,"player_choice":"Rummage","damage_taken":0,"relics_obtained":["WarpedTongs"],"max_hp_gain":0,"max_hp_loss":0,"event_name":"Accursed Blacksmith","floor":21,"gold_loss":0,"cards_obtained":["Pain"]},{"damage_healed":0,"gold_gain":0,"player_choice":"Shed Blood","damage_taken":12,"max_hp_gain":5,"max_hp_loss":0,"event_name":"Forgotten Altar","floor":31,"gold_loss":0},{"damage_healed":0,"gold_gain":0,"player_choice":"0 cards matched","damage_taken":0,"max_hp_gain":0,"max_hp_loss":0,"event_name":"Match and Keep!","floor":36,"gold_loss":0,"cards_obtained":[]},{"damage_healed":0,"gold_gain":0,"player_choice":"Memory 1","damage_taken":0,"max_hp_gain":0,"max_hp_loss":0,"event_name":"SensoryStone","floor":38,"gold_loss":0},{"damage_healed":0,"gold_gain":0,"cards_transformed":["Defend_G"],"player_choice":"Transformed","damage_taken":0,"max_hp_gain":0,"max_hp_loss":0,"event_name":"Transmorgrifier","floor":42,"gold_loss":0,"cards_obtained":["Leg Sweep"]}],"is_beta":false,"boss_relics":[{"not_picked":["Snecko Eye","HoveringKite"],"picked":"Sozu"},{"not_picked":["Eternal Feather","Astrolabe"],"picked":"Ring of the Serpent"}],"items_purged_floors":[10,24],"is_endless":false,"potions_floor_spawned":[1,4,12,16,20,22,33,40,44,46],"ascension_level":14}