{"gold_per_floor":[114,15,190,190,207,542,542,542,569,281,292,312,332,345,345,446,446,460,385,400,400,417,478,488,523,577,577,577,631,646,320,320,418,418,435,435,451,45,45,45,61,61,142,142,142,157,187,203,203,203,203,203,7,37,37],"floor_reached":56,"playtime":4782,"items_purged":["Strike_B"],"score":1166,"play_id":"800db306-896d-4d8b-83a6-2840aef46b9c","local_time":"20190330060156","is_ascension_mode":false,"campfire_choices":[{"floor":7,"key":"REST"},{"data":"Defragment","floor":15,"key":"SMITH"},{"floor":27,"key":"REST"},{"floor":32,"key":"REST"},{"floor":42,"key":"RECALL"},{"floor":45,"key":"REST"},{"floor":49,"key":"REST"},{"floor":52,"key":"REST"}],"neow_cost":"NONE","seed_source_timestamp":134326188845800,"circlet_count":0,"master_deck":["Defend_B+1","Defend_B+1","Defend_B+1","Defend_B+1","Zap+1","Dualcast","Steam Power+1","BootSequence","Ball Lightning","Self Repair","Defragment+1","Reinforced Body","Cold Snap+1","Rip and Tear+1","Amplify","Cold Snap","Defend_B+1","Coolheaded+1","Creative AI","Ball Lightning+1","Capacitor","Undo","Double Energy","Mind Blast","Reboot","Consume+1","Barrage+1","Barrage","Capacitor","Skim+1"],"relics":["FrozenCore","Spirit Poop","Old Coin","Art of War","War Paint","OrangePellets","Tiny Chest","Vajra","Orichalcum","Whetstone","Fusion Hammer","Happy Flower","Cables","Letter Opener","Blue Candle","Dodecahedron","Bag of Marbles","Mango"],"potions_floor_usage":[18,22,23,24,25,55,55],"damage_taken":[{"damage":1,"enemies":"Jaw Worm","floor":1,"turns":3},{"damage":1,"enemies":"Cultist","floor":5,"turns":3},{"damage":51,"enemies":"3 Sentries","floor":6,"turns":10},{"damage":0,"enemies":"Small Slimes","floor":11,"turns":3},{"damage":0,"enemies":"Exordium Wildlife","floor":12,"turns":3},{"damage":0,"enemies":"2 Fungi Beasts","floor":13,"turns":3},{"damage":1,"enemies":"Exordium Thugs","floor":14,"turns":5},{"damage":24,"enemies":"The Guardian","floor":16,"turns":10},{"damage":0,"enemies":"3 Byrds","floor":18,"turns":6},{"damage":0,"enemies":"Spheric Guardian","floor":20,"turns":5},{"damage":4,"enemies":"3 Cultists","floor":22,"turns":6},{"damage":16,"enemies":"Slavers","floor":23,"turns":9},{"damage":9,"enemies":"Snake Plant","floor":24,"turns":6},{"damage":49,"enemies":"Gremlin Leader","floor":25,"turns":10},{"damage":3,"enemies":"Centurion and Healer","floor":30,"turns":12},{"damage":25,"enemies":"Collector","floor":33,"turns":10},{"damage":0,"enemies":"Orb Walker","floor":35,"turns":5},{"damage":21,"enemies":"3 Darklings","floor":37,"turns":9},{"damage":0,"enemies":"Sphere and 2 Shapes","floor":41,"turns":5},{"damage":6,"enemies":"Jaw Worm Horde","floor":46,"turns":6},{"damage":3,"enemies":"Reptomancer","floor":47,"turns":9},{"damage":0,"enemies":"Maw","floor":48,"turns":7},{"damage":9,"enemies":"Time Eater","floor":50,"turns":12},{"damage":43,"enemies":"Shield and Spear","floor":54,"turns":7},{"damage":7,"enemies":"The Heart","floor":55,"turns":11}],"seed_played":"3743646369455661140","potions_obtained":[{"floor":1,"key":"SpeedPotion"},{"floor":13,"key":"FairyPotion"},{"floor":16,"key":"Weak Potion"},{"floor":20,"key":"AttackPotion"},{"floor":22,"key":"Dexterity Potion"},{"floor":23,"key":"AttackPotion"},{"floor":35,"key":"Weak Potion"}],"is_trial":false,"path_per_floor":["M","$","?","?","M","E","R","?","T","$","M","M","M","M","R","B",null,"M","?","M","?","M","E","M","E","T","R","?","T","M","$","R","B",null,"M","?","M","$","?","$","M","R","T","T","R","M","E","M","R","B",null,"R","$","E","B",null],"character_chosen":"DEFECT","items_purchased":["Ball Lightning","Reinforced Body","OrangePellets","Double Energy","Whetstone","Mind Blast","Happy Flower","Cables","Bag of Marbles","Swift Potion"],"campfire_rested":6,"item_purchase_floors":[2,10,10,31,31,31,38,38,53,53],"current_hp_per_floor":[74,74,74,74,73,29,51,39,39,39,46,53,60,66,66,42,75,75,75,75,75,75,66,64,29,29,51,51,51,55,55,75,50,75,75,75,68,68,68,68,75,75,75,75,75,75,75,75,75,66,75,75,75,53,46],"gold":37,"neow_bonus":"TRANSFORM_CARD","is_prod":false,"is_daily":false,"chose_seed":false,"campfire_upgraded":1,"win_rate":0,"timestamp":1553950916,"path_taken":["M","$","?","?","?","E","R","?","T","$","M","M","M","M","R","BOSS","M","?","M","?","?","E","M","E","T","R","?","?","M","$","R","BOSS","M","?","M","$","?","$","M","R","T","?","R","?","E","M","R","BOSS","R","$","E","BOSS"],"build_version":"2019-01-23","purchased_purges":1,"victory":true,"max_hp_per_floor":[75,75,75,75,75,75,75,75,75,75,75,75,75,75,75,75,75,75,75,75,75,75,75,75,75,75,75,75,75,75,75,75,75,75,75,75,75,75,75,75,75,75,75,75,75,75,75,75,75,75,75,75,75,89,89],"card_choices":[{"not_picked":["Sweeping Beam","Streamline"],"picked":"BootSequence","floor":1},{"not_picked":["Hologram","Turbo"],"picked":"Self Repair","floor":5},{"not_picked":["Turbo","FTL"],"picked":"Defragment","floor":6},{"not_picked":["Coolheaded","Redo"],"picked":"Cold Snap","floor":11},{"not_picked":["Storm","Steam"],"picked":"Conserve Battery","floor":12},{"not_picked":["Conserve Battery","Gash","Leap"],"picked":"SKIP","floor":13},{"not_picked":["Go for the Eyes","Ball Lightning"],"picked":"Rip and Tear","floor":14},{"not_picked":["Hyperbeam","Biased Cognition"],"picked":"Amplify","floor":16},{"not_picked":["Static Discharge","Aggregate"],"picked":"Cold Snap","floor":18},{"not_picked":["Coolheaded","Chill","Force Field"],"picked":"SKIP","floor":20},{"not_picked":["Leap+1","Stack"],"picked":"Coolheaded+1","floor":22},{"not_picked":["Self Repair+1","Redo"],"picked":"Creative AI","floor":23},{"not_picked":["Barrage","Chaos"],"picked":"Ball Lightning+1","floor":24},{"not_picked":["Sweeping Beam","Beam Cell"],"picked":"Capacitor","floor":25},{"not_picked":["Steam Power+1","FTL+1"],"picked":"Undo","floor":30},{"not_picked":["Fission","Thunder Strike"],"picked":"Reboot","floor":33},{"not_picked":["Glacier","Undo+1"],"picked":"Consume+1","floor":35},{"not_picked":["Cold Snap","Undo"],"picked":"Barrage+1","floor":37},{"not_picked":["Self Repair+1","Rebound","Ball Lightning"],"picked":"SKIP","floor":41},{"not_picked":["Lockon","Stack+1","Undo"],"picked":"SKIP","floor":46},{"not_picked":["Lockon","Stack+1","Undo"],"picked":"SKIP","floor":46},{"not_picked":["Compile Driver+1","Streamline+1"],"picked":"Barrage","floor":47},{"not_picked":["Conserve Battery+1","Beam Cell"],"picked":"Capacitor","floor":48},{"not_picked":["Machine Learning","Steam"],"picked":"Skim+1","floor":54}],"player_experience":192602,"relics_obtained":[{"floor":6,"key":"Old Coin"},{"floor":9,"key":"War Paint"},{"floor":23,"key":"Tiny Chest"},{"floor":25,"key":"Vajra"},{"floor":29,"key":"Orichalcum"},{"floor":43,"key":"Letter Opener"},{"floor":44,"key":"Blue Candle"},{"floor":47,"key":"Dodecahedron"},{"floor":54,"key":"Mango"}],"event_choices":[{"damage_healed":0,"gold_gain":175,"player_choice":"AGREE","damage_taken":0,"max_hp_gain":0,"max_hp_loss":0,"event_name":"Liars Game","floor":3,"gold_loss":0,"cards_obtained":["Doubt"]},{"cards_removed":["Doubt"],"damage_healed":0,"gold_gain":0,"player_choice":"Offered Curse","damage_taken":0,"relics_obtained":["Spirit Poop"],"max_hp_gain":0,"max_hp_loss":0,"event_name":"Bonfire Elementals","floor":4,"gold_loss":0},{"damage_healed":0,"gold_gain":0,"player_choice":"Success","damage_taken":12,"relics_obtained":["Art of War"],"max_hp_gain":0,"max_hp_loss":0,"event_name":"Scrap Ooze","floor":8,"gold_loss":0},{"cards_removed":["Strike_B"],"damage_healed":0,"gold_gain":0,"player_choice":"Gave Gold","damage_taken":0,"max_hp_gain":0,"max_hp_loss":0,"event_name":"Beggar","floor":19,"gold_loss":75},{"cards_removed":["Conserve Battery"],"damage_healed":0,"gold_gain":0,"player_choice":"Took Card","damage_taken":0,"max_hp_gain":0,"max_hp_loss":0,"event_name":"NoteForYourself","floor":21,"gold_loss":0,"cards_obtained":["Defend_B"]},{"damage_healed":0,"gold_gain":0,"player_choice":"Simplicity","damage_taken":0,"max_hp_gain":0,"max_hp_loss":0,"event_name":"Back to Basics","floor":28,"gold_loss":0,"cards_upgraded":["Strike_B","Defend_B","Defend_B","Defend_B","Defend_B","Defend_B"]},{"damage_healed":0,"gold_gain":0,"player_choice":"Ignored","damage_taken":0,"max_hp_gain":0,"max_hp_loss":0,"event_name":"Mysterious Sphere","floor":36,"gold_loss":0},{"cards_removed":["Strike_B"],"damage_healed":0,"gold_gain":0,"player_choice":"Removed Attack","damage_taken":0,"max_hp_gain":0,"max_hp_loss":0,"event_name":"Falling","floor":39,"gold_loss":0}],"is_beta":false,"boss_relics":[{"not_picked":["Ectoplasm","Eternal Feather"],"picked":"FrozenCore"},{"not_picked":["Black Star","Empty Cage"],"picked":"Fusion Hammer"}],"items_purged_floors":[2],"is_endless":false,"potions_floor_spawned":[1,13,16,20,22,23,35],"ascension_level":0}