{"gold_per_floor":[112,112,187,25,43,43,57,57,57,107,107,138,151,161,161,235,235,246,263,263,178,204,216],"floor_reached":23,"playtime":900,"items_purged":[],"score":382,"play_id":"03085a1f-949d-4fd7-8a5b-634644eb685f","local_time":"20190627214126","is_ascension_mode":true,"campfire_choices":[{"data":"Ball Lightning","floor":6.0,"key":"SMITH"},{"data":"Zap","floor":8.0,"key":"SMITH"},{"data":"Darkness","floor":11.0,"key":"SMITH"},{"floor":15.0,"key":"REST"}],"neow_cost":"TEN_PERCENT_HP_LOSS","seed_source_timestamp":0,"circlet_count":0,"master_deck":["AscendersBane","Strike_B","Strike_B","Defend_B","Defend_B","Defend_B","Defend_B","Zap+1","Dualcast","Static Discharge","Redo","Darkness+1","Ball Lightning+1","Undo","Conserve Battery","Cold Snap","Capacitor","Biased Cognition","Decay"],"special_seed":0,"relics":["Cracked Core","Anchor","The Courier","Dream Catcher","Busted Crown","MawBank"],"potions_floor_usage":[18,23],"damage_taken":[{"damage":14.0,"enemies":"Small Slimes","floor":1.0,"turns":3.0},{"damage":2.0,"enemies":"2 Louse","floor":5.0,"turns":3.0},{"damage":0.0,"enemies":"Cultist","floor":7.0,"turns":3.0},{"damage":20.0,"enemies":"3 Sentries","floor":12.0,"turns":6.0},{"damage":8.0,"enemies":"Exordium Thugs","floor":13.0,"turns":4.0},{"damage":4.0,"enemies":"2 Fungi Beasts","floor":14.0,"turns":3.0},{"damage":25.0,"enemies":"Slime Boss","floor":16.0,"turns":5.0},{"damage":0,"enemies":"Chosen","floor":18,"turns":3},{"damage":10,"enemies":"Shell Parasite","floor":19,"turns":5},{"damage":26,"enemies":"Centurion and Healer","floor":22,"turns":7},{"damage":31,"enemies":"Slavers","floor":23,"turns":4}],"seed_played":"-5791164284371956085","potions_obtained":[{"floor":1.0,"key":"FearPotion"},{"floor":7.0,"key":"Weak Potion"},{"floor":16.0,"key":"FocusPotion"},{"floor":22,"key":"FearPotion"}],"is_trial":false,"path_per_floor":["M","?","?","$","M","R","M","R","T","?","R","E","M","M","R","B",null,"M","M","?","?","M","E"],"character_chosen":"DEFECT","items_purchased":["Anchor"],"campfire_rested":1,"item_purchase_floors":[4],"current_hp_per_floor":[50,55,44,44,42,42,42,42,42,42,42,22,14,10,30,5,53,53,43,43,43,17,0],"gold":216,"neow_bonus":"TRANSFORM_TWO_CARDS","is_prod":false,"is_daily":false,"chose_seed":false,"campfire_upgraded":3,"win_rate":0,"timestamp":1561696886,"path_taken":["M","?","?","$","M","R","M","R","T","?","R","E","M","M","R","BOSS","M","?","?","?","M","E"],"build_version":"2019-06-24","purchased_purges":0,"victory":false,"max_hp_per_floor":[64,69,69,69,69,69,69,69,69,69,69,69,69,69,69,69,69,69,69,69,69,69,69],"card_choices":[{"not_picked":["Loop","Turbo"],"picked":"Darkness","floor":1.0},{"not_picked":["Chill","Consume"],"picked":"Ball Lightning","floor":5.0},{"not_picked":["White Noise","Sweeping Beam"],"picked":"Undo","floor":7.0},{"not_picked":["Beam Cell","Rip and Tear","Aggregate"],"picked":"SKIP","floor":12.0},{"not_picked":["Streamline","Rebound"],"picked":"Conserve Battery","floor":13.0},{"not_picked":["BootSequence","Meteor Strike"],"picked":"Cold Snap","floor":14.0},{"not_picked":["Barrage","Steam Power"],"picked":"Capacitor","floor":15.0},{"not_picked":["Multi-Cast","Creative AI"],"picked":"Biased Cognition","floor":16.0},{"not_picked":["Scrape"],"picked":"SKIP","floor":18},{"not_picked":["Hello World+1"],"picked":"SKIP","floor":19},{"not_picked":["Beam Cell+1"],"picked":"SKIP","floor":22}],"player_experience":1696157,"relics_obtained":[{"floor":9.0,"key":"The Courier"},{"floor":12.0,"key":"Dream Catcher"}],"event_choices":[{"damage_healed":0.0,"max_hp_gain":5.0,"max_hp_loss":0.0,"gold_gain":0.0,"event_name":"Big Fish","player_choice":"Donut","floor":2.0,"gold_loss":0.0,"damage_taken":0.0},{"damage_healed":0.0,"max_hp_gain":0.0,"max_hp_loss":0.0,"gold_gain":75.0,"event_name":"World of Goop","player_choice":"Gather Gold","floor":3.0,"gold_loss":0.0,"damage_taken":11.0},{"damage_healed":0.0,"max_hp_gain":0.0,"max_hp_loss":0.0,"gold_gain":50.0,"event_name":"Golden Shrine","player_choice":"Pray","floor":10.0,"gold_loss":0.0,"damage_taken":0.0},{"damage_healed":0,"gold_gain":0,"player_choice":"Smashed Altar","damage_taken":0,"max_hp_gain":0,"max_hp_loss":0,"event_name":"Forgotten Altar","floor":20,"gold_loss":0,"cards_obtained":["Decay"]},{"damage_healed":0,"gold_gain":0,"player_choice":"Obtained Relic","damage_taken":0,"relics_obtained":["MawBank"],"max_hp_gain":0,"max_hp_loss":0,"event_name":"Addict","floor":21,"gold_loss":85}],"is_beta":true,"boss_relics":[{"not_picked":["Ectoplasm","FrozenCore"],"picked":"Busted Crown"}],"items_purged_floors":[],"is_endless":false,"potions_floor_spawned":[1,7,16,22],"killed_by":"Slavers","ascension_level":20}