{"gold_per_floor":[11,28,46,56,74,108,120,120,145,186,198,8,20,51,51,148,148,167,82,82,32,32,32,67,67,67,99,109,125,45,58,58,160,160,177,197,213,89,134,166,166,195,195,226,326,343,354,372,372,372,372,372,34,60,60],"floor_reached":56,"playtime":5528,"items_purged":["Strike_G","Strike_G"],"score":1606,"play_id":"a666c7b1-f132-49b3-be88-debbd97d171d","local_time":"20190516214820","is_ascension_mode":true,"campfire_choices":[{"data":"Bullet Time","floor":15.0,"key":"SMITH"},{"data":"Footwork","floor":23.0,"key":"SMITH"},{"data":"Tools of the Trade","floor":25.0,"key":"SMITH"},{"floor":32,"key":"REST"},{"data":"Choke","floor":41,"key":"SMITH"},{"floor":49,"key":"RECALL"},{"floor":52,"key":"REST"}],"neow_cost":"NO_GOLD","seed_source_timestamp":14050459963700,"circlet_count":0,"master_deck":["Defend_G","Defend_G","Defend_G","Defend_G","Defend_G","Strike_G","Strike_G","Strike_G","Survivor","Neutralize","Bullet Time+1","Dodge and Roll","Flechettes","Footwork+1","Leg Sweep+1","Die Die Die","Glass Knife","Backflip+1","Quick Slash","Tools of the Trade+1","Finisher","Well Laid Plans","Caltrops","Choke","Glass Knife","Choke+1","Bullet Time","Skewer+1","Riddle With Holes","Caltrops"],"special_seed":0,"relics":["Ring of the Serpent","Ornamental Fan","MawBank","Pear","FossilizedHelix","Lee\u0027s Waffle","Vajra","Regal Pillow","Smiling Mask","Bag of Marbles","Peace Pipe","Thread and Needle","Snecko Eye","StoneCalendar","Incense Burner","Boot","War Paint","Paper Crane","Art of War"],"potions_floor_usage":[33,50,55,55],"damage_taken":[{"damage":2.0,"enemies":"Cultist","floor":1.0,"turns":4.0},{"damage":6.0,"enemies":"Small Slimes","floor":2.0,"turns":4.0},{"damage":0.0,"enemies":"Jaw Worm","floor":3.0,"turns":6.0},{"damage":3.0,"enemies":"Exordium Thugs","floor":4.0,"turns":6.0},{"damage":0.0,"enemies":"Blue Slaver","floor":5.0,"turns":5.0},{"damage":18.0,"enemies":"Lagavulin","floor":6.0,"turns":13.0},{"damage":15.0,"enemies":"Large Slime","floor":7.0,"turns":10.0},{"damage":13.0,"enemies":"3 Sentries","floor":10.0,"turns":16.0},{"damage":0.0,"enemies":"2 Fungi Beasts","floor":13.0,"turns":3.0},{"damage":7.0,"enemies":"Gremlin Nob","floor":14.0,"turns":5.0},{"damage":70.0,"enemies":"Slime Boss","floor":16.0,"turns":23.0},{"damage":4.0,"enemies":"2 Thieves","floor":18.0,"turns":4.0},{"damage":13.0,"enemies":"Gremlin Leader","floor":24.0,"turns":6.0},{"damage":19.0,"enemies":"Slavers","floor":27.0,"turns":5.0},{"damage":0.0,"enemies":"3 Byrds","floor":28.0,"turns":5.0},{"damage":0.0,"enemies":"Shelled Parasite and Fungi","floor":29.0,"turns":6.0},{"damage":0,"enemies":"Chosen and Byrds","floor":31,"turns":6},{"damage":24,"enemies":"Automaton","floor":33,"turns":12},{"damage":0,"enemies":"3 Darklings","floor":35,"turns":4},{"damage":0,"enemies":"3 Shapes","floor":36,"turns":5},{"damage":0,"enemies":"Spire Growth","floor":37,"turns":2},{"damage":0,"enemies":"2 Orb Walkers","floor":39,"turns":5},{"damage":2,"enemies":"Reptomancer","floor":40,"turns":7},{"damage":0,"enemies":"Nemesis","floor":42,"turns":7},{"damage":0,"enemies":"Reptomancer","floor":44,"turns":7},{"damage":0,"enemies":"Maw","floor":46,"turns":7},{"damage":0,"enemies":"Transient","floor":47,"turns":5},{"damage":0,"enemies":"Jaw Worm Horde","floor":48,"turns":4},{"damage":60,"enemies":"Time Eater","floor":50,"turns":14},{"damage":40,"enemies":"Shield and Spear","floor":54,"turns":7},{"damage":18,"enemies":"The Heart","floor":55,"turns":10}],"seed_played":"4165127639169738006","potions_obtained":[{"floor":2.0,"key":"Explosive Potion"},{"floor":3.0,"key":"SteroidPotion"},{"floor":6.0,"key":"FearPotion"},{"floor":10.0,"key":"Block Potion"},{"floor":16.0,"key":"Energy Potion"},{"floor":24.0,"key":"Strength Potion"},{"floor":28.0,"key":"PowerPotion"},{"floor":31,"key":"Weak Potion"},{"floor":36,"key":"EssenceOfSteel"},{"floor":42,"key":"FearPotion"},{"floor":47,"key":"Swift Potion"}],"is_trial":false,"path_per_floor":["M","M","M","M","M","E","M","?","T","E","T","$","M","E","R","B",null,"M","?","?","$","?","R","E","R","T","E","M","M","$","M","R","B",null,"M","M","M","$","?","E","R","E","T","E","?","M","M","M","R","B",null,"R","$","E","B",null],"character_chosen":"THE_SILENT","items_purchased":["Lee\u0027s Waffle","Choke","Choke","Paper Crane","Caltrops"],"campfire_rested":2,"item_purchase_floors":[12,30,38,53,53],"current_hp_per_floor":[61,55,55,52,52,34,19,42,42,39,39,87,87,80,80,10,68,64,64,64,64,64,64,51,51,51,32,32,32,32,32,73,49,78,78,78,78,78,78,76,76,76,76,76,76,76,76,76,76,16,69,87,87,47,29],"gold":60,"neow_bonus":"THREE_RARE_CARDS","is_prod":false,"is_daily":false,"chose_seed":false,"campfire_upgraded":4,"win_rate":0,"timestamp":1558068500,"path_taken":["M","M","?","M","M","E","M","?","T","E","?","$","M","E","R","BOSS","M","?","?","$","?","R","E","R","T","E","M","M","$","M","R","BOSS","M","M","M","$","?","E","R","E","T","E","?","?","M","M","R","BOSS","R","$","E","BOSS"],"build_version":"2019-01-23","purchased_purges":2,"victory":true,"max_hp_per_floor":[70,70,70,70,70,70,70,70,70,80,80,87,87,87,87,87,87,87,87,87,87,87,87,87,87,87,87,87,87,87,87,87,87,87,87,87,87,87,87,87,87,87,87,87,87,87,87,87,87,87,87,87,87,87,87],"card_choices":[{"not_picked":["After Image","Venomology"],"picked":"Bullet Time","floor":0.0},{"not_picked":["Blade Dance","All Out Attack"],"picked":"Dodge and Roll","floor":1.0},{"not_picked":["Deadly Poison","Caltrops"],"picked":"Flechettes","floor":2.0},{"not_picked":["Flying Knee","Accuracy"],"picked":"Footwork","floor":3.0},{"not_picked":["Reflex","Dodge and Roll"],"picked":"Leg Sweep","floor":4.0},{"not_picked":["Tactician","Flechettes","Underhanded Strike"],"picked":"SKIP","floor":5.0},{"not_picked":["Bouncing Flask","Masterful Stab"],"picked":"Die Die Die","floor":6.0},{"not_picked":["Underhanded Strike","Slice","Sucker Punch"],"picked":"SKIP","floor":7.0},{"not_picked":["Dodge and Roll","Slice"],"picked":"Glass Knife","floor":10.0},{"not_picked":["Underhanded Strike","Flying Knee"],"picked":"Backflip","floor":13.0},{"not_picked":["Tactician","Poisoned Stab"],"picked":"Quick Slash","floor":14.0},{"not_picked":["Doppelganger","Envenom"],"picked":"Tools of the Trade","floor":16.0},{"not_picked":["Flechettes","Flying Knee","Setup+1"],"picked":"SKIP","floor":18.0},{"not_picked":["Dagger Spray","Sucker Punch"],"picked":"Well Laid Plans","floor":24.0},{"not_picked":["PiercingWail","Leg Sweep"],"picked":"Caltrops","floor":27.0},{"not_picked":["Deflect","All Out Attack+1","Blade Dance"],"picked":"SKIP","floor":28.0},{"not_picked":["Malaise","Slice","Infinite Blades"],"picked":"SKIP","floor":29},{"not_picked":["Outmaneuver","Cloak And Dagger","Dodge and Roll"],"picked":"SKIP","floor":31},{"not_picked":["Storm of Steel","Die Die Die"],"picked":"Glass Knife","floor":33},{"not_picked":["Heel Hook","Prepared+1","Escape Plan+1"],"picked":"SKIP","floor":35},{"not_picked":["Blade Dance","Expertise+1","Quick Slash"],"picked":"SKIP","floor":36},{"not_picked":["Terror","Acrobatics+1","Tactician+1"],"picked":"SKIP","floor":37},{"not_picked":["Deflect+1","Tactician+1"],"picked":"Bullet Time","floor":40},{"not_picked":["Acrobatics","Setup+1"],"picked":"Skewer+1","floor":42},{"not_picked":["Bane","Blade Dance+1"],"picked":"Riddle With Holes","floor":44},{"not_picked":["Bane+1","Endless Agony","Backflip+1"],"picked":"SKIP","floor":46},{"not_picked":["Deflect+1","Underhanded Strike","Dagger Spray"],"picked":"SKIP","floor":47},{"not_picked":["Deflect+1","Underhanded Strike","Dagger Spray"],"picked":"SKIP","floor":47},{"not_picked":["Setup","Dagger Spray+1","A Thousand Cuts"],"picked":"SKIP","floor":48},{"not_picked":["Blade Dance+1","Crippling Poison+1","Underhanded Strike"],"picked":"SKIP","floor":54}],"player_experience":329018,"relics_obtained":[{"floor":6.0,"key":"Ornamental Fan"},{"floor":9.0,"key":"MawBank"},{"floor":10.0,"key":"Pear"},{"floor":11.0,"key":"FossilizedHelix"},{"floor":14.0,"key":"Vajra"},{"floor":24.0,"key":"Bag of Marbles"},{"floor":26.0,"key":"Peace Pipe"},{"floor":27.0,"key":"Thread and Needle"},{"floor":39,"key":"StoneCalendar"},{"floor":40,"key":"Incense Burner"},{"floor":42,"key":"Boot"},{"floor":44,"key":"War Paint"},{"floor":54,"key":"Art of War"}],"event_choices":[{"damage_healed":23.0,"max_hp_gain":0.0,"max_hp_loss":0.0,"gold_gain":0.0,"event_name":"Big Fish","player_choice":"Banana","floor":8.0,"gold_loss":0.0,"damage_taken":0.0},{"damage_healed":0.0,"max_hp_gain":0.0,"max_hp_loss":0.0,"gold_gain":0.0,"event_name":"Addict","player_choice":"Obtained Relic","floor":19.0,"gold_loss":85.0,"damage_taken":0.0,"relics_obtained":["Regal Pillow"]},{"damage_healed":0.0,"max_hp_gain":0.0,"max_hp_loss":0.0,"gold_gain":0.0,"event_name":"The Mausoleum","player_choice":"Opened","floor":20.0,"gold_loss":0.0,"damage_taken":0.0,"relics_obtained":["Smiling Mask"]},{"damage_healed":0.0,"max_hp_gain":0.0,"max_hp_loss":0.0,"gold_gain":0.0,"event_name":"The Library","player_choice":"Read","floor":22.0,"gold_loss":0.0,"damage_taken":0.0,"cards_obtained":["Finisher"]},{"damage_healed":0,"gold_gain":0,"player_choice":"Fight","damage_taken":0,"max_hp_gain":0,"max_hp_loss":0,"event_name":"Mysterious Sphere","floor":39,"gold_loss":0},{"damage_healed":0,"gold_gain":100,"player_choice":"Pray","damage_taken":0,"max_hp_gain":0,"max_hp_loss":0,"event_name":"Golden Shrine","floor":45,"gold_loss":0}],"is_beta":false,"boss_relics":[{"not_picked":["Busted Crown","Calling Bell"],"picked":"Ring of the Serpent"},{"not_picked":["Sozu","Astrolabe"],"picked":"Snecko Eye"}],"items_purged_floors":[21,38],"is_endless":false,"potions_floor_spawned":[2,3,6,10,16,24,28,31,36,42,47,48],"ascension_level":6}