{"gold_per_floor":[111,128,140,315,315,48,48,65,65,94,109,31,63,81,81,182,182,196,196,211,18,18,18],"floor_reached":23,"playtime":2170,"items_purged":[],"score":266,"play_id":"371bb25a-f05e-4787-82d4-c504a04959e1","local_time":"20190428135257","is_ascension_mode":true,"campfire_choices":[{"data":"Zap","floor":7,"key":"SMITH"},{"floor":15,"key":"REST"}],"neow_cost":"NONE","seed_source_timestamp":331252681520200,"circlet_count":0,"master_deck":["Strike_B","Strike_B","Strike_B","Strike_B","Defend_B","Defend_B","Defend_B","Defend_B","Zap+1","Dualcast","Leap","Reinforced Body","Cold Snap","Consume","Consume","Cold Snap","Undo","Compile Driver","Creative AI+1","Darkness+1"],"relics":["Cracked Core","DollysMirror","Du-Vu Doll","Unceasing Top","Pear","White Beast Statue","Chemical X","Gambling Chip"],"potions_floor_usage":[2,10,16,16,23,23],"damage_taken":[{"damage":0,"enemies":"2 Louse","floor":1,"turns":2},{"damage":2,"enemies":"Jaw Worm","floor":2,"turns":3},{"damage":0,"enemies":"Cultist","floor":3,"turns":4},{"damage":4,"enemies":"Exordium Wildlife","floor":8,"turns":5},{"damage":17,"enemies":"3 Sentries","floor":10,"turns":8},{"damage":1,"enemies":"Large Slime","floor":11,"turns":6},{"damage":29,"enemies":"Gremlin Nob","floor":13,"turns":5},{"damage":4,"enemies":"Blue Slaver","floor":14,"turns":4},{"damage":44,"enemies":"The Guardian","floor":16,"turns":17},{"damage":22,"enemies":"Shell Parasite","floor":18,"turns":25},{"damage":17,"enemies":"Spheric Guardian","floor":20,"turns":8},{"damage":53,"enemies":"Gremlin Leader","floor":23,"turns":8}],"seed_played":"-7230781629532614193","potions_obtained":[{"floor":1,"key":"PowerPotion"},{"floor":2,"key":"LiquidBronze"},{"floor":8,"key":"FearPotion"},{"floor":10,"key":"SteroidPotion"},{"floor":18,"key":"Poison Potion"},{"floor":20,"key":"Fire Potion"}],"is_trial":false,"path_per_floor":["M","M","M","?","?","$","R","M","T","E","M","$","E","M","R","B",null,"M","?","M","$","?","E"],"character_chosen":"DEFECT","items_purchased":["Consume","DollysMirror","Undo","Chemical X"],"campfire_rested":1,"item_purchase_floors":[6,6,12,21],"current_hp_per_floor":[82,80,80,80,73,73,73,69,69,52,51,51,32,28,55,11,92,70,70,53,53,53,0],"gold":18,"neow_bonus":"TEN_PERCENT_HP_BONUS","is_prod":false,"is_daily":false,"chose_seed":false,"campfire_upgraded":1,"win_rate":0,"timestamp":1556484777,"path_taken":["M","M","M","?","?","$","R","M","T","E","M","$","E","M","R","BOSS","M","?","?","$","?","E"],"build_version":"2019-01-23","purchased_purges":0,"victory":false,"max_hp_per_floor":[82,82,82,82,82,82,82,82,82,82,82,82,92,92,92,92,92,92,92,92,92,92,92],"card_choices":[{"not_picked":["Blizzard","Stack"],"picked":"Leap","floor":1},{"not_picked":["Leap","Stack"],"picked":"Reinforced Body","floor":2},{"not_picked":["Leap","Sunder"],"picked":"Cold Snap","floor":3},{"not_picked":["Gash","Beam Cell","Stack"],"picked":"SKIP","floor":8},{"not_picked":["Heatsinks","Go for the Eyes","Consume"],"picked":"SKIP","floor":10},{"not_picked":["Multi-Cast","Steam"],"picked":"Cold Snap","floor":11},{"not_picked":["Static Discharge","Coolheaded"],"picked":"Compile Driver","floor":13},{"not_picked":["Hello World","Recycle","Barrage"],"picked":"SKIP","floor":14},{"not_picked":["All For One","Fission"],"picked":"Creative AI","floor":16},{"not_picked":["Steam","Cold Snap","Go for the Eyes"],"picked":"SKIP","floor":18},{"not_picked":["Static Discharge","Conserve Battery"],"picked":"Darkness+1","floor":20}],"player_experience":254426,"relics_obtained":[{"floor":9,"key":"Du-Vu Doll"},{"floor":10,"key":"Unceasing Top"},{"floor":13,"key":"Pear"}],"event_choices":[{"damage_healed":0,"gold_gain":175,"player_choice":"AGREE","damage_taken":0,"max_hp_gain":0,"max_hp_loss":0,"event_name":"Liars Game","floor":4,"gold_loss":0,"cards_obtained":["Doubt"]},{"cards_removed":["Doubt"],"damage_healed":0,"gold_gain":0,"player_choice":"Card Removal","damage_taken":7,"max_hp_gain":0,"max_hp_loss":0,"event_name":"Golden Wing","floor":5,"gold_loss":0},{"damage_healed":0,"gold_gain":0,"player_choice":"Upgraded","damage_taken":0,"max_hp_gain":0,"max_hp_loss":0,"event_name":"Upgrade Shrine","floor":19,"gold_loss":0,"cards_upgraded":["Creative AI"]},{"damage_healed":0,"gold_gain":0,"player_choice":"Opened","damage_taken":0,"relics_obtained":["Gambling Chip"],"max_hp_gain":0,"max_hp_loss":0,"event_name":"The Mausoleum","floor":22,"gold_loss":0}],"is_beta":false,"boss_relics":[{"not_picked":["Coffee Dripper","Runic Dome"],"picked":"White Beast Statue"}],"items_purged_floors":[],"is_endless":false,"potions_floor_spawned":[1,2,8,10,18,20],"killed_by":"Gremlin Leader","ascension_level":4}