{"gold_per_floor":[17,17,31,43,43,43,69,69,69,101,101,121,64,82,82,156,156,170,190,190,190,203,203,203,230,256,119,139,139,158,193,193,193],"floor_reached":33,"playtime":1166,"items_purged":[],"score":615,"play_id":"0b37a6e7-f656-4d95-a399-6ad7732c8138","local_time":"20190603193934","is_ascension_mode":true,"campfire_choices":[{"data":"Bash","floor":6.0,"key":"SMITH"},{"data":"Carnage","floor":8.0,"key":"SMITH"},{"data":"Uppercut","floor":11.0,"key":"SMITH"},{"data":"Perfected Strike","floor":15.0,"key":"SMITH"},{"data":"Whirlwind","floor":23.0,"key":"SMITH"},{"data":"Perfected Strike","floor":29.0,"key":"SMITH"},{"floor":32.0,"key":"REST"}],"neow_cost":"NO_GOLD","seed_source_timestamp":1474524917700022,"circlet_count":0,"master_deck":["AscendersBane","Strike_R","Strike_R","Strike_R","Strike_R","Defend_R","Defend_R","Defend_R","Defend_R","Bash+1","Wild Strike","Rage","Carnage+1","Uppercut+1","Flame Barrier+1","Flame Barrier+1","Perfected Strike","Perfected Strike+1","True Grit+1","Juggernaut","Metallicize","Twin Strike+1","Whirlwind+1","Writhe","Perfected Strike+1","Shrug It Off+1","Feed","Perfected Strike+1","Shrug It Off+1"],"special_seed":0,"relics":["Burning Blood","Toxic Egg 2","Blood Vial","Matryoshka","Champion Belt","Sozu","Unceasing Top","Shuriken","Art of War","Vajra","Anchor","Orichalcum","Bag of Marbles"],"potions_floor_usage":[],"damage_taken":[{"damage":13.0,"enemies":"Small Slimes","floor":1.0,"turns":5.0},{"damage":0.0,"enemies":"Cultist","floor":3.0,"turns":3.0},{"damage":2.0,"enemies":"2 Louse","floor":4.0,"turns":3.0},{"damage":30.0,"enemies":"Gremlin Nob","floor":7.0,"turns":4.0},{"damage":44.0,"enemies":"3 Sentries","floor":10.0,"turns":8.0},{"damage":4.0,"enemies":"2 Fungi Beasts","floor":12.0,"turns":3.0},{"damage":0.0,"enemies":"Blue Slaver","floor":14.0,"turns":3.0},{"damage":38.0,"enemies":"Slime Boss","floor":16.0,"turns":9.0},{"damage":0.0,"enemies":"Chosen","floor":18.0,"turns":3.0},{"damage":6.0,"enemies":"2 Thieves","floor":19.0,"turns":4.0},{"damage":14.0,"enemies":"Centurion and Healer","floor":22.0,"turns":4.0},{"damage":35.0,"enemies":"Slavers","floor":25.0,"turns":6.0},{"damage":7.0,"enemies":"Snecko","floor":28.0,"turns":4.0},{"damage":23.0,"enemies":"Shelled Parasite and Fungi","floor":30.0,"turns":3.0},{"damage":4.0,"enemies":"Book of Stabbing","floor":31.0,"turns":3.0},{"damage":64,"enemies":"Collector","floor":33,"turns":8}],"seed_played":"-4733856049160469223","potions_obtained":[{"floor":3.0,"key":"Regen Potion"},{"floor":7.0,"key":"SmokeBomb"},{"floor":10.0,"key":"LiquidBronze"},{"floor":12.0,"key":"Weak Potion"}],"is_trial":false,"path_per_floor":["M","?","M","M","?","R","E","R","T","E","R","M","$","M","R","B",null,"M","M","?","?","M","R","T","E","T","$","M","R","M","E","R","B"],"character_chosen":"IRONCLAD","items_purchased":["Perfected Strike","Shrug It Off+1","Feed"],"campfire_rested":1,"item_purchase_floors":[13,27,27],"current_hp_per_floor":[75,75,81,85,74,74,62,62,62,26,26,30,30,38,38,8,69,77,79,79,79,73,73,73,46,46,46,47,47,32,36,62,0],"gold":193,"neow_bonus":"TWENTY_PERCENT_HP_BONUS","is_prod":false,"is_daily":false,"chose_seed":false,"campfire_upgraded":6,"win_rate":0,"timestamp":1559583574,"path_taken":["M","?","?","M","?","R","E","R","T","E","R","M","$","M","R","BOSS","M","M","?","?","M","R","?","E","T","$","M","R","M","E","R","BOSS"],"build_version":"2019-01-23","purchased_purges":0,"victory":false,"max_hp_per_floor":[89,89,89,89,89,89,89,89,89,89,89,89,89,89,89,89,89,89,89,89,89,89,89,89,89,89,89,89,89,89,89,89,89],"card_choices":[{"not_picked":["Warcry","Shrug It Off"],"picked":"Wild Strike","floor":1.0},{"not_picked":["Ghostly Armor","Thunderclap"],"picked":"Carnage","floor":3.0},{"not_picked":["Pummel","Corruption"],"picked":"Uppercut","floor":4.0},{"not_picked":["Havoc+1","Cleave"],"picked":"Flame Barrier+1","floor":7.0},{"not_picked":["Body Slam","Sword Boomerang"],"picked":"Flame Barrier+1","floor":10.0},{"not_picked":["Thunderclap","Uppercut"],"picked":"Perfected Strike","floor":12.0},{"not_picked":["Sentinel+1","Wild Strike"],"picked":"True Grit+1","floor":14.0},{"not_picked":["Limit Break+1","Barricade"],"picked":"Juggernaut","floor":16.0},{"not_picked":["Flex+1","Dropkick"],"picked":"Metallicize","floor":18.0},{"not_picked":["Flame Barrier+1","Shrug It Off+1"],"picked":"Twin Strike+1","floor":19.0},{"not_picked":["Cleave","Heavy Blade"],"picked":"Perfected Strike+1","floor":22.0},{"not_picked":["Sword Boomerang+1","Corruption","Flex+1"],"picked":"SKIP","floor":25.0},{"not_picked":["Uppercut","Body Slam"],"picked":"Perfected Strike","floor":28.0},{"not_picked":["Body Slam","Whirlwind"],"picked":"Shrug It Off+1","floor":30.0},{"not_picked":["Corruption","Exhume+1","Inflame"],"picked":"SKIP","floor":31.0}],"player_experience":516303,"relics_obtained":[{"floor":7.0,"key":"Blood Vial"},{"floor":9.0,"key":"Matryoshka"},{"floor":10.0,"key":"Champion Belt"},{"floor":24.0,"key":"Shuriken"},{"floor":24.0,"key":"Art of War"},{"floor":25.0,"key":"Vajra"},{"floor":26.0,"key":"Anchor"},{"floor":26.0,"key":"Orichalcum"},{"floor":31.0,"key":"Bag of Marbles"}],"event_choices":[{"damage_healed":0.0,"max_hp_gain":0.0,"max_hp_loss":0.0,"gold_gain":0.0,"cards_transformed":["Strike_R"],"event_name":"Transmorgrifier","player_choice":"Transformed","floor":2.0,"gold_loss":0.0,"damage_taken":0.0,"cards_obtained":["Rage"]},{"damage_healed":0.0,"max_hp_gain":0.0,"max_hp_loss":0.0,"gold_gain":0.0,"event_name":"Scrap Ooze","player_choice":"Success","floor":5.0,"gold_loss":0.0,"damage_taken":11.0,"relics_obtained":["Toxic Egg 2"]},{"damage_healed":0.0,"max_hp_gain":0.0,"max_hp_loss":0.0,"gold_gain":0.0,"event_name":"The Library","player_choice":"Read","floor":20.0,"gold_loss":0.0,"damage_taken":0.0,"cards_obtained":["Whirlwind"]},{"damage_healed":0.0,"max_hp_gain":0.0,"max_hp_loss":0.0,"gold_gain":0.0,"event_name":"The Mausoleum","player_choice":"Opened","floor":21.0,"gold_loss":0.0,"damage_taken":0.0,"relics_obtained":["Unceasing Top"],"cards_obtained":["Writhe"]}],"is_beta":false,"boss_relics":[{"not_picked":["Busted Crown","Pandora\u0027s Box"],"picked":"Sozu"}],"items_purged_floors":[],"is_endless":false,"potions_floor_spawned":[3,7,10,12,18,28,30],"killed_by":"Collector","ascension_level":20}