{"gold_per_floor":[111,111,186,204,27,27,59,59,82,94,114,114,140,154,154,225,225,243,259,77,77,0,12,12,27,76,76],"floor_reached":27,"playtime":746,"items_purged":["Strike_B","Strike_B"],"score":422,"play_id":"271f992f-1c6f-431b-8075-1d7c194d8dbd","local_time":"20190527223149","is_ascension_mode":true,"campfire_choices":[{"data":"Zap","floor":6.0,"key":"SMITH"},{"data":"Scrape","floor":8.0,"key":"SMITH"},{"data":"Redo","floor":12.0,"key":"SMITH"},{"data":"Gash","floor":15,"key":"SMITH"},{"floor":24,"key":"REST"}],"neow_cost":"NONE","seed_source_timestamp":880478445897424,"circlet_count":0,"master_deck":["AscendersBane","Strike_B","Strike_B","Defend_B","Defend_B","Defend_B","Defend_B","Zap+1","Dualcast","Sweeping Beam","Gash+1","Scrape+1","Turbo","Go for the Eyes","Redo+1","Electrodynamics","All For One","Impatience"],"special_seed":0,"relics":["Cracked Core","NeowsBlessing","Pear","Pen Nib","Smiling Mask","Runic Dome","Ancient Tea Set","Vajra"],"potions_floor_usage":[14,16,16,16,23,25],"damage_taken":[{"damage":0.0,"enemies":"Small Slimes","floor":1.0,"turns":1.0},{"damage":0.0,"enemies":"2 Louse","floor":4.0,"turns":1.0},{"damage":0.0,"enemies":"Gremlin Nob","floor":7.0,"turns":1.0},{"damage":4.0,"enemies":"Jaw Worm","floor":10.0,"turns":3.0},{"damage":2.0,"enemies":"Large Slime","floor":11.0,"turns":4.0},{"damage":25.0,"enemies":"Lagavulin","floor":13.0,"turns":4.0},{"damage":2,"enemies":"3 Louse","floor":14,"turns":2},{"damage":27,"enemies":"Hexaghost","floor":16,"turns":9},{"damage":0,"enemies":"Spheric Guardian","floor":18,"turns":2},{"damage":26,"enemies":"Shell Parasite","floor":19,"turns":4},{"damage":27,"enemies":"Snake Plant","floor":23,"turns":3},{"damage":28,"enemies":"Sentry and Sphere","floor":25,"turns":4},{"damage":5,"enemies":"Shelled Parasite and Fungi","floor":27,"turns":1}],"seed_played":"-6257072964731776774","potions_obtained":[{"floor":1.0,"key":"Fire Potion"},{"floor":4.0,"key":"FocusPotion"},{"floor":11.0,"key":"EntropicBrew"},{"floor":19,"key":"LiquidBronze"},{"floor":23,"key":"FocusPotion"}],"is_trial":false,"path_per_floor":["M","?","?","M","$","R","E","R","T","M","M","R","E","M","R","B",null,"M","M","$","?","?","M","R","M","T","M"],"character_chosen":"DEFECT","items_purchased":["Scrape","Turbo","Impatience","Swift Potion"],"campfire_rested":1,"item_purchase_floors":[5,5,20,20],"current_hp_per_floor":[64,64,53,53,53,53,63,63,63,59,57,57,32,30,30,3,62,62,36,36,36,36,9,33,5,5,0],"gold":76,"neow_bonus":"THREE_ENEMY_KILL","is_prod":false,"is_daily":false,"chose_seed":false,"campfire_upgraded":4,"win_rate":0,"timestamp":1558989109,"path_taken":["M","?","?","M","$","R","E","R","T","M","M","R","E","M","R","BOSS","M","M","$","?","?","M","R","M","T","M"],"build_version":"2019-01-23","purchased_purges":2,"victory":false,"max_hp_per_floor":[71,71,71,71,71,71,81,81,81,81,81,81,81,81,81,81,81,81,81,81,81,81,81,81,81,81,81],"card_choices":[{"not_picked":["Scrape","Aggregate"],"picked":"Sweeping Beam","floor":1.0},{"not_picked":["Rebound","Turbo"],"picked":"Gash","floor":4.0},{"not_picked":["Conserve Battery","Coolheaded"],"picked":"Go for the Eyes","floor":7.0},{"not_picked":["Fusion","Capacitor"],"picked":"Redo","floor":10.0},{"not_picked":["Conserve Battery","Reinforced Body"],"picked":"Electrodynamics","floor":11.0},{"not_picked":["Fusion","Rebound","Lockon"],"picked":"SKIP","floor":13.0},{"not_picked":["Hologram","Chaos","Force Field"],"picked":"SKIP","floor":14},{"not_picked":["Rainbow","Biased Cognition"],"picked":"All For One","floor":16},{"not_picked":["Stack","Coolheaded","Leap"],"picked":"SKIP","floor":18},{"not_picked":["Ball Lightning","Coolheaded","Barrage"],"picked":"SKIP","floor":19},{"not_picked":["Barrage","Blizzard","Consume"],"picked":"SKIP","floor":23},{"not_picked":["Turbo","Rebound","Hello World"],"picked":"SKIP","floor":25}],"player_experience":442488,"relics_obtained":[{"floor":7.0,"key":"Pear"},{"floor":9.0,"key":"Pen Nib"},{"floor":13.0,"key":"Smiling Mask"},{"floor":26,"key":"Vajra"}],"event_choices":[{"damage_healed":0.0,"max_hp_gain":0.0,"max_hp_loss":0.0,"gold_gain":0.0,"event_name":"The Cleric","player_choice":"Leave","floor":2.0,"gold_loss":0.0,"damage_taken":0.0},{"damage_healed":0.0,"max_hp_gain":0.0,"max_hp_loss":0.0,"gold_gain":75.0,"event_name":"World of Goop","player_choice":"Gather Gold","floor":3.0,"gold_loss":0.0,"damage_taken":11.0},{"damage_healed":0,"gold_gain":0,"player_choice":"Opened","damage_taken":0,"relics_obtained":["Ancient Tea Set"],"max_hp_gain":0,"max_hp_loss":0,"event_name":"The Mausoleum","floor":21,"gold_loss":0},{"damage_healed":0,"gold_gain":0,"player_choice":"Paid Fearfully","damage_taken":0,"max_hp_gain":0,"max_hp_loss":0,"event_name":"Masked Bandits","floor":22,"gold_loss":77}],"is_beta":false,"boss_relics":[{"not_picked":["Velvet Choker","Ectoplasm"],"picked":"Runic Dome"}],"items_purged_floors":[5,20],"is_endless":false,"potions_floor_spawned":[1,4,11,13,19,23],"killed_by":"Shelled Parasite and Fungi","ascension_level":14}