{"gold_per_floor":[114,114,131,131,141,141,154,186,260,260,275,293,327,327,327,399,399,415,428,447,457,17,17,42,42,68,68,82,98,132,47,47,120,120,134,134,150,150,150,180,199,199],"floor_reached":42,"playtime":2400,"items_purged":["Defend_G"],"score":958,"play_id":"cf34cf34-72b1-44d0-9971-e81c8d4a9ec4","local_time":"20190530171802","is_ascension_mode":true,"campfire_choices":[{"data":"Corpse Explosion","floor":6,"key":"SMITH"},{"data":"Neutralize","floor":10,"key":"SMITH"},{"floor":15,"key":"REST"},{"floor":23,"key":"REST"},{"floor":25,"key":"REST"},{"floor":32,"key":"RECALL"}],"neow_cost":"NONE","seed_source_timestamp":1119239162750348,"circlet_count":0,"master_deck":["AscendersBane","Defend_G","Defend_G","Defend_G","Defend_G","Survivor","Neutralize+1","Corpse Explosion+1","Dash","Dodge and Roll","Well Laid Plans","Malaise","Caltrops+1","Masterful Stab+1","Outmaneuver+1","Tactician","Backstab","Mayhem","Bite","Bite","Bite","Bite","Bite","Deadly Poison","Wraith Form v2","Secret Technique","Sadistic Nature","Madness","Madness","Blur"],"relics":["Ring of the Snake","WarpedTongs","Nunchaku","Paper Crane","Anchor","Spirit Poop","Astrolabe","PreservedInsect","Oddly Smooth Stone","Bronze Scales","Pear","Vajra","Black Star","Centennial Puzzle","Boot"],"potions_floor_usage":[13,13,24,34,37,41],"damage_taken":[{"damage":2,"enemies":"Jaw Worm","floor":1,"turns":5},{"damage":1,"enemies":"Small Slimes","floor":3,"turns":4},{"damage":3,"enemies":"Cultist","floor":5,"turns":3},{"damage":1,"enemies":"Large Slime","floor":7,"turns":4},{"damage":17,"enemies":"3 Sentries","floor":8,"turns":4},{"damage":9,"enemies":"Gremlin Gang","floor":11,"turns":2},{"damage":8,"enemies":"Lots of Slimes","floor":12,"turns":4},{"damage":8,"enemies":"Gremlin Nob","floor":13,"turns":4},{"damage":24,"enemies":"Hexaghost","floor":16,"turns":10},{"damage":0,"enemies":"Chosen","floor":18,"turns":7},{"damage":10,"enemies":"2 Thieves","floor":19,"turns":4},{"damage":7,"enemies":"Snake Plant","floor":20,"turns":4},{"damage":20,"enemies":"Shelled Parasite and Fungi","floor":21,"turns":8},{"damage":28,"enemies":"Gremlin Leader","floor":24,"turns":7},{"damage":13,"enemies":"Centurion and Healer","floor":28,"turns":6},{"damage":0,"enemies":"Chosen and Byrds","floor":29,"turns":5},{"damage":14,"enemies":"Book of Stabbing","floor":30,"turns":5},{"damage":36,"enemies":"Automaton","floor":33,"turns":11},{"damage":9,"enemies":"Orb Walker","floor":35,"turns":4},{"damage":24,"enemies":"3 Darklings","floor":37,"turns":4},{"damage":21,"enemies":"Reptomancer","floor":40,"turns":8},{"damage":29,"enemies":"Sphere and 2 Shapes","floor":41,"turns":4},{"damage":16,"enemies":"Giant Head","floor":42,"turns":5}],"seed_played":"3097300122721862083","potions_obtained":[{"floor":5,"key":"AttackPotion"},{"floor":8,"key":"SteroidPotion"},{"floor":11,"key":"Weak Potion"},{"floor":19,"key":"Energy Potion"},{"floor":20,"key":"SpeedPotion"},{"floor":33,"key":"Fruit Juice"},{"floor":35,"key":"FearPotion"},{"floor":40,"key":"Explosive Potion"}],"is_trial":false,"path_per_floor":["M","?","M","?","M","R","M","E","T","R","M","M","E","?","R","B",null,"M","M","M","M","$","R","E","R","T","?","M","M","E","?","R","B",null,"M","?","M","?","?","E","M","E"],"character_chosen":"THE_SILENT","items_purchased":["Mayhem","PreservedInsect"],"campfire_rested":3,"item_purchase_floors":[22,22],"current_hp_per_floor":[57,62,61,61,58,58,57,40,40,40,31,23,15,15,36,12,56,56,46,39,19,19,40,12,33,33,33,36,47,49,49,49,59,64,64,59,42,42,30,27,8,0],"gold":199,"neow_bonus":"ONE_RANDOM_RARE_CARD","is_prod":false,"is_daily":false,"chose_seed":false,"campfire_upgraded":2,"win_rate":0,"timestamp":1559229482,"path_taken":["M","?","M","?","M","R","M","E","T","R","?","M","E","?","R","BOSS","M","?","M","?","$","R","E","R","T","?","M","M","E","?","R","BOSS","M","?","M","?","?","E","?","E"],"build_version":"2019-01-23","purchased_purges":1,"victory":false,"max_hp_per_floor":[66,71,71,71,71,71,71,71,71,71,71,71,71,71,71,71,71,71,71,71,71,71,71,71,71,71,49,49,49,59,59,59,59,64,64,64,64,64,64,64,64,64],"card_choices":[{"not_picked":["Slice","Dagger Throw","Calculated Gamble"],"picked":"SKIP","floor":1},{"not_picked":["Endless Agony","Concentrate"],"picked":"Dash","floor":3},{"not_picked":["Blade Dance","Prepared","Cloak And Dagger"],"picked":"SKIP","floor":5},{"not_picked":["Blade Dance","All Out Attack"],"picked":"Dodge and Roll","floor":7},{"not_picked":["Sucker Punch","Finisher","Dagger Spray"],"picked":"SKIP","floor":8},{"not_picked":["Dagger Spray","Setup"],"picked":"Well Laid Plans","floor":11},{"not_picked":["Quick Slash","Setup","Accuracy"],"picked":"SKIP","floor":12},{"not_picked":["Dodge and Roll","PiercingWail","A Thousand Cuts"],"picked":"SKIP","floor":13},{"not_picked":["Doppelganger","Venomology"],"picked":"Malaise","floor":16},{"not_picked":["Backflip+1","Distraction+1"],"picked":"Tactician","floor":18},{"not_picked":["Poisoned Stab","Concentrate","Cloak And Dagger"],"picked":"SKIP","floor":19},{"not_picked":["Riddle With Holes","Dodge and Roll","Expertise"],"picked":"SKIP","floor":20},{"not_picked":["Blade Dance","Heel Hook"],"picked":"Backstab","floor":21},{"not_picked":["Doppelganger","Eviscerate","Flechettes"],"picked":"SKIP","floor":24},{"not_picked":["Prepared","Flying Knee"],"picked":"Deadly Poison","floor":28},{"not_picked":["Dagger Spray","Setup","Outmaneuver"],"picked":"SKIP","floor":29},{"not_picked":["Riddle With Holes","Cloak And Dagger","Tools of the Trade"],"picked":"SKIP","floor":30},{"not_picked":["After Image","Bullet Time"],"picked":"Wraith Form v2","floor":33},{"not_picked":["Well Laid Plans","PiercingWail","Escape Plan"],"picked":"SKIP","floor":35},{"not_picked":["The Bomb","Swift Strike"],"picked":"Secret Technique","floor":36},{"not_picked":["Jack Of All Trades","Finesse"],"picked":"Sadistic Nature","floor":36},{"not_picked":["Prepared","Dagger Spray","Dodge and Roll"],"picked":"SKIP","floor":37},{"not_picked":["Dodge and Roll","Distraction","Prepared+1"],"picked":"SKIP","floor":40},{"not_picked":["Poisoned Stab","Quick Slash+1"],"picked":"Blur","floor":41}],"player_experience":467994,"relics_obtained":[{"floor":8,"key":"Nunchaku"},{"floor":9,"key":"Paper Crane"},{"floor":13,"key":"Anchor"},{"floor":24,"key":"Oddly Smooth Stone"},{"floor":26,"key":"Bronze Scales"},{"floor":30,"key":"Pear"},{"floor":40,"key":"Centennial Puzzle"},{"floor":40,"key":"Boot"}],"event_choices":[{"damage_healed":0,"gold_gain":0,"player_choice":"Donut","damage_taken":0,"max_hp_gain":5,"max_hp_loss":0,"event_name":"Big Fish","floor":2,"gold_loss":0},{"damage_healed":0,"gold_gain":0,"player_choice":"Rummage","damage_taken":0,"relics_obtained":["WarpedTongs"],"max_hp_gain":0,"max_hp_loss":0,"event_name":"Accursed Blacksmith","floor":4,"gold_loss":0,"cards_obtained":["Pain"]},{"cards_removed":["Pain"],"damage_healed":0,"gold_gain":0,"player_choice":"Offered Curse","damage_taken":0,"relics_obtained":["Spirit Poop"],"max_hp_gain":0,"max_hp_loss":0,"event_name":"Bonfire Elementals","floor":14,"gold_loss":0},{"damage_healed":0,"gold_gain":0,"player_choice":"Became a vampire","damage_taken":0,"max_hp_gain":0,"max_hp_loss":22,"event_name":"Vampires","floor":27,"gold_loss":0,"cards_obtained":["Bite","Bite","Bite","Bite","Bite"]},{"damage_healed":0,"gold_gain":0,"player_choice":"Obtained Relic","damage_taken":0,"relics_obtained":["Vajra"],"max_hp_gain":0,"max_hp_loss":0,"event_name":"Addict","floor":31,"gold_loss":85},{"damage_healed":0,"gold_gain":0,"player_choice":"Memory 2","damage_taken":5,"max_hp_gain":0,"max_hp_loss":0,"event_name":"SensoryStone","floor":36,"gold_loss":0},{"damage_healed":0,"gold_gain":0,"player_choice":"Ignored","damage_taken":0,"max_hp_gain":0,"max_hp_loss":0,"event_name":"Tomb of Lord Red Mask","floor":38,"gold_loss":0},{"damage_healed":0,"gold_gain":0,"player_choice":"Embrace Madness","damage_taken":12,"max_hp_gain":0,"max_hp_loss":0,"event_name":"Winding Halls","floor":39,"gold_loss":0,"cards_obtained":["Madness","Madness"]}],"is_beta":false,"boss_relics":[{"not_picked":["Ring of the Serpent","Runic Pyramid"],"picked":"Astrolabe"},{"not_picked":["Calling Bell","HoveringKite"],"picked":"Black Star"}],"items_purged_floors":[22],"is_endless":false,"potions_floor_spawned":[5,8,11,12,19,20,33,35,40],"killed_by":"Giant Head","ascension_level":17}