{"gold_per_floor":[113,113,132,144,144,144,157,157,183,195,212,231,243,261,261,366,366,338,437,437,267,282,282,292,292,318,318,330,343,356,107,107,211,211,222,232,242,255,255,255,255,255,281,281,297,297,316,334,334,334],"floor_reached":51,"playtime":2950,"items_purged":["Defend_B","Defend_B"],"score":649,"play_id":"da9121d1-98a2-4eb2-ad55-1e1a3f53c560","local_time":"20190701075214","is_ascension_mode":false,"campfire_choices":[{"data":"Sunder","floor":6,"key":"SMITH"},{"data":"Defragment","floor":8,"key":"SMITH"},{"floor":15,"key":"REST"},{"floor":23,"key":"REST"},{"data":"Defragment","floor":25,"key":"SMITH"},{"data":"Defragment","floor":27,"key":"SMITH"},{"floor":32,"key":"REST"},{"floor":40,"key":"REST"},{"floor":42,"key":"REST"},{"data":"Echo Form","floor":44,"key":"SMITH"},{"floor":46,"key":"REST"},{"floor":49,"key":"REST"}],"neow_cost":"NONE","seed_source_timestamp":1548544177494199,"circlet_count":0,"master_deck":["Strike_B","Strike_B","Strike_B","Defend_B","Defend_B","Zap","Dualcast","Sunder+1","Coolheaded","Defragment+1","Storm","Streamline","Streamline","Defragment+1","Glacier","Machine Learning","Sunder+1","Coolheaded","Defragment+1","Recycle","Leap","Auto Shields","Stack+1","Defragment","Go for the Eyes","Echo Form+1","Hologram","Leap+1","Sunder+1","Madness","Madness","Echo Form"],"relics":["Snecko Eye"],"potions_floor_usage":[16,16,18,33,33,37,37,38,45],"damage_taken":[{"damage":0,"enemies":"Small Slimes","floor":1,"turns":5},{"damage":1,"enemies":"Jaw Worm","floor":3,"turns":2},{"damage":0,"enemies":"2 Louse","floor":4,"turns":2},{"damage":0,"enemies":"Exordium Wildlife","floor":7,"turns":4},{"damage":3,"enemies":"Gremlin Gang","floor":10,"turns":4},{"damage":0,"enemies":"Large Slime","floor":11,"turns":4},{"damage":6,"enemies":"Looter","floor":12,"turns":2},{"damage":0,"enemies":"Exordium Thugs","floor":13,"turns":3},{"damage":0,"enemies":"Blue Slaver","floor":14,"turns":3},{"damage":5,"enemies":"Hexaghost","floor":16,"turns":8},{"damage":18,"enemies":"2 Thieves","floor":18,"turns":5},{"damage":10,"enemies":"3 Byrds","floor":22,"turns":3},{"damage":0,"enemies":"Sentry and Sphere","floor":24,"turns":3},{"damage":5,"enemies":"3 Cultists","floor":28,"turns":4},{"damage":4,"enemies":"Shelled Parasite and Fungi","floor":29,"turns":5},{"damage":13,"enemies":"Centurion and Healer","floor":30,"turns":4},{"damage":13,"enemies":"Collector","floor":33,"turns":11},{"damage":8,"enemies":"Orb Walker","floor":35,"turns":5},{"damage":17,"enemies":"3 Darklings","floor":36,"turns":5},{"damage":25,"enemies":"Jaw Worm Horde","floor":37,"turns":3},{"damage":9,"enemies":"Sphere and 2 Shapes","floor":38,"turns":5},{"damage":13,"enemies":"Maw","floor":45,"turns":6},{"damage":5,"enemies":"Jaw Worm Horde","floor":47,"turns":4},{"damage":0,"enemies":"4 Shapes","floor":48,"turns":5},{"damage":36,"enemies":"Time Eater","floor":50,"turns":12}],"seed_played":"3820498868438666960","potions_obtained":[{"floor":1,"key":"Block Potion"},{"floor":3,"key":"Explosive Potion"},{"floor":12,"key":"PowerPotion"},{"floor":13,"key":"SkillPotion"},{"floor":14,"key":"LiquidBronze"},{"floor":18,"key":"Poison Potion"},{"floor":22,"key":"FearPotion"},{"floor":30,"key":"Dexterity Potion"},{"floor":35,"key":"EntropicBrew"},{"floor":38,"key":"Poison Potion"}],"is_trial":false,"path_per_floor":["M","?","M","M","?","R","M","R","T","M","M","M","M","M","R","B",null,"M","?","?","$","M","R","M","R","T","R","M","M","M","$","R","B",null,"M","M","M","M","?","R","?","R","T","R","M","R","M","M","R","B",null],"character_chosen":"DEFECT","items_purchased":["Coolheaded","Defragment","Defragment","Go for the Eyes","PowerPotion"],"campfire_rested":7,"item_purchase_floors":[21,21,31,31,31],"current_hp_per_floor":[75,68,67,67,67,67,67,67,67,64,64,58,58,58,75,70,75,57,57,57,57,47,69,69,69,69,69,64,60,47,47,69,56,75,67,50,25,16,7,29,29,51,51,51,38,60,55,55,75,39],"gold":334,"neow_bonus":"BOSS_RELIC","is_prod":false,"is_daily":false,"chose_seed":false,"campfire_upgraded":5,"win_rate":0,"timestamp":1561935134,"path_taken":["M","?","M","M","?","R","M","R","T","M","M","M","M","M","R","BOSS","M","?","?","$","M","R","M","R","T","R","?","M","M","$","R","BOSS","M","?","M","M","?","R","?","R","T","R","M","R","?","M","R","BOSS"],"build_version":"2019-01-23","purchased_purges":2,"victory":true,"max_hp_per_floor":[75,75,75,75,75,75,75,75,75,75,75,75,75,75,75,75,75,75,75,75,75,75,75,75,75,75,75,75,75,75,75,75,75,75,75,75,75,75,75,75,75,75,75,75,75,75,75,75,75,75],"card_choices":[{"not_picked":["Double Energy","Stack"],"picked":"Sunder","floor":1},{"not_picked":["Turbo","Steam","Reprogram"],"picked":"SKIP","floor":3},{"not_picked":["Compile Driver","Streamline"],"picked":"Coolheaded","floor":4},{"not_picked":["Double Energy","Melter"],"picked":"Defragment","floor":7},{"not_picked":["Turbo","Seek"],"picked":"Storm","floor":10},{"not_picked":["Cold Snap","Darkness"],"picked":"Streamline","floor":11},{"not_picked":["Redo","Rebound"],"picked":"Streamline","floor":12},{"not_picked":["Scrape","Sweeping Beam"],"picked":"Defragment","floor":13},{"not_picked":["Hologram","Go for the Eyes"],"picked":"Glacier","floor":14},{"not_picked":["Seek","Hyperbeam"],"picked":"Machine Learning","floor":16},{"not_picked":["Redo+1","Defragment"],"picked":"Sunder+1","floor":18},{"not_picked":["Stack","Compile Driver"],"picked":"Recycle","floor":22},{"not_picked":["Hello World+1","Hologram"],"picked":"Leap","floor":24},{"not_picked":["Compile Driver","Barrage"],"picked":"Auto Shields","floor":28},{"not_picked":["Scrape","Stack","Steam Power"],"picked":"SKIP","floor":29},{"not_picked":["Heatsinks","Rebound"],"picked":"Stack+1","floor":30},{"not_picked":["Thunder Strike","Rainbow"],"picked":"Echo Form","floor":33},{"not_picked":["Cold Snap","Ball Lightning"],"picked":"Hologram","floor":35},{"not_picked":["Cold Snap","Fusion+1","Ball Lightning"],"picked":"SKIP","floor":36},{"not_picked":["Beam Cell+1","White Noise"],"picked":"Leap+1","floor":37},{"not_picked":["Turbo+1","Heatsinks"],"picked":"Sunder+1","floor":38},{"not_picked":["Leap","Ball Lightning","Recycle+1"],"picked":"SKIP","floor":45},{"not_picked":["Leap","Fusion","Static Discharge+1"],"picked":"SKIP","floor":47},{"not_picked":["Compile Driver+1","Rip and Tear+1","Steam Power"],"picked":"SKIP","floor":48}],"player_experience":217257,"relics_obtained":[],"event_choices":[{"cards_removed":["Strike_B"],"damage_healed":0,"gold_gain":0,"player_choice":"Card Removal","damage_taken":7,"max_hp_gain":0,"max_hp_loss":0,"event_name":"Golden Wing","floor":2,"gold_loss":0},{"damage_healed":0,"gold_gain":0,"player_choice":"Fled","damage_taken":0,"max_hp_gain":0,"max_hp_loss":0,"event_name":"Scrap Ooze","floor":5,"gold_loss":0},{"damage_healed":0,"gold_gain":99,"player_choice":"Stole From Cult","damage_taken":0,"max_hp_gain":0,"max_hp_loss":0,"event_name":"Nest","floor":19,"gold_loss":0},{"damage_healed":0,"gold_gain":0,"player_choice":"Ignored","damage_taken":0,"max_hp_gain":0,"max_hp_loss":0,"event_name":"Cursed Tome","floor":20,"gold_loss":0},{"damage_healed":0,"gold_gain":0,"player_choice":"Embrace Madness","damage_taken":9,"max_hp_gain":0,"max_hp_loss":0,"event_name":"Winding Halls","floor":39,"gold_loss":0,"cards_obtained":["Madness","Madness"]},{"damage_healed":0,"gold_gain":0,"player_choice":"Copied","damage_taken":0,"max_hp_gain":0,"max_hp_loss":0,"event_name":"Duplicator","floor":41,"gold_loss":0,"cards_obtained":["Echo Form"]}],"is_beta":false,"boss_relics":[{"not_picked":[]},{"not_picked":[]}],"items_purged_floors":[21,31],"is_endless":false,"potions_floor_spawned":[1,3,12,13,14,18,22,30,35,38],"ascension_level":0}