{"gold_per_floor":[117,117,130,55,55,81,91,107,107,137,157,189,189,204,204,306,306,320,320,31,33,43,69,80,100,100,100,120,136,147,72,72,72],"floor_reached":33,"playtime":1905,"items_purged":["Defend_R"],"score":318,"play_id":"1c774046-b802-460f-b3c8-ef304a778a60","local_time":"20190324122553","is_ascension_mode":false,"campfire_choices":[{"data":"Heavy Blade","floor":13,"key":"SMITH"},{"data":"Shrug It Off","floor":15,"key":"SMITH"},{"data":"1","floor":27,"key":"LIFT"},{"floor":32,"key":"REST"}],"neow_cost":"NONE","seed_source_timestamp":62903132871100,"circlet_count":0,"master_deck":["Strike_R","Strike_R","Strike_R","Strike_R","Defend_R","Defend_R","Defend_R","Bash+1","Ghostly Armor","True Grit","Shrug It Off+1","Headbutt","Inflame+1","Heavy Blade+1","Limit Break","Metallicize+1","Iron Wave","Body Slam+1","Shrug It Off"],"relics":["Burning Blood","Frozen Egg 2","Dodecahedron","Sundial","Bird Faced Urn","Dream Catcher","Runic Cube","Nloth\u0027s Gift","Girya","Kunai","Ornamental Fan"],"potions_floor_usage":[10,12,21,23,23,23,25,25,29,30,33],"damage_taken":[{"damage":0,"enemies":"2 Louse","floor":1,"turns":1},{"damage":0,"enemies":"Jaw Worm","floor":3,"turns":1},{"damage":0,"enemies":"3 Sentries","floor":6,"turns":2},{"damage":0,"enemies":"Cultist","floor":7,"turns":3},{"damage":7,"enemies":"Large Slime","floor":8,"turns":10},{"damage":8,"enemies":"Gremlin Nob","floor":10,"turns":3},{"damage":3,"enemies":"Exordium Thugs","floor":11,"turns":5},{"damage":23,"enemies":"3 Sentries","floor":12,"turns":10},{"damage":6,"enemies":"3 Louse","floor":14,"turns":3},{"damage":34,"enemies":"The Guardian","floor":16,"turns":11},{"damage":0,"enemies":"Chosen","floor":18,"turns":4},{"damage":8,"enemies":"2 Thieves","floor":21,"turns":4},{"damage":12,"enemies":"Chosen and Byrds","floor":22,"turns":6},{"damage":36,"enemies":"Book of Stabbing","floor":23,"turns":7},{"damage":30,"enemies":"Centurion and Healer","floor":24,"turns":8},{"damage":25,"enemies":"Shelled Parasite and Fungi","floor":25,"turns":8},{"damage":19,"enemies":"3 Cultists","floor":28,"turns":5},{"damage":25,"enemies":"Chosen and Byrds","floor":29,"turns":8},{"damage":30,"enemies":"Cultist and Chosen","floor":30,"turns":7},{"damage":42,"enemies":"Collector","floor":33,"turns":3}],"seed_played":"-6612500043920109490","potions_obtained":[{"floor":6,"key":"AttackPotion"},{"floor":7,"key":"Dexterity Potion"},{"floor":10,"key":"GamblersBrew"},{"floor":11,"key":"Energy Potion"},{"floor":12,"key":"Regen Potion"},{"floor":14,"key":"AttackPotion"},{"floor":22,"key":"EssenceOfSteel"},{"floor":23,"key":"SpeedPotion"},{"floor":24,"key":"Regen Potion"},{"floor":28,"key":"BloodPotion"},{"floor":29,"key":"Explosive Potion"},{"floor":30,"key":"SneckoOil"}],"is_trial":false,"path_per_floor":["M","?","M","$","?","E","M","M","T","E","M","E","R","M","R","B",null,"M","?","$","M","M","E","M","M","T","R","M","M","M","?","R","B"],"character_chosen":"IRONCLAD","items_purchased":["Girya"],"campfire_rested":1,"item_purchase_floors":[20],"current_hp_per_floor":[80,73,79,79,79,80,80,79,79,77,80,65,65,67,67,41,80,80,80,80,80,76,65,45,45,45,45,36,29,9,9,33,0],"gold":72,"neow_bonus":"THREE_ENEMY_KILL","is_prod":false,"is_daily":false,"chose_seed":false,"campfire_upgraded":2,"win_rate":0,"timestamp":1553455553,"path_taken":["M","?","M","$","?","E","M","?","T","E","M","E","R","M","R","BOSS","M","?","$","M","M","E","M","M","T","R","M","M","?","?","R","BOSS"],"build_version":"2019-01-23","purchased_purges":1,"victory":false,"max_hp_per_floor":[80,80,80,80,80,80,80,80,80,80,80,80,80,80,80,80,80,80,80,80,80,80,80,80,80,80,80,80,80,80,80,80,80],"card_choices":[{"not_picked":["Clash","Twin Strike"],"picked":"Ghostly Armor","floor":1},{"not_picked":["Twin Strike","Entrench"],"picked":"True Grit","floor":3},{"not_picked":["Flame Barrier","Double Tap"],"picked":"Shrug It Off","floor":6},{"not_picked":["Searing Blow","Clothesline","Anger"],"picked":"SKIP","floor":7},{"not_picked":["Rupture+1","Flame Barrier"],"picked":"Headbutt","floor":8},{"not_picked":["Thunderclap","Warcry"],"picked":"Inflame+1","floor":10},{"not_picked":["Clash","Clothesline","Burning Pact"],"picked":"SKIP","floor":11},{"not_picked":["Demon Form+1","Wild Strike"],"picked":"Heavy Blade","floor":12},{"not_picked":["Clothesline","Sentinel","Anger"],"picked":"SKIP","floor":14},{"not_picked":["Fiend Fire","Feed"],"picked":"Limit Break","floor":16},{"not_picked":["Battle Trance","True Grit"],"picked":"Metallicize+1","floor":18},{"not_picked":["Headbutt","Sever Soul","Pommel Strike"],"picked":"SKIP","floor":21},{"not_picked":["Entrench","Twin Strike"],"picked":"Iron Wave","floor":22},{"not_picked":["Thunderclap","Berserk+1"],"picked":"Body Slam+1","floor":23},{"not_picked":["Twin Strike","Wild Strike"],"picked":"Shrug It Off","floor":24},{"not_picked":["Corruption+1","Body Slam","Flame Barrier"],"picked":"SKIP","floor":25},{"not_picked":["Corruption+1","Anger","Whirlwind"],"picked":"SKIP","floor":28},{"not_picked":["Exhume","Armaments","Fire Breathing+1"],"picked":"SKIP","floor":29},{"not_picked":["Twin Strike","Armaments","Double Tap"],"picked":"SKIP","floor":30}],"player_experience":164605,"relics_obtained":[{"floor":6,"key":"Dodecahedron"},{"floor":9,"key":"Sundial"},{"floor":10,"key":"Bird Faced Urn"},{"floor":12,"key":"Dream Catcher"},{"floor":23,"key":"Kunai"},{"floor":26,"key":"Ornamental Fan"}],"event_choices":[{"damage_healed":0,"gold_gain":0,"player_choice":"Success","damage_taken":7,"relics_obtained":["Frozen Egg 2"],"max_hp_gain":0,"max_hp_loss":0,"event_name":"Scrap Ooze","floor":2,"gold_loss":0},{"damage_healed":0,"gold_gain":0,"player_choice":"Upgraded","damage_taken":0,"max_hp_gain":0,"max_hp_loss":0,"event_name":"Upgrade Shrine","floor":5,"gold_loss":0,"cards_upgraded":["Bash"]},{"damage_healed":0,"gold_gain":0,"player_choice":"Traded Relic","damage_taken":0,"relics_obtained":["Nloth\u0027s Gift"],"max_hp_gain":0,"max_hp_loss":0,"event_name":"N\u0027loth","floor":19,"relics_lost":["NeowsBlessing"],"gold_loss":0},{"cards_removed":["Strike_R"],"damage_healed":0,"gold_gain":0,"player_choice":"Gave Gold","damage_taken":0,"max_hp_gain":0,"max_hp_loss":0,"event_name":"Beggar","floor":31,"gold_loss":75}],"is_beta":false,"boss_relics":[{"not_picked":["Runic Pyramid","Runic Dome"],"picked":"Runic Cube"}],"items_purged_floors":[4],"is_endless":false,"potions_floor_spawned":[6,7,10,11,12,14,22,23,24,28,29,30],"killed_by":"Collector","ascension_level":0}