{"gold_per_floor":[110,110,129,129,144,144,60,79,157,173,202,277,277,295,295,372,372,385,385,24,24],"floor_reached":21,"playtime":682,"items_purged":["Regret"],"score":358,"play_id":"745660b8-1cd2-43be-8fa9-d32a5daeca1a","local_time":"20190524204746","is_ascension_mode":true,"campfire_choices":[{"data":"Whirlwind","floor":6,"key":"SMITH"},{"data":"Flame Barrier","floor":15,"key":"SMITH"}],"neow_cost":"NONE","seed_source_timestamp":615092345819420,"circlet_count":0,"master_deck":["AscendersBane","Strike_R","Strike_R","Strike_R","Strike_R","Strike_R","Defend_R","Defend_R","Defend_R","Defend_R","Bash","Reaper","Twin Strike","Whirlwind+1","Iron Wave","Evolve","Flame Barrier+1","Clothesline","Thunderclap+1","Shockwave","Exhume","Rupture"],"relics":["Burning Blood","Bag of Marbles","Lantern","Bottled Flame","Molten Egg 2","Cursed Key","Membership Card","PreservedInsect"],"potions_floor_usage":[11,16,21],"damage_taken":[{"damage":18,"enemies":"Jaw Worm","floor":1,"turns":6},{"damage":12,"enemies":"2 Louse","floor":3,"turns":3},{"damage":15,"enemies":"Cultist","floor":5,"turns":4},{"damage":8,"enemies":"Lots of Slimes","floor":8,"turns":3},{"damage":0,"enemies":"Looter","floor":10,"turns":1},{"damage":6,"enemies":"Gremlin Nob","floor":11,"turns":3},{"damage":0,"enemies":"3 Louse","floor":14,"turns":1},{"damage":63,"enemies":"Slime Boss","floor":16,"turns":11},{"damage":27,"enemies":"Shell Parasite","floor":18,"turns":5},{"damage":43,"enemies":"Spheric Guardian","floor":21,"turns":5}],"seed_played":"-6344114524893873925","potions_obtained":[{"floor":3,"key":"Fire Potion"},{"floor":5,"key":"EssenceOfSteel"},{"floor":8,"key":"Fire Potion"},{"floor":11,"key":"SteroidPotion"},{"floor":19,"key":"SkillPotion"}],"is_trial":false,"path_per_floor":["M","?","M","?","M","R","$","M","T","M","E","?","?","M","R","B",null,"M","?","$","M"],"character_chosen":"IRONCLAD","items_purchased":["Evolve","Membership Card","PreservedInsect","Rupture"],"campfire_rested":0,"item_purchase_floors":[7,20,20,20],"current_hp_per_floor":[62,62,68,68,63,63,63,73,73,75,75,64,64,70,70,25,63,42,42,42,0],"gold":24,"neow_bonus":"ONE_RANDOM_RARE_CARD","is_prod":false,"is_daily":false,"chose_seed":false,"campfire_upgraded":2,"win_rate":0,"timestamp":1558723666,"path_taken":["M","?","M","?","?","R","?","M","T","M","E","?","?","M","R","BOSS","M","?","$","?"],"build_version":"2019-01-23","purchased_purges":1,"victory":false,"max_hp_per_floor":[75,75,75,75,75,75,75,75,75,75,75,75,75,75,75,75,75,75,75,75,75],"card_choices":[{"not_picked":["Clash","Carnage"],"picked":"Twin Strike","floor":1},{"not_picked":["Clothesline","Inflame"],"picked":"Whirlwind","floor":3},{"not_picked":["Carnage","Seeing Red"],"picked":"Iron Wave","floor":5},{"not_picked":["Rage","Whirlwind"],"picked":"Flame Barrier","floor":8},{"not_picked":["Intimidate","Heavy Blade"],"picked":"Clothesline","floor":10},{"not_picked":["Armaments","Evolve"],"picked":"Thunderclap","floor":11},{"not_picked":["Warcry","Flex"],"picked":"Shockwave","floor":14},{"not_picked":["Berserk","Barricade"],"picked":"Exhume","floor":16},{"not_picked":["Armaments","Combust","Twin Strike+1"],"picked":"SKIP","floor":18}],"player_experience":387383,"relics_obtained":[{"floor":9,"key":"Bottled Flame"},{"floor":11,"key":"Molten Egg 2"}],"event_choices":[{"damage_healed":0,"gold_gain":0,"player_choice":"Box","damage_taken":0,"relics_obtained":["Bag of Marbles"],"max_hp_gain":0,"max_hp_loss":0,"event_name":"Big Fish","floor":2,"gold_loss":0,"cards_obtained":["Regret"]},{"damage_healed":0,"gold_gain":0,"player_choice":"Gave Potion","damage_taken":0,"relics_obtained":["Lantern"],"max_hp_gain":0,"max_hp_loss":0,"event_name":"WeMeetAgain","floor":4,"gold_loss":0},{"damage_healed":0,"gold_gain":75,"player_choice":"Gather Gold","damage_taken":11,"max_hp_gain":0,"max_hp_loss":0,"event_name":"World of Goop","floor":12,"gold_loss":0},{"damage_healed":0,"gold_gain":0,"player_choice":"Ignored","damage_taken":0,"max_hp_gain":0,"max_hp_loss":0,"event_name":"Liars Game","floor":13,"gold_loss":0},{"damage_healed":0,"gold_gain":0,"player_choice":"Got Potions","damage_taken":0,"max_hp_gain":0,"max_hp_loss":0,"event_name":"Lab","floor":19,"gold_loss":0}],"is_beta":false,"boss_relics":[{"not_picked":["Tiny House","Pandora\u0027s Box"],"picked":"Cursed Key"}],"items_purged_floors":[20],"is_endless":false,"potions_floor_spawned":[3,5,8,11],"killed_by":"Spheric Guardian","ascension_level":20}