{"gold_per_floor":[118,133,29,29,104,104,123,123,147,180,180,180,199,233,233,307,307,324,324,324,341,114,114,127,127,127,138,138,163,88,121,121,198,198,216,262,362,381,400,430,450,450,450,450,450,197,140,159,159,159],"floor_reached":50,"playtime":1484,"items_purged":["Defend_R","Parasite"],"score":945,"play_id":"7fec5bc0-c36f-46c8-9c96-d7c2c8520d62","local_time":"20190511161447","is_ascension_mode":true,"campfire_choices":[{"data":"Whirlwind","floor":6.0,"key":"SMITH"},{"data":"Perfected Strike","floor":8.0,"key":"SMITH"},{"data":"Bash","floor":12.0,"key":"SMITH"},{"data":"Flex","floor":15,"key":"SMITH"},{"data":"RitualDagger","floor":23,"key":"SMITH"},{"data":"Pommel Strike","floor":25,"key":"SMITH"},{"data":"Feed","floor":28,"key":"SMITH"},{"floor":32,"key":"REST"},{"data":"Double Tap","floor":42,"key":"SMITH"},{"floor":49,"key":"REST"}],"neow_cost":"NONE","seed_source_timestamp":2092980680309570,"circlet_count":0,"master_deck":["AscendersBane","Strike_R","Strike_R","Strike_R","Strike_R","Strike_R","Defend_R","Defend_R","Defend_R","Bash+1","Iron Wave","Perfected Strike+1","Whirlwind+1","Shrug It Off","Anger","Feed+1","Twin Strike","Flex+1","Inflame+1","RitualDagger+1","Ghostly Armor","Pommel Strike+1","Twin Strike","Double Tap+1","Ghostly Armor","Perfected Strike+1","Bandage Up"],"special_seed":0,"relics":["Burning Blood","NeowsBlessing","PreservedInsect","Orichalcum","Self Forming Clay","Bottled Lightning","Sozu","Pen Nib","Meat on the Bone","Bottled Tornado","Happy Flower","Velvet Choker","Peace Pipe","Matryoshka","Blood Vial","Mummified Hand","Strawberry","Dodecahedron"],"potions_floor_usage":[16,33,36],"damage_taken":[{"damage":0.0,"enemies":"Small Slimes","floor":1.0,"turns":1.0},{"damage":0.0,"enemies":"2 Louse","floor":2.0,"turns":1.0},{"damage":0.0,"enemies":"Cultist","floor":7.0,"turns":1.0},{"damage":17.0,"enemies":"Lagavulin","floor":10.0,"turns":4.0},{"damage":4.0,"enemies":"Red Slaver","floor":13.0,"turns":3.0},{"damage":4.0,"enemies":"3 Sentries","floor":14.0,"turns":3.0},{"damage":27,"enemies":"Hexaghost","floor":16,"turns":9},{"damage":3,"enemies":"Spheric Guardian","floor":18,"turns":3},{"damage":4,"enemies":"3 Byrds","floor":21,"turns":4},{"damage":24,"enemies":"Snake Plant","floor":24,"turns":4},{"damage":10,"enemies":"Centurion and Healer","floor":27,"turns":7},{"damage":26,"enemies":"Slavers","floor":29,"turns":4},{"damage":12,"enemies":"Gremlin Leader","floor":31,"turns":4},{"damage":67,"enemies":"Champ","floor":33,"turns":7},{"damage":6,"enemies":"Orb Walker","floor":35,"turns":3},{"damage":19,"enemies":"2 Orb Walkers","floor":36,"turns":2},{"damage":29,"enemies":"3 Darklings","floor":38,"turns":4},{"damage":42,"enemies":"Maw","floor":39,"turns":6},{"damage":8,"enemies":"Reptomancer","floor":40,"turns":2},{"damage":21,"enemies":"Writhing Mass","floor":41,"turns":4},{"damage":0,"enemies":"Sphere and 2 Shapes","floor":48,"turns":3},{"damage":102,"enemies":"Time Eater","floor":50,"turns":5}],"seed_played":"-1873640399722807934","potions_obtained":[{"floor":2.0,"key":"Swift Potion"},{"floor":14,"key":"Strength Potion"},{"floor":16,"key":"GamblersBrew"}],"is_trial":false,"path_per_floor":["M","M","$","?","?","R","M","R","T","E","?","R","M","E","R","B",null,"M","?","?","M","$","R","M","R","T","M","R","E","$","E","R","B",null,"M","?","?","M","M","E","M","R","T","?","?","$","?","M","R","B"],"character_chosen":"IRONCLAD","items_purchased":["Whirlwind","Shrug It Off","Pen Nib","Ghostly Armor","Strawberry"],"campfire_rested":2,"item_purchase_floors":[3,3,22,22,46],"current_hp_per_floor":[74,75,75,75,64,64,70,70,70,59,34,34,39,44,44,23,67,73,67,67,72,72,72,54,54,54,53,53,49,49,55,83,34,79,83,70,70,59,35,45,42,42,42,42,42,49,49,61,92,0],"gold":159,"neow_bonus":"THREE_ENEMY_KILL","is_prod":false,"is_daily":false,"chose_seed":false,"campfire_upgraded":8,"win_rate":0,"timestamp":1557584087,"path_taken":["M","M","$","?","?","R","M","R","T","E","?","R","M","E","R","BOSS","M","?","?","M","$","R","M","R","T","?","R","E","?","E","R","BOSS","M","?","?","M","?","E","M","R","T","?","?","$","?","M","R","BOSS"],"build_version":"2019-01-23","purchased_purges":2,"victory":false,"max_hp_per_floor":[75,75,75,75,75,75,75,75,75,75,75,75,78,81,81,81,81,84,84,84,87,87,87,87,87,87,90,90,94,94,94,94,94,94,98,98,98,98,98,98,98,98,98,98,98,102,102,106,106,106],"card_choices":[{"not_picked":["Sword Boomerang","Infernal Blade"],"picked":"Iron Wave","floor":1.0},{"not_picked":["Heavy Blade","Fire Breathing"],"picked":"Perfected Strike","floor":2.0},{"not_picked":["Iron Wave","Headbutt"],"picked":"Anger","floor":7.0},{"not_picked":["Thunderclap","Fire Breathing"],"picked":"Feed","floor":10.0},{"not_picked":["Carnage","Clash"],"picked":"Twin Strike","floor":13.0},{"not_picked":["Feel No Pain","Dropkick"],"picked":"Flex","floor":14},{"not_picked":["Clothesline","Body Slam+1"],"picked":"Inflame","floor":18},{"not_picked":["Warcry","Havoc","True Grit"],"picked":"SKIP","floor":21},{"not_picked":["True Grit","Second Wind"],"picked":"Pommel Strike","floor":24},{"not_picked":["Rupture","Heavy Blade","Sword Boomerang"],"picked":"SKIP","floor":27},{"not_picked":["Sentinel","Infernal Blade","Ghostly Armor"],"picked":"SKIP","floor":29},{"not_picked":["Anger","Barricade"],"picked":"Twin Strike","floor":31},{"not_picked":["Fiend Fire","Juggernaut"],"picked":"Double Tap","floor":33},{"not_picked":["Carnage+1","Uppercut","Second Wind+1"],"picked":"SKIP","floor":35},{"not_picked":["Infernal Blade","Pummel"],"picked":"Ghostly Armor","floor":38},{"not_picked":["Wild Strike","Armaments"],"picked":"Perfected Strike+1","floor":39},{"not_picked":["Thunderclap","Dropkick","Pommel Strike"],"picked":"SKIP","floor":40},{"not_picked":["Body Slam","Clothesline","Perfected Strike"],"picked":"SKIP","floor":41},{"not_picked":["Dramatic Entrance","Secret Weapon"],"picked":"Bandage Up","floor":45},{"not_picked":["Armaments+1","Body Slam+1","Anger"],"picked":"SKIP","floor":48}],"player_experience":324773,"relics_obtained":[{"floor":9.0,"key":"PreservedInsect"},{"floor":10.0,"key":"Orichalcum"},{"floor":14,"key":"Bottled Lightning"},{"floor":26,"key":"Meat on the Bone"},{"floor":29,"key":"Bottled Tornado"},{"floor":31,"key":"Happy Flower"},{"floor":36,"key":"Peace Pipe"},{"floor":40,"key":"Matryoshka"},{"floor":43,"key":"Blood Vial"},{"floor":43,"key":"Mummified Hand"}],"event_choices":[{"damage_healed":0.0,"max_hp_gain":0.0,"max_hp_loss":0.0,"gold_gain":0.0,"event_name":"Liars Game","player_choice":"Ignored","floor":4.0,"gold_loss":0.0,"damage_taken":0.0},{"damage_healed":0.0,"max_hp_gain":0.0,"max_hp_loss":0.0,"gold_gain":75.0,"event_name":"World of Goop","player_choice":"Gather Gold","floor":5.0,"gold_loss":0.0,"damage_taken":11.0},{"damage_healed":0.0,"max_hp_gain":0.0,"max_hp_loss":0.0,"gold_gain":0.0,"event_name":"Scrap Ooze","player_choice":"Success","floor":11.0,"gold_loss":0.0,"damage_taken":25.0,"relics_obtained":["Self Forming Clay"]},{"damage_healed":0,"gold_gain":0,"player_choice":"Joined the Cult","damage_taken":6,"max_hp_gain":0,"max_hp_loss":0,"event_name":"Nest","floor":19,"gold_loss":0,"cards_obtained":["RitualDagger"]},{"damage_healed":0,"gold_gain":0,"player_choice":"Upgraded","damage_taken":0,"max_hp_gain":0,"max_hp_loss":0,"event_name":"Upgrade Shrine","floor":20,"gold_loss":0,"cards_upgraded":["Inflame"]},{"damage_healed":0,"gold_gain":0,"player_choice":"Fight","damage_taken":0,"max_hp_gain":0,"max_hp_loss":0,"event_name":"Mysterious Sphere","floor":36,"gold_loss":0},{"damage_healed":0,"gold_gain":100,"player_choice":"Pray","damage_taken":0,"max_hp_gain":0,"max_hp_loss":0,"event_name":"Golden Shrine","floor":37,"gold_loss":0},{"damage_healed":0,"gold_gain":0,"player_choice":"Ignored","damage_taken":0,"max_hp_gain":0,"max_hp_loss":0,"event_name":"The Moai Head","floor":44,"gold_loss":0},{"damage_healed":0,"gold_gain":0,"player_choice":"Memory 1","damage_taken":0,"max_hp_gain":0,"max_hp_loss":0,"event_name":"SensoryStone","floor":45,"gold_loss":0},{"damage_healed":0,"gold_gain":0,"player_choice":"Paid Gold","damage_taken":0,"relics_obtained":["Dodecahedron"],"max_hp_gain":0,"max_hp_loss":0,"event_name":"WeMeetAgain","floor":47,"gold_loss":57}],"is_beta":false,"boss_relics":[{"not_picked":["Black Blood","Tiny House"],"picked":"Sozu"},{"not_picked":["Calling Bell","Pandora\u0027s Box"],"picked":"Velvet Choker"}],"items_purged_floors":[30,46],"is_endless":false,"potions_floor_spawned":[2,14,16,29,31,33,36,38,40],"killed_by":"Time Eater","ascension_level":14}