{"gold_per_floor":[110,130,130,154,79,79,114,114,138,153,167,202,217,235,235,330,330,353,278,302,75,75,75,94,138,164,178,196,196,216,247,247,247],"floor_reached":33,"playtime":967,"items_purged":["Strike_B"],"score":702,"play_id":"b36c0230-6809-4587-b0de-8c9144853f70","local_time":"20190625130931","is_ascension_mode":true,"campfire_choices":[{"data":"Sunder","floor":6,"key":"SMITH"},{"data":"Zap","floor":8,"key":"SMITH"},{"data":"Beam Cell","floor":15,"key":"SMITH"},{"floor":23,"key":"REST"},{"floor":29,"key":"REST"},{"floor":32,"key":"REST"}],"neow_cost":"NONE","seed_source_timestamp":266989203548251,"circlet_count":0,"master_deck":["AscendersBane","Strike_B","Strike_B","Defend_B","Defend_B","Defend_B","Defend_B","Zap+1","Rip and Tear","Sunder+1","Ball Lightning","Beam Cell+1","Auto Shields","Gash","Conserve Battery","Hyperbeam","BootSequence","Leap","Hyperbeam","Streamline","Seek","Meteor Strike"],"relics":["Cracked Core","PreservedInsect","Golden Idol","Dream Catcher","Bronze Scales","Pear","Fusion Hammer","DollysMirror","Smiling Mask","Bag of Marbles","Frozen Egg 2"],"potions_floor_usage":[4,7,11,18,24,27,28,30],"damage_taken":[{"damage":2,"enemies":"Cultist","floor":1,"turns":4},{"damage":0,"enemies":"Small Slimes","floor":2,"turns":2},{"damage":4,"enemies":"Jaw Worm","floor":4,"turns":2},{"damage":0,"enemies":"3 Sentries","floor":7,"turns":3},{"damage":8,"enemies":"Exordium Wildlife","floor":10,"turns":2},{"damage":0,"enemies":"Large Slime","floor":11,"turns":4},{"damage":0,"enemies":"Gremlin Nob","floor":12,"turns":2},{"damage":0,"enemies":"Exordium Thugs","floor":13,"turns":3},{"damage":10,"enemies":"2 Fungi Beasts","floor":14,"turns":3},{"damage":37,"enemies":"The Guardian","floor":16,"turns":8},{"damage":7,"enemies":"Chosen","floor":18,"turns":3},{"damage":15,"enemies":"Shell Parasite","floor":20,"turns":4},{"damage":0,"enemies":"Cultist and Chosen","floor":24,"turns":3},{"damage":17,"enemies":"Book of Stabbing","floor":25,"turns":4},{"damage":0,"enemies":"Centurion and Healer","floor":27,"turns":3},{"damage":18,"enemies":"Snecko","floor":28,"turns":3},{"damage":2,"enemies":"Snake Plant","floor":30,"turns":1},{"damage":24,"enemies":"Slavers","floor":31,"turns":4},{"damage":50,"enemies":"Collector","floor":33,"turns":5}],"seed_played":"-5958749048599591162","potions_obtained":[{"floor":2,"key":"Weak Potion"},{"floor":4,"key":"Fire Potion"},{"floor":7,"key":"Poison Potion"},{"floor":12,"key":"Poison Potion"},{"floor":13,"key":"Poison Potion"},{"floor":20,"key":"FocusPotion"},{"floor":24,"key":"Fire Potion"},{"floor":28,"key":"Block Potion"}],"is_trial":false,"path_per_floor":["M","M","?","M","?","R","E","R","T","M","M","E","M","M","R","B",null,"M","$","M","$","?","R","M","E","T","M","M","R","M","E","R","B"],"character_chosen":"DEFECT","items_purchased":["DollysMirror"],"campfire_rested":3,"item_purchase_floors":[21],"current_hp_per_floor":[62,62,62,58,58,58,58,58,58,50,50,60,60,50,50,13,59,52,52,37,37,37,59,59,42,42,42,24,46,44,20,42,0],"gold":247,"neow_bonus":"RANDOM_COMMON_RELIC","is_prod":false,"is_daily":false,"chose_seed":false,"campfire_upgraded":3,"win_rate":0,"timestamp":1561460971,"path_taken":["M","M","?","M","?","R","E","R","T","M","M","E","M","M","R","BOSS","M","$","M","$","?","R","M","E","T","M","M","R","M","E","R","BOSS"],"build_version":"2019-01-23","purchased_purges":1,"victory":false,"max_hp_per_floor":[71,71,64,64,64,64,64,64,64,64,64,74,74,74,74,74,74,74,74,74,74,74,74,74,74,74,74,74,74,74,74,74,74],"card_choices":[{"not_picked":["Coolheaded","Heatsinks"],"picked":"Rip and Tear","floor":1},{"not_picked":["Rip and Tear","Steam"],"picked":"Sunder","floor":2},{"not_picked":["Chill","Turbo"],"picked":"White Noise","floor":4},{"not_picked":["Conserve Battery","Thunder Strike"],"picked":"Ball Lightning","floor":7},{"not_picked":["Hologram","Steam"],"picked":"Beam Cell","floor":10},{"not_picked":["Skim","Capacitor"],"picked":"Auto Shields","floor":11},{"not_picked":["Hologram","Barrage"],"picked":"Gash","floor":12},{"not_picked":["Ball Lightning","Self Repair"],"picked":"Conserve Battery","floor":13},{"not_picked":["Rebound","Thunder Strike","Rip and Tear"],"picked":"SKIP","floor":14},{"not_picked":["Buffer","Multi-Cast"],"picked":"Hyperbeam","floor":16},{"not_picked":["Hello World","Rip and Tear+1"],"picked":"BootSequence","floor":18},{"not_picked":["Cold Snap+1","Hologram"],"picked":"Leap","floor":20},{"not_picked":["Cold Snap","Steam Power","Tempest"],"picked":"SKIP","floor":24},{"not_picked":["Chill+1","Stack"],"picked":"Meteor Strike","floor":25},{"not_picked":["Coolheaded","Leap","Defragment"],"picked":"SKIP","floor":27},{"not_picked":["Streamline","Redo","Heatsinks"],"picked":"SKIP","floor":28},{"not_picked":["Capacitor","Stack","Glacier"],"picked":"SKIP","floor":30},{"not_picked":["Stack","Consume","Gash"],"picked":"SKIP","floor":31}],"player_experience":661895,"relics_obtained":[{"floor":7,"key":"Dream Catcher"},{"floor":9,"key":"Bronze Scales"},{"floor":12,"key":"Pear"},{"floor":25,"key":"Smiling Mask"},{"floor":26,"key":"Bag of Marbles"},{"floor":31,"key":"Frozen Egg 2"}],"event_choices":[{"damage_healed":0,"gold_gain":0,"player_choice":"Lose Max HP","damage_taken":0,"relics_obtained":["Golden Idol"],"max_hp_gain":0,"max_hp_loss":7,"event_name":"Golden Idol","floor":3,"gold_loss":0},{"cards_removed":["Strike_B"],"damage_healed":0,"gold_gain":0,"player_choice":"Card Removal","damage_taken":0,"max_hp_gain":0,"max_hp_loss":0,"event_name":"The Cleric","floor":5,"gold_loss":75},{"damage_healed":0,"gold_gain":0,"cards_transformed":["White Noise","Dualcast"],"player_choice":"Became Test Subject","damage_taken":0,"max_hp_gain":0,"max_hp_loss":0,"event_name":"Drug Dealer","floor":22,"gold_loss":0,"cards_obtained":["Streamline","Seek"]}],"is_beta":false,"boss_relics":[{"not_picked":["Lizard Tail","FrozenCore"],"picked":"Fusion Hammer"}],"items_purged_floors":[19],"is_endless":false,"potions_floor_spawned":[2,4,7,12,13,14,20,24,28],"killed_by":"Collector","ascension_level":20}