{"gold_per_floor":[121,145,38,113,123,123,223,223,223,241,260,288,288,306,306,306],"floor_reached":16,"playtime":516,"items_purged":["Strike_R"],"score":199,"play_id":"cbe85efd-aeac-40fd-97a6-f0576fe0185f","local_time":"20190523221722","is_ascension_mode":true,"campfire_choices":[{"data":"Searing Blow","floor":6.0,"key":"SMITH"},{"data":"Searing Blow+1","floor":8.0,"key":"SMITH"},{"data":"Searing Blow+2","floor":13,"key":"SMITH"},{"floor":15,"key":"REST"}],"neow_cost":"NONE","seed_source_timestamp":534159489990317,"circlet_count":0,"master_deck":["AscendersBane","Strike_R","Strike_R","Strike_R","Strike_R","Defend_R","Defend_R","Defend_R","Defend_R","Bash","Cleave","Shrug It Off","Searing Blow+3","Thunderclap","Rampage","Double Tap"],"special_seed":0,"relics":["Burning Blood","MawBank","Matryoshka","Self Forming Clay"],"potions_floor_usage":[10,12,12],"damage_taken":[{"damage":7.0,"enemies":"Cultist","floor":1.0,"turns":5.0},{"damage":7.0,"enemies":"Small Slimes","floor":2.0,"turns":3.0},{"damage":3.0,"enemies":"2 Louse","floor":5.0,"turns":3.0},{"damage":23,"enemies":"Gremlin Gang","floor":10,"turns":5},{"damage":10,"enemies":"3 Louse","floor":11,"turns":3},{"damage":26,"enemies":"Lagavulin","floor":12,"turns":8},{"damage":6,"enemies":"Looter","floor":14,"turns":3},{"damage":39,"enemies":"Hexaghost","floor":16,"turns":7}],"seed_played":"-2749837123386770139","potions_obtained":[{"floor":2.0,"key":"FearPotion"},{"floor":10,"key":"SpeedPotion"},{"floor":11,"key":"SneckoOil"},{"floor":12,"key":"Ancient Potion"}],"is_trial":false,"path_per_floor":["M","M","$","?","M","R","?","R","T","M","M","E","R","M","R","B"],"character_chosen":"IRONCLAD","items_purchased":["Searing Blow"],"campfire_rested":1,"item_purchase_floors":[3],"current_hp_per_floor":[67,66,66,55,58,58,58,58,58,41,37,17,17,17,39,0],"gold":306,"neow_bonus":"RANDOM_COMMON_RELIC","is_prod":false,"is_daily":false,"chose_seed":false,"campfire_upgraded":3,"win_rate":0,"timestamp":1558642642,"path_taken":["M","M","?","?","M","R","?","R","T","?","M","E","R","M","R","BOSS"],"build_version":"2019-01-23","purchased_purges":1,"victory":false,"max_hp_per_floor":[75,75,75,75,75,75,75,75,75,75,75,75,75,75,75,75],"card_choices":[{"not_picked":["True Grit","Anger"],"picked":"Cleave","floor":1.0},{"not_picked":["Clash","Flex"],"picked":"Shrug It Off","floor":2.0},{"not_picked":["Sword Boomerang","Feel No Pain","Dropkick"],"picked":"SKIP","floor":5.0},{"not_picked":["Evolve","Whirlwind"],"picked":"Thunderclap","floor":10},{"not_picked":["Havoc","Flex"],"picked":"Rampage","floor":11},{"not_picked":["Warcry","Armaments"],"picked":"Double Tap","floor":12},{"not_picked":["Combust","Cleave","Rage"],"picked":"SKIP","floor":14}],"player_experience":372377,"relics_obtained":[{"floor":9.0,"key":"Matryoshka"},{"floor":12,"key":"Self Forming Clay"}],"event_choices":[{"damage_healed":0.0,"max_hp_gain":0.0,"max_hp_loss":0.0,"gold_gain":75.0,"event_name":"World of Goop","player_choice":"Gather Gold","floor":4.0,"gold_loss":0.0,"damage_taken":11.0},{"damage_healed":0.0,"max_hp_gain":0.0,"max_hp_loss":0.0,"gold_gain":100.0,"event_name":"Wheel of Change","player_choice":"Gold","floor":7.0,"gold_loss":0.0,"damage_taken":0.0}],"is_beta":false,"boss_relics":[],"items_purged_floors":[3],"is_endless":false,"potions_floor_spawned":[2,10,11,12],"killed_by":"Hexaghost","ascension_level":19}