{"gold_per_floor":[117,87,101,117,217,217,248,261,330,309,309,19,19,19,19,122,122,134,151,151,170,0,0,20,20],"floor_reached":25,"playtime":1413,"items_purged":["Strike_B"],"score":201,"play_id":"97cf7187-9a51-48be-88a4-efc6d9a97094","local_time":"20190625133350","is_ascension_mode":false,"campfire_choices":[{"data":"Darkness","floor":6,"key":"SMITH"},{"floor":11,"key":"REST"},{"data":"Lockon","floor":13,"key":"SMITH"},{"floor":15,"key":"REST"},{"floor":23,"key":"REST"}],"neow_cost":"NONE","seed_source_timestamp":1450740804119652,"circlet_count":0,"master_deck":["Strike_B","Strike_B","Strike_B","Defend_B","Defend_B","Defend_B","Defend_B","Zap","Dualcast","Darkness+1","Compile Driver","Glacier","Lockon+1","Stack","Swift Strike+1","Static Discharge","Hyperbeam+1","Capacitor","Gash+1","Mind Blast+1","Ball Lightning+1","Coolheaded","Leap+1"],"relics":["Cracked Core","Du-Vu Doll","Molten Egg 2","Lizard Tail","DataDisk"],"potions_floor_usage":[16,16,16,18,21],"damage_taken":[{"damage":0,"enemies":"2 Louse","floor":1,"turns":2},{"damage":1,"enemies":"Cultist","floor":3,"turns":3},{"damage":9,"enemies":"Small Slimes","floor":4,"turns":3},{"damage":4,"enemies":"Lagavulin","floor":7,"turns":5},{"damage":24,"enemies":"Gremlin Gang","floor":8,"turns":5},{"damage":36,"enemies":"The Guardian","floor":16,"turns":7},{"damage":7,"enemies":"Spheric Guardian","floor":18,"turns":4},{"damage":29,"enemies":"2 Thieves","floor":19,"turns":4},{"damage":18,"enemies":"Snecko","floor":21,"turns":5},{"damage":46,"enemies":"Centurion and Healer","floor":24,"turns":6},{"damage":41,"enemies":"Shelled Parasite and Fungi","floor":25,"turns":4}],"seed_played":"-2587311517438365738","potions_obtained":[{"floor":1,"key":"Fire Potion"},{"floor":2,"key":"SkillPotion"},{"floor":2,"key":"GamblersBrew"},{"floor":16,"key":"AttackPotion"},{"floor":18,"key":"AttackPotion"}],"is_trial":false,"path_per_floor":["M","?","M","M","?","R","E","M","T","?","R","$","R","$","R","B",null,"M","M","?","M","$","R","M","M"],"character_chosen":"DEFECT","items_purchased":["Swift Strike+1","Static Discharge","PowerPotion","DataDisk","Coolheaded"],"campfire_rested":3,"item_purchase_floors":[12,12,12,22,22],"current_hp_per_floor":[82,82,81,72,72,72,68,44,44,44,68,68,68,68,82,46,82,75,46,30,12,12,36,33,0],"gold":20,"neow_bonus":"TEN_PERCENT_HP_BONUS","is_prod":false,"is_daily":false,"chose_seed":false,"campfire_upgraded":2,"win_rate":0,"timestamp":1561484030,"path_taken":["M","?","?","M","?","R","E","?","T","?","R","$","R","?","R","BOSS","M","M","?","?","?","R","?","M"],"build_version":"2019-01-23","purchased_purges":1,"victory":false,"max_hp_per_floor":[82,82,82,82,82,82,82,82,82,82,82,82,82,82,82,82,82,82,82,82,82,82,82,82,82],"card_choices":[{"not_picked":["Consume","Sweeping Beam"],"picked":"Darkness","floor":1},{"not_picked":["Beam Cell","Go for the Eyes"],"picked":"Compile Driver","floor":3},{"not_picked":["Recycle","Redo"],"picked":"Glacier","floor":4},{"not_picked":["Meteor Strike","Recycle"],"picked":"Lockon","floor":7},{"not_picked":["Rebound","Beam Cell"],"picked":"Stack","floor":8},{"not_picked":["Meteor Strike+1","Buffer"],"picked":"Hyperbeam+1","floor":16},{"not_picked":["Auto Shields","Genetic Algorithm+1"],"picked":"Capacitor","floor":18},{"not_picked":["Coolheaded+1","Steam"],"picked":"Gash+1","floor":19},{"not_picked":["Go for the Eyes+1","Hologram"],"picked":"Ball Lightning+1","floor":21},{"not_picked":["Multi-Cast","Stack"],"picked":"Leap+1","floor":24}],"player_experience":1224342,"relics_obtained":[{"floor":7,"key":"Du-Vu Doll"},{"floor":9,"key":"Molten Egg 2"}],"event_choices":[{"damage_healed":0,"gold_gain":0,"player_choice":"Bought 2 Potions","damage_taken":0,"max_hp_gain":0,"max_hp_loss":0,"event_name":"The Woman in Blue","floor":2,"gold_loss":0},{"damage_healed":0,"gold_gain":100,"player_choice":"Pray","damage_taken":0,"max_hp_gain":0,"max_hp_loss":0,"event_name":"Golden Shrine","floor":5,"gold_loss":0},{"damage_healed":0,"gold_gain":0,"player_choice":"Left Gold","damage_taken":0,"max_hp_gain":0,"max_hp_loss":0,"event_name":"World of Goop","floor":10,"gold_loss":21},{"damage_healed":0,"gold_gain":0,"player_choice":"CARD ","damage_taken":16,"max_hp_gain":0,"max_hp_loss":0,"event_name":"Knowing Skull","floor":20,"potions_obtained":[],"gold_loss":0,"cards_obtained":["Mind Blast"]}],"is_beta":false,"boss_relics":[{"not_picked":["Runic Pyramid","FrozenCore"],"picked":"Lizard Tail"}],"items_purged_floors":[12],"is_endless":false,"potions_floor_spawned":[1,16,18],"killed_by":"Shelled Parasite and Fungi","ascension_level":0}