{"gold_per_floor":[215,13,23,36,54,80,80,114,114,140,156,84,99,22,22,117,117,137,137,155,181,193,218,218,31,31,60,60,71,98,129,129,229,229,245,265,265,283,302,302,319,349,375,375,389,404,435,139,139,139,139,139,9,43,43],"floor_reached":56,"playtime":3896,"items_purged":["Strike_G","Finisher","Strike_G"],"score":1387,"play_id":"4890df62-627a-4a67-afc0-499fe676f77c","local_time":"20190310194938","is_ascension_mode":true,"campfire_choices":[{"data":"Bouncing Flask","floor":7.0,"key":"SMITH"},{"data":"Bouncing Flask","floor":15.0,"key":"SMITH"},{"floor":24.0,"key":"REST"},{"floor":28.0,"key":"REST"},{"floor":32.0,"key":"RECALL"}],"neow_cost":"NONE","seed_source_timestamp":762016307108296,"circlet_count":0,"master_deck":["Defend_G","Defend_G","Defend_G","Defend_G","Defend_G","Strike_G","Survivor","Neutralize","Skewer","Bouncing Flask+1","Dodge and Roll","Bouncing Flask+1","Crippling Poison","Flechettes","Bane","Caltrops","Corpse Explosion","Blade Dance","PiercingWail","Footwork","Footwork","Dash+1","Leg Sweep+1","Storm of Steel","Backflip","Caltrops","Backflip+1","Envenom","Heel Hook"],"special_seed":0,"relics":["Ring of the Snake","Membership Card","Pantograph","Sundial","Blue Candle","Boot","Blood Vial","Fusion Hammer","FossilizedHelix","TwistedFunnel","Vajra","Meat on the Bone","Ginger","Red Mask","Coffee Dripper","Ninja Scroll","Bag of Marbles","Mercury Hourglass","Paper Crane","Medical Kit","Happy Flower"],"potions_floor_usage":[55],"damage_taken":[{"damage":0.0,"enemies":"Cultist","floor":1.0,"turns":5.0},{"damage":1.0,"enemies":"Small Slimes","floor":3.0,"turns":4.0},{"damage":0.0,"enemies":"Jaw Worm","floor":4.0,"turns":4.0},{"damage":5.0,"enemies":"Blue Slaver","floor":5.0,"turns":4.0},{"damage":34.0,"enemies":"Lagavulin","floor":6.0,"turns":7.0},{"damage":22.0,"enemies":"Gremlin Nob","floor":8.0,"turns":4.0},{"damage":10.0,"enemies":"Lagavulin","floor":10.0,"turns":5.0},{"damage":8.0,"enemies":"Exordium Wildlife","floor":11.0,"turns":3.0},{"damage":1.0,"enemies":"Exordium Thugs","floor":13.0,"turns":4.0},{"damage":19.0,"enemies":"The Guardian","floor":16.0,"turns":8.0},{"damage":15.0,"enemies":"Shell Parasite","floor":18.0,"turns":4.0},{"damage":0.0,"enemies":"Spheric Guardian","floor":20.0,"turns":3.0},{"damage":22.0,"enemies":"3 Cultists","floor":22.0,"turns":5.0},{"damage":29.0,"enemies":"Slavers","floor":23.0,"turns":2.0},{"damage":33.0,"enemies":"Gremlin Leader","floor":27.0,"turns":7.0},{"damage":6.0,"enemies":"Snecko","floor":29.0,"turns":4.0},{"damage":20.0,"enemies":"Book of Stabbing","floor":30.0,"turns":5.0},{"damage":0.0,"enemies":"Masked Bandits","floor":31.0,"turns":2.0},{"damage":22.0,"enemies":"Collector","floor":33.0,"turns":9.0},{"damage":0.0,"enemies":"3 Shapes","floor":35.0,"turns":3.0},{"damage":0.0,"enemies":"3 Darklings","floor":36.0,"turns":2.0},{"damage":8.0,"enemies":"Sphere and 2 Shapes","floor":38.0,"turns":4.0},{"damage":5.0,"enemies":"Writhing Mass","floor":39.0,"turns":4.0},{"damage":0.0,"enemies":"3 Darklings","floor":41.0,"turns":2.0},{"damage":35.0,"enemies":"Nemesis","floor":42.0,"turns":11.0},{"damage":4.0,"enemies":"Transient","floor":45.0,"turns":5.0},{"damage":5.0,"enemies":"Spire Growth","floor":46.0,"turns":4.0},{"damage":47.0,"enemies":"Giant Head","floor":47.0,"turns":9.0},{"damage":13.0,"enemies":"Donu and Deca","floor":50.0,"turns":7.0},{"damage":30.0,"enemies":"Shield and Spear","floor":54.0,"turns":4.0},{"damage":25,"enemies":"The Heart","floor":55,"turns":9}],"seed_played":"-9098087912774735462","potions_obtained":[{"floor":1.0,"key":"Energy Potion"},{"floor":3.0,"key":"Explosive Potion"},{"floor":5.0,"key":"Regen Potion"},{"floor":8.0,"key":"AttackPotion"},{"floor":10.0,"key":"AttackPotion"},{"floor":13.0,"key":"Energy Potion"},{"floor":18.0,"key":"Regen Potion"},{"floor":22.0,"key":"Regen Potion"},{"floor":30.0,"key":"Block Potion"},{"floor":31.0,"key":"Ancient Potion"},{"floor":39.0,"key":"PowerPotion"},{"floor":42.0,"key":"GhostInAJar"}],"is_trial":false,"path_per_floor":["M","$","M","M","M","E","R","E","T","E","M","$","M","$","R","B",null,"M","?","M","T","M","E","R","$","T","E","R","M","E","?","R","B",null,"M","M","?","M","M","R","M","E","T","R","M","M","E","$","R","B",null,"R","$","E","B",null],"character_chosen":"THE_SILENT","items_purchased":["Membership Card","Caltrops","Blood Vial","Footwork","TwistedFunnel","Paper Crane","Envenom","Heel Hook","Medical Kit","Block Potion"],"campfire_rested":2,"item_purchase_floors":[2,12,14,25,25,48,48,48,53,53],"current_hp_per_floor":[70,70,69,69,64,45,45,23,23,13,5,5,4,4,4,12,70,55,55,57,57,37,10,31,31,31,15,36,44,38,40,40,45,70,70,70,70,62,59,59,61,40,40,40,38,47,14,14,14,40,70,70,70,40,42],"gold":43,"neow_bonus":"HUNDRED_GOLD","is_prod":false,"is_daily":false,"chose_seed":false,"campfire_upgraded":2,"win_rate":0,"timestamp":1552243778,"path_taken":["M","$","M","?","M","E","R","E","T","E","M","$","M","$","R","BOSS","M","?","M","?","M","E","R","$","T","E","R","M","E","?","R","BOSS","M","M","?","M","M","R","M","E","T","R","?","M","E","?","R","BOSS","R","$","E","BOSS"],"build_version":"2019-01-23","purchased_purges":3,"victory":true,"max_hp_per_floor":[70,70,70,70,70,70,70,70,70,70,70,70,70,70,70,70,70,70,70,70,70,70,70,70,70,70,70,70,70,70,70,70,70,70,70,70,70,70,70,70,70,70,70,70,70,70,70,70,70,70,70,70,70,70,70],"card_choices":[{"not_picked":["Acrobatics","All Out Attack"],"picked":"Skewer","floor":1.0},{"not_picked":["Predator","All Out Attack"],"picked":"Bouncing Flask","floor":3.0},{"not_picked":["Choke","Prepared"],"picked":"Dodge and Roll","floor":4.0},{"not_picked":["Calculated Gamble","Accuracy"],"picked":"Bouncing Flask","floor":5.0},{"not_picked":["Night Terror","Slice"],"picked":"Crippling Poison","floor":6.0},{"not_picked":["Deadly Poison","Envenom"],"picked":"Flechettes","floor":8.0},{"not_picked":["Predator","Dodge and Roll"],"picked":"Bane","floor":10.0},{"not_picked":["Sucker Punch","Quick Slash","Blade Dance"],"picked":"SKIP","floor":11.0},{"not_picked":["Infinite Blades","Deflect","Masterful Stab"],"picked":"SKIP","floor":13.0},{"not_picked":["Storm of Steel","Night Terror"],"picked":"Corpse Explosion","floor":16.0},{"not_picked":["Dagger Throw","Cloak And Dagger","Outmaneuver"],"picked":"SKIP","floor":18.0},{"not_picked":["Bouncing Flask+1","Masterful Stab","Flechettes+1"],"picked":"SKIP","floor":20.0},{"not_picked":["Dagger Spray+1","Finisher"],"picked":"PiercingWail","floor":22.0},{"not_picked":["Accuracy","Concentrate","Unload"],"picked":"SKIP","floor":23.0},{"not_picked":["Infinite Blades","Finisher+1"],"picked":"Footwork","floor":27.0},{"not_picked":["Dodge and Roll","Deflect"],"picked":"Dash+1","floor":29.0},{"not_picked":["Accuracy","Poisoned Stab","Dagger Spray"],"picked":"SKIP","floor":30.0},{"not_picked":["Dash","Blur+1"],"picked":"Leg Sweep+1","floor":35.0},{"not_picked":["Dash","Calculated Gamble+1","Poisoned Stab"],"picked":"SKIP","floor":36.0},{"not_picked":["Endless Agony","Prepared","Dagger Throw"],"picked":"SKIP","floor":38.0},{"not_picked":["Sucker Punch+1","Calculated Gamble+1","Doppelganger"],"picked":"SKIP","floor":39.0},{"not_picked":["Poisoned Stab+1","Setup"],"picked":"Backflip","floor":41.0},{"not_picked":["Prepared","Dagger Spray+1"],"picked":"Caltrops","floor":42.0},{"not_picked":["Dagger Throw+1","PiercingWail"],"picked":"Backflip+1","floor":45.0},{"not_picked":["Reflex","Outmaneuver+1","Predator+1"],"picked":"SKIP","floor":46.0},{"not_picked":["Bouncing Flask+1","Bane","Leg Sweep+1"],"picked":"SKIP","floor":47.0},{"not_picked":["Quick Slash","Eviscerate","Flying Knee+1"],"picked":"SKIP","floor":54.0}],"player_experience":50668,"relics_obtained":[{"floor":6.0,"key":"Pantograph"},{"floor":8.0,"key":"Sundial"},{"floor":9.0,"key":"Blue Candle"},{"floor":10.0,"key":"Boot"},{"floor":23.0,"key":"FossilizedHelix"},{"floor":26.0,"key":"Vajra"},{"floor":27.0,"key":"Meat on the Bone"},{"floor":30.0,"key":"Ginger"},{"floor":31.0,"key":"Red Mask"},{"floor":42.0,"key":"Ninja Scroll"},{"floor":43.0,"key":"Bag of Marbles"},{"floor":47.0,"key":"Mercury Hourglass"},{"floor":54.0,"key":"Happy Flower"}],"event_choices":[{"damage_healed":0.0,"max_hp_gain":0.0,"max_hp_loss":0.0,"gold_gain":0.0,"cards_transformed":["Strike_G","Strike_G"],"event_name":"Drug Dealer","player_choice":"Became Test Subject","floor":19.0,"gold_loss":0.0,"damage_taken":0.0,"cards_obtained":["Finisher","Blade Dance"]},{"damage_healed":0.0,"max_hp_gain":0.0,"max_hp_loss":0.0,"gold_gain":0.0,"event_name":"Masked Bandits","player_choice":"Fought Bandits","floor":31.0,"gold_loss":0.0,"damage_taken":0.0},{"damage_healed":0.0,"max_hp_gain":0.0,"max_hp_loss":0.0,"gold_gain":0.0,"event_name":"Match and Keep!","player_choice":"1 cards matched","floor":37.0,"gold_loss":0.0,"damage_taken":0.0,"cards_obtained":["Storm of Steel"]}],"is_beta":false,"boss_relics":[{"not_picked":["Ring of the Serpent","HoveringKite"],"picked":"Fusion Hammer"},{"not_picked":["Runic Dome","WristBlade"],"picked":"Coffee Dripper"}],"items_purged_floors":[12,25,48],"is_endless":false,"potions_floor_spawned":[1,3,5,8,10,13,18,22,30,31,33,39,42,46],"ascension_level":3}