{"gold_per_floor":[109,124,140,140,215,243,243,22,22,197,197,208,12,12,12,109,109,109,24,24,24,24,24,24,24,24,24,24,24,24,24],"floor_reached":31,"playtime":33811,"items_purged":["Strike_R"],"score":253,"play_id":"89627a6c-4bcf-4a23-bdcb-99aaeb498f01","local_time":"20190504230600","is_ascension_mode":false,"campfire_choices":[{"floor":7,"key":"REST"},{"data":"Magnetism","floor":15,"key":"SMITH"},{"floor":23,"key":"REST"},{"floor":25,"key":"REST"}],"neow_cost":"NONE","seed_source_timestamp":599710324477907,"circlet_count":0,"master_deck":["Strike_R","Strike_R","Strike_R","Defend_R","Defend_R+1","Defend_R","Defend_R","Bash+1","Fire Breathing","Whirlwind","Combust","Pommel Strike","Fire Breathing","Flame Barrier","Uppercut","Magnetism+1","Dark Embrace","Battle Trance","Evolve","Metallicize","Sentinel","Flex+1","Burning Pact","Berserk"],"relics":["Burning Blood","Bag of Preparation","Dream Catcher","Regal Pillow","Matryoshka","Ectoplasm","Paper Frog","Pen Nib","Bottled Tornado","Omamori","Nunchaku"],"potions_floor_usage":[16,16,16,29,29,29],"damage_taken":[{"damage":7,"enemies":"2 Louse","floor":1,"turns":4},{"damage":10,"enemies":"Small Slimes","floor":2,"turns":3},{"damage":4,"enemies":"Jaw Worm","floor":3,"turns":5},{"damage":34,"enemies":"3 Sentries","floor":6,"turns":6},{"damage":11,"enemies":"2 Fungi Beasts","floor":12,"turns":4},{"damage":69,"enemies":"Hexaghost","floor":16,"turns":12},{"damage":19,"enemies":"Shell Parasite","floor":18,"turns":9},{"damage":42,"enemies":"Chosen","floor":21,"turns":8},{"damage":55,"enemies":"Centurion and Healer","floor":24,"turns":8},{"damage":24,"enemies":"Shelled Parasite and Fungi","floor":27,"turns":6},{"damage":25,"enemies":"Book of Stabbing","floor":28,"turns":5},{"damage":0,"enemies":"Snake Plant","floor":29,"turns":2},{"damage":37,"enemies":"Cultist and Chosen","floor":31,"turns":4}],"seed_played":"-8580094058982201429","potions_obtained":[{"floor":1,"key":"BloodPotion"},{"floor":2,"key":"BloodPotion"},{"floor":3,"key":"Block Potion"},{"floor":16,"key":"Fire Potion"},{"floor":21,"key":"SteroidPotion"},{"floor":27,"key":"Explosive Potion"},{"floor":29,"key":"FearPotion"}],"is_trial":false,"path_per_floor":["M","M","M","?","?","E","R","$","T","?","?","M","$","?","R","B",null,"M","?","?","M","$","R","M","R","T","M","E","M","?","M"],"character_chosen":"IRONCLAD","items_purchased":["Regal Pillow","Magnetism"],"campfire_rested":3,"item_purchase_floors":[8,13],"current_hp_per_floor":[79,75,77,70,59,31,55,55,55,55,39,34,34,60,60,13,80,67,67,67,31,31,70,21,60,60,42,23,29,29,0],"gold":24,"neow_bonus":"TRANSFORM_CARD","is_prod":false,"is_daily":false,"chose_seed":false,"campfire_upgraded":1,"win_rate":0.0,"timestamp":1557025560,"path_taken":["M","M","M","?","?","E","R","$","T","?","?","M","$","?","R","BOSS","M","?","?","M","$","R","M","R","T","?","E","M","?","M"],"build_version":"2019-01-23","purchased_purges":1,"victory":false,"max_hp_per_floor":[80,80,80,80,80,80,80,80,80,80,80,80,80,80,80,80,80,80,80,80,80,80,80,80,80,80,80,80,80,80,80],"card_choices":[{"not_picked":["Shockwave","Sword Boomerang"],"picked":"Whirlwind","floor":1},{"not_picked":["Perfected Strike","Clash"],"picked":"Combust","floor":2},{"not_picked":["Bloodletting","Shockwave"],"picked":"Pommel Strike","floor":3},{"not_picked":["Hemokinesis","Bludgeon"],"picked":"Fire Breathing","floor":6},{"not_picked":["Combust","Warcry"],"picked":"Flame Barrier","floor":7},{"not_picked":["Wild Strike","Sword Boomerang"],"picked":"Uppercut","floor":12},{"not_picked":["Limit Break","Reaper"],"picked":"Dark Embrace","floor":16},{"not_picked":["Searing Blow","Pommel Strike"],"picked":"Battle Trance","floor":18},{"not_picked":["Sever Soul","Inflame+1"],"picked":"Evolve","floor":21},{"not_picked":["Iron Wave+1","Flex+1"],"picked":"Metallicize","floor":23},{"not_picked":["Perfected Strike","Shockwave"],"picked":"Sentinel","floor":24},{"not_picked":["Twin Strike","Entrench"],"picked":"Flex+1","floor":25},{"not_picked":["Perfected Strike","Havoc","Heavy Blade"],"picked":"SKIP","floor":27},{"not_picked":["Perfected Strike","Havoc","Heavy Blade"],"picked":"SKIP","floor":27},{"not_picked":["Sword Boomerang","Clothesline"],"picked":"Burning Pact","floor":28},{"not_picked":["Bloodletting","Warcry"],"picked":"Berserk","floor":29}],"player_experience":194601,"relics_obtained":[{"floor":6,"key":"Dream Catcher"},{"floor":9,"key":"Matryoshka"},{"floor":26,"key":"Pen Nib"},{"floor":26,"key":"Bottled Tornado"},{"floor":28,"key":"Omamori"}],"event_choices":[{"damage_healed":0,"gold_gain":0,"player_choice":"Success","damage_taken":7,"relics_obtained":["Bag of Preparation"],"max_hp_gain":0,"max_hp_loss":0,"event_name":"Scrap Ooze","floor":4,"gold_loss":0},{"damage_healed":0,"gold_gain":75,"player_choice":"Gather Gold","damage_taken":11,"max_hp_gain":0,"max_hp_loss":0,"event_name":"World of Goop","floor":5,"gold_loss":0},{"damage_healed":0,"gold_gain":175,"player_choice":"AGREE","damage_taken":0,"max_hp_gain":0,"max_hp_loss":0,"event_name":"Liars Game","floor":10,"gold_loss":0,"cards_obtained":["Doubt"]},{"damage_healed":0,"gold_gain":0,"player_choice":"Entered Light","damage_taken":16,"max_hp_gain":0,"max_hp_loss":0,"event_name":"Shining Light","floor":11,"gold_loss":0,"cards_upgraded":["Bash","Defend_R"]},{"damage_healed":26,"gold_gain":0,"player_choice":"Banana","damage_taken":0,"max_hp_gain":0,"max_hp_loss":0,"event_name":"Big Fish","floor":14,"gold_loss":0},{"damage_healed":0,"gold_gain":0,"player_choice":"Obtained Relic","damage_taken":0,"relics_obtained":["Paper Frog"],"max_hp_gain":0,"max_hp_loss":0,"event_name":"Addict","floor":19,"gold_loss":85},{"cards_removed":["Doubt"],"damage_healed":0,"gold_gain":0,"player_choice":"Card Removal","damage_taken":0,"max_hp_gain":0,"max_hp_loss":0,"event_name":"Wheel of Change","floor":20,"gold_loss":0},{"damage_healed":0,"gold_gain":0,"player_choice":"Opened","damage_taken":0,"relics_obtained":["Nunchaku"],"max_hp_gain":0,"max_hp_loss":0,"event_name":"The Mausoleum","floor":30,"gold_loss":0}],"is_beta":false,"boss_relics":[{"not_picked":["Orrery","Runic Cube"],"picked":"Ectoplasm"}],"items_purged_floors":[8],"is_endless":false,"potions_floor_spawned":[1,2,3,16,21,27,29],"killed_by":"Cultist and Chosen","ascension_level":0}