{"gold_per_floor":[11,11,29,43,55,55,81,81,81,96,196,216,250,9,9,86,86,103,103,3,17,17,17,47,67,121,151,151,167,167,182,182,260,260,280,294,312,114,125,125,160,160,160,171,191,223,223,238,238,238,238,238,0,35,35],"floor_reached":55,"playtime":2600,"items_purged":["Strike_R","Shame"],"score":1455,"play_id":"123a9e21-4b74-46b9-84d8-fc203de68a7a","local_time":"20190511165857","is_ascension_mode":true,"campfire_choices":[{"data":"Iron Wave","floor":6,"key":"SMITH"},{"data":"Iron Wave","floor":8,"key":"SMITH"},{"data":"Juggernaut","floor":15,"key":"SMITH"},{"data":"Flame Barrier","floor":23,"key":"SMITH"},{"floor":30,"key":"REST"},{"data":"Iron Wave","floor":32,"key":"SMITH"},{"floor":40,"key":"REST"},{"data":"Entrench","floor":42,"key":"SMITH"},{"floor":49,"key":"RECALL"},{"data":"Barricade","floor":52,"key":"SMITH"}],"neow_cost":"NO_GOLD","seed_source_timestamp":2094575471903073,"circlet_count":0,"master_deck":["AscendersBane","Strike_R","Strike_R","Defend_R","Defend_R","Defend_R","Bash","Body Slam+1","Cleave","Iron Wave+1","Iron Wave+1","Juggernaut+1","Flame Barrier+1","Iron Wave+1","Offering","Burning Pact","Shrug It Off+1","Shrug It Off","Battle Trance","Barricade+1","True Grit+1","Entrench+1","Impervious"],"relics":["Burning Blood","Pantograph","Question Card","Vajra","Happy Flower","Mark of Pain","Dodecahedron","Ornamental Fan","Oddly Smooth Stone","Bag of Preparation","Runic Dome","TheAbacus","Gremlin Horn","Omamori","SsserpentHead","Gambling Chip"],"potions_floor_usage":[5,12,24,24,33,44,54,54,55],"damage_taken":[{"damage":0,"enemies":"Small Slimes","floor":1,"turns":4},{"damage":1,"enemies":"Cultist","floor":3,"turns":4},{"damage":1,"enemies":"2 Louse","floor":4,"turns":3},{"damage":0,"enemies":"Gremlin Gang","floor":5,"turns":4},{"damage":18,"enemies":"Gremlin Nob","floor":7,"turns":4},{"damage":1,"enemies":"Exordium Wildlife","floor":10,"turns":2},{"damage":0,"enemies":"3 Louse","floor":12,"turns":3},{"damage":9,"enemies":"Lagavulin","floor":13,"turns":7},{"damage":36,"enemies":"Hexaghost","floor":16,"turns":9},{"damage":17,"enemies":"3 Byrds","floor":18,"turns":3},{"damage":10,"enemies":"Shell Parasite","floor":21,"turns":3},{"damage":13,"enemies":"Book of Stabbing","floor":24,"turns":4},{"damage":8,"enemies":"Shelled Parasite and Fungi","floor":25,"turns":3},{"damage":28,"enemies":"Slavers","floor":27,"turns":6},{"damage":6,"enemies":"3 Cultists","floor":29,"turns":4},{"damage":0,"enemies":"Centurion and Healer","floor":31,"turns":5},{"damage":31,"enemies":"Automaton","floor":33,"turns":8},{"damage":6,"enemies":"3 Shapes","floor":35,"turns":4},{"damage":0,"enemies":"Orb Walker","floor":36,"turns":3},{"damage":6,"enemies":"Spire Growth","floor":37,"turns":4},{"damage":47,"enemies":"3 Darklings","floor":39,"turns":4},{"damage":6,"enemies":"Giant Head","floor":41,"turns":7},{"damage":17,"enemies":"Writhing Mass","floor":44,"turns":4},{"damage":3,"enemies":"Spire Growth","floor":45,"turns":5},{"damage":6,"enemies":"Nemesis","floor":46,"turns":5},{"damage":6,"enemies":"4 Shapes","floor":48,"turns":5},{"damage":6,"enemies":"Donu and Deca","floor":50,"turns":19},{"damage":63,"enemies":"Shield and Spear","floor":54,"turns":7},{"damage":56,"enemies":"The Heart","floor":55,"turns":2}],"seed_played":"386031469600948876","potions_obtained":[{"floor":4,"key":"FearPotion"},{"floor":5,"key":"GamblersBrew"},{"floor":7,"key":"LiquidBronze"},{"floor":13,"key":"Fire Potion"},{"floor":27,"key":"Strength Potion"},{"floor":29,"key":"FearPotion"},{"floor":31,"key":"PowerPotion"},{"floor":33,"key":"EssenceOfSteel"},{"floor":44,"key":"Strength Potion"},{"floor":54,"key":"Block Potion"}],"is_trial":false,"path_per_floor":["M","?","M","M","M","R","E","R","T","M","?","M","E","$","R","B",null,"M","?","$","M","?","R","E","M","T","E","?","M","R","M","R","B",null,"M","M","M","$","M","R","E","R","T","M","M","E","?","M","R","B",null,"R","$","E","B"],"character_chosen":"IRONCLAD","items_purchased":["Iron Wave","Happy Flower","TheAbacus","Impervious","PowerPotion","SpeedPotion"],"campfire_rested":2,"item_purchase_floors":[14,14,38,53,53,53],"current_hp_per_floor":[74,74,75,75,75,75,63,63,63,68,68,74,71,71,71,45,68,57,57,57,53,53,53,46,44,44,22,47,47,69,75,75,50,69,69,75,75,75,34,56,56,56,56,45,48,48,48,48,48,73,75,75,75,18,0],"gold":35,"neow_bonus":"REMOVE_TWO","is_prod":false,"is_daily":false,"chose_seed":false,"campfire_upgraded":7,"win_rate":0,"timestamp":1557586737,"path_taken":["M","?","M","M","?","R","E","R","T","M","?","?","E","?","R","BOSS","M","?","$","M","?","R","E","?","T","E","?","M","R","M","R","BOSS","M","M","M","$","M","R","E","R","T","M","M","E","?","M","R","BOSS","R","$","E","BOSS"],"build_version":"2019-01-23","purchased_purges":2,"victory":false,"max_hp_per_floor":[75,75,75,75,75,75,75,75,75,75,75,75,75,75,75,75,75,75,75,75,75,75,75,75,75,75,75,75,75,75,75,75,75,75,75,75,75,75,75,75,75,75,75,75,75,75,75,75,75,75,75,75,75,75,75],"card_choices":[{"not_picked":["Clothesline","Carnage","Body Slam"],"picked":"SKIP","floor":1},{"not_picked":["Clothesline","Carnage"],"picked":"Body Slam","floor":1},{"not_picked":["Wild Strike","Heavy Blade"],"picked":"Cleave","floor":3},{"not_picked":["Clothesline","Perfected Strike"],"picked":"Iron Wave","floor":4},{"not_picked":["Clash","Pommel Strike"],"picked":"Iron Wave","floor":5},{"not_picked":["Cleave","Carnage","Perfected Strike"],"picked":"SKIP","floor":7},{"not_picked":["True Grit","Havoc","Twin Strike"],"picked":"Juggernaut","floor":10},{"not_picked":["Ghostly Armor","Spot Weakness","True Grit"],"picked":"Flame Barrier","floor":12},{"not_picked":["Spot Weakness","Blood for Blood","Rupture","Intimidate"],"picked":"SKIP","floor":13},{"not_picked":["Reaper","Double Tap","Fiend Fire"],"picked":"Offering","floor":16},{"not_picked":["Rupture","Combust","Thunderclap"],"picked":"Burning Pact","floor":18},{"not_picked":["Armaments","Seeing Red","Carnage","Rampage+1"],"picked":"SKIP","floor":21},{"not_picked":["Perfected Strike+1","Havoc","Flex"],"picked":"Shrug It Off+1","floor":24},{"not_picked":["Blood for Blood","Flex","Disarm","Wild Strike"],"picked":"SKIP","floor":25},{"not_picked":["Limit Break","Reckless Charge+1","Carnage"],"picked":"Shrug It Off","floor":27},{"not_picked":["Hemokinesis","Blood for Blood","Heavy Blade","Twin Strike"],"picked":"SKIP","floor":29},{"not_picked":["Sentinel","Iron Wave","Headbutt"],"picked":"Battle Trance","floor":31},{"not_picked":["Double Tap","Berserk","Demon Form"],"picked":"Barricade","floor":33},{"not_picked":["Sentinel","Cleave","Perfected Strike"],"picked":"True Grit+1","floor":35},{"not_picked":["Searing Blow","Inflame+1","Flex+1","Second Wind"],"picked":"SKIP","floor":36},{"not_picked":["Pommel Strike","Combust","Sword Boomerang","Armaments"],"picked":"SKIP","floor":37},{"not_picked":["Shrug It Off","Rampage","Demon Form","Corruption"],"picked":"SKIP","floor":39},{"not_picked":["Iron Wave","Sword Boomerang+1","Clothesline"],"picked":"Entrench","floor":41},{"not_picked":["Twin Strike","Sword Boomerang","Clothesline","Thunderclap"],"picked":"SKIP","floor":44},{"not_picked":["Anger","Reckless Charge","Iron Wave+1","Shrug It Off"],"picked":"SKIP","floor":45},{"not_picked":["Headbutt","Power Through","Rupture","Second Wind+1"],"picked":"SKIP","floor":46},{"not_picked":["Flex","Clash","Anger","Evolve"],"picked":"SKIP","floor":48},{"not_picked":["Sentinel+1","Corruption","True Grit","Double Tap"],"picked":"SKIP","floor":54}],"player_experience":326257,"relics_obtained":[{"floor":7,"key":"Pantograph"},{"floor":9,"key":"Question Card"},{"floor":13,"key":"Vajra"},{"floor":24,"key":"Ornamental Fan"},{"floor":26,"key":"Oddly Smooth Stone"},{"floor":27,"key":"Bag of Preparation"},{"floor":41,"key":"Gremlin Horn"},{"floor":46,"key":"Omamori"},{"floor":54,"key":"Gambling Chip"}],"event_choices":[{"damage_healed":0,"gold_gain":0,"player_choice":"Upgraded","damage_taken":0,"max_hp_gain":0,"max_hp_loss":0,"event_name":"Upgrade Shrine","floor":2,"gold_loss":0,"cards_upgraded":["Body Slam"]},{"damage_healed":0,"gold_gain":100,"player_choice":"Pray","damage_taken":0,"max_hp_gain":0,"max_hp_loss":0,"event_name":"Golden Shrine","floor":11,"gold_loss":0},{"damage_healed":0,"gold_gain":0,"player_choice":"Stole Relic","damage_taken":0,"relics_obtained":["Dodecahedron"],"max_hp_gain":0,"max_hp_loss":0,"event_name":"Addict","floor":19,"gold_loss":0,"cards_obtained":["Shame"]},{"cards_removed":["Strike_R"],"damage_healed":0,"gold_gain":0,"player_choice":"Offered Basic","damage_taken":0,"max_hp_gain":0,"max_hp_loss":0,"event_name":"Bonfire Elementals","floor":22,"gold_loss":0},{"damage_healed":25,"gold_gain":0,"player_choice":"Heal","damage_taken":0,"max_hp_gain":0,"max_hp_loss":0,"event_name":"The Library","floor":28,"gold_loss":0},{"damage_healed":0,"gold_gain":0,"player_choice":"Trade","damage_taken":0,"relics_obtained":["SsserpentHead"],"max_hp_gain":0,"max_hp_loss":0,"event_name":"FaceTrader","floor":47,"gold_loss":0}],"is_beta":false,"boss_relics":[{"not_picked":["Eternal Feather","Runic Cube"],"picked":"Mark of Pain"},{"not_picked":["Runic Pyramid","White Beast Statue"],"picked":"Runic Dome"}],"items_purged_floors":[14,20],"is_endless":false,"potions_floor_spawned":[4,5,7,13,27,29,31,33,41,44,54],"killed_by":"The Heart","ascension_level":14}