{"gold_per_floor":[14,14,24,36,54,54,81,81,130,104,104,279,309,234,234,333,333,349,349,349,96,115,149,166,166,166,166,166,194,175,201,201,301,301,320,334,334,350,350,350,376,376,429,443,475,487,288,308,308,308],"floor_reached":50,"playtime":1702,"items_purged":["Doubt","Defend_R"],"score":1021,"play_id":"42b4664e-e45b-4bf0-be8e-8e6b23701b94","local_time":"20190505204350","is_ascension_mode":true,"campfire_choices":[{"data":"Perfected Strike","floor":6.0,"key":"SMITH"},{"data":"Immolate","floor":11.0,"key":"SMITH"},{"data":"Shrug It Off","floor":15.0,"key":"SMITH"},{"data":"Perfected Strike","floor":25.0,"key":"SMITH"},{"floor":27.0,"key":"REST"},{"data":"Perfected Strike","floor":32.0,"key":"SMITH"},{"floor":40.0,"key":"RECALL"},{"floor":46,"key":"REST"},{"floor":49,"key":"REST"}],"neow_cost":"NO_GOLD","seed_source_timestamp":1590494943933586,"circlet_count":0,"master_deck":["AscendersBane","Strike_R+1","Strike_R+1","Strike_R+1","Strike_R+1","Defend_R+1","Defend_R+1","Defend_R+1","Bash","Shrug It Off+1","Perfected Strike+1","Shockwave+1","Twin Strike","Immolate+1","Twin Strike","Shrug It Off","Twin Strike","Perfected Strike+1","Perfected Strike+1","Perfected Strike+1","Offering","Twin Strike","Pommel Strike+1","Master of Strategy","Enlightenment"],"special_seed":0,"relics":["Burning Blood","Letter Opener","Dream Catcher","Ancient Tea Set","Velvet Choker","Pear","Bag of Marbles","Omamori","The Courier","Red Skull","Red Mask","Black Star","Darkstone Periapt","Kunai","MawBank","Calipers"],"potions_floor_usage":[50,50],"damage_taken":[{"damage":17.0,"enemies":"Small Slimes","floor":1.0,"turns":4.0},{"damage":3.0,"enemies":"Jaw Worm","floor":3.0,"turns":4.0},{"damage":0.0,"enemies":"2 Louse","floor":4.0,"turns":4.0},{"damage":0.0,"enemies":"Large Slime","floor":5.0,"turns":5.0},{"damage":23.0,"enemies":"3 Sentries","floor":7.0,"turns":5.0},{"damage":10.0,"enemies":"Gremlin Nob","floor":13.0,"turns":3.0},{"damage":18.0,"enemies":"The Guardian","floor":16.0,"turns":8.0},{"damage":21.0,"enemies":"Shell Parasite","floor":18.0,"turns":4.0},{"damage":0.0,"enemies":"Spheric Guardian","floor":22.0,"turns":3.0},{"damage":48.0,"enemies":"Slavers","floor":23.0,"turns":5.0},{"damage":0.0,"enemies":"Snake Plant","floor":24.0,"turns":2.0},{"damage":0.0,"enemies":"Gremlin Leader","floor":29.0,"turns":4.0},{"damage":16.0,"enemies":"Masked Bandits","floor":31.0,"turns":3.0},{"damage":25.0,"enemies":"Collector","floor":33.0,"turns":4.0},{"damage":0.0,"enemies":"Orb Walker","floor":35.0,"turns":1.0},{"damage":26.0,"enemies":"3 Darklings","floor":36.0,"turns":3.0},{"damage":0.0,"enemies":"Spire Growth","floor":38.0,"turns":3.0},{"damage":0,"enemies":"Reptomancer","floor":41,"turns":2},{"damage":6,"enemies":"Jaw Worm Horde","floor":44,"turns":3},{"damage":65,"enemies":"Giant Head","floor":45,"turns":7},{"damage":6,"enemies":"3 Darklings","floor":48,"turns":2},{"damage":106,"enemies":"Awakened One","floor":50,"turns":6}],"seed_played":"-6717473515575185772","potions_obtained":[{"floor":3.0,"key":"BloodPotion"},{"floor":5.0,"key":"SkillPotion"},{"floor":7.0,"key":"AttackPotion"},{"floor":13.0,"key":"EssenceOfSteel"},{"floor":16.0,"key":"Ancient Potion"},{"floor":22.0,"key":"SpeedPotion"},{"floor":24.0,"key":"Fruit Juice"},{"floor":31.0,"key":"GamblersBrew"},{"floor":33.0,"key":"SkillPotion"},{"floor":37.0,"key":"EssenceOfSteel"},{"floor":44,"key":"SteroidPotion"}],"is_trial":false,"path_per_floor":["M","?","M","M","M","R","E","?","T","$","R","?","E","$","R","B",null,"M","?","?","$","M","E","M","R","T","R","?","E","$","?","R","B",null,"M","M","?","M","?","R","E","?","T","M","E","R","$","M","R","B"],"character_chosen":"IRONCLAD","items_purchased":["Twin Strike","Bag of Marbles","Perfected Strike","Master of Strategy","Enlightenment"],"campfire_rested":3,"item_purchase_floors":[10,21,30,47,47],"current_hp_per_floor":[77,58,61,67,82,82,65,65,65,65,65,65,61,61,61,49,84,69,69,79,79,85,43,54,54,54,87,87,93,93,83,83,64,99,105,85,85,91,91,91,97,97,97,97,38,71,71,71,104,0],"gold":308,"neow_bonus":"TWENTY_PERCENT_HP_BONUS","is_prod":false,"is_daily":false,"chose_seed":false,"campfire_upgraded":5,"win_rate":0,"timestamp":1557081830,"path_taken":["M","?","M","M","M","R","E","?","T","$","R","?","E","$","R","BOSS","M","?","?","$","M","E","M","R","T","R","?","E","$","?","R","BOSS","M","M","?","?","?","R","E","?","T","M","E","R","$","M","R","BOSS"],"build_version":"2019-01-23","purchased_purges":2,"victory":false,"max_hp_per_floor":[96,96,96,96,96,96,96,96,96,96,96,96,96,96,96,96,96,96,96,106,106,106,106,111,111,111,111,111,111,111,111,111,111,111,111,111,111,111,111,111,111,111,111,111,111,111,111,111,111,111],"card_choices":[{"not_picked":["Anger","Sword Boomerang"],"picked":"Shrug It Off","floor":1.0},{"not_picked":["Sever Soul","Iron Wave"],"picked":"Perfected Strike","floor":3.0},{"not_picked":["Shrug It Off","Sword Boomerang"],"picked":"Shockwave","floor":4.0},{"not_picked":["Rage","Warcry"],"picked":"Twin Strike","floor":5.0},{"not_picked":["Metallicize","Pummel"],"picked":"Immolate","floor":7.0},{"not_picked":["Feel No Pain","Hemokinesis"],"picked":"Shrug It Off","floor":13.0},{"not_picked":["Sever Soul","Bloodletting"],"picked":"Twin Strike","floor":18.0},{"not_picked":["Seeing Red","Hemokinesis"],"picked":"Perfected Strike","floor":22.0},{"not_picked":["Sword Boomerang","Thunderclap","Clash"],"picked":"SKIP","floor":23.0},{"not_picked":["Havoc","Sword Boomerang"],"picked":"Perfected Strike+1","floor":24.0},{"not_picked":["Clash","Heavy Blade+1","Sword Boomerang"],"picked":"SKIP","floor":29.0},{"not_picked":["Armaments","Searing Blow+1","Intimidate"],"picked":"SKIP","floor":35.0},{"not_picked":["Clash+1","Heavy Blade+1","Evolve"],"picked":"SKIP","floor":36.0},{"not_picked":["Reckless Charge","Cleave+1","Power Through+1"],"picked":"SKIP","floor":38.0},{"not_picked":["Clothesline+1","Blood for Blood+1"],"picked":"Offering","floor":41},{"not_picked":["Body Slam+1","Searing Blow","Clash"],"picked":"SKIP","floor":44},{"not_picked":["Entrench","Perfected Strike"],"picked":"Twin Strike","floor":45},{"not_picked":["Warcry","Dual Wield+1"],"picked":"Pommel Strike+1","floor":46},{"not_picked":["Second Wind","Cleave+1","Infernal Blade"],"picked":"SKIP","floor":48}],"player_experience":241200,"relics_obtained":[{"floor":7.0,"key":"Letter Opener"},{"floor":9.0,"key":"Dream Catcher"},{"floor":13.0,"key":"Ancient Tea Set"},{"floor":23.0,"key":"Omamori"},{"floor":26.0,"key":"The Courier"},{"floor":29.0,"key":"Red Skull"},{"floor":31.0,"key":"Red Mask"},{"floor":41,"key":"Darkstone Periapt"},{"floor":41,"key":"Kunai"},{"floor":45,"key":"MawBank"},{"floor":45,"key":"Calipers"}],"event_choices":[{"damage_healed":0.0,"max_hp_gain":0.0,"max_hp_loss":0.0,"gold_gain":0.0,"event_name":"Shining Light","player_choice":"Entered Light","floor":2.0,"gold_loss":0.0,"damage_taken":19.0,"cards_upgraded":["Strike_R","Defend_R"]},{"damage_healed":0.0,"max_hp_gain":0.0,"max_hp_loss":0.0,"gold_gain":0.0,"event_name":"Living Wall","player_choice":"Grow","floor":8.0,"gold_loss":0.0,"damage_taken":0.0,"cards_upgraded":["Shockwave"]},{"damage_healed":0.0,"max_hp_gain":0.0,"max_hp_loss":0.0,"gold_gain":175.0,"event_name":"Liars Game","player_choice":"AGREE","floor":12.0,"gold_loss":0.0,"damage_taken":0.0,"cards_obtained":["Doubt"]},{"damage_healed":0.0,"max_hp_gain":0.0,"max_hp_loss":0.0,"gold_gain":0.0,"event_name":"Vampires","player_choice":"Ignored","floor":19.0,"gold_loss":0.0,"damage_taken":0.0},{"damage_healed":0.0,"max_hp_gain":0.0,"max_hp_loss":0.0,"gold_gain":0.0,"event_name":"The Mausoleum","player_choice":"Opened","floor":20.0,"gold_loss":0.0,"damage_taken":0.0,"relics_obtained":["Pear"]},{"damage_healed":0.0,"max_hp_gain":0.0,"max_hp_loss":0.0,"gold_gain":0.0,"event_name":"Back to Basics","player_choice":"Simplicity","floor":28.0,"gold_loss":0.0,"damage_taken":0.0,"cards_upgraded":["Strike_R","Strike_R","Strike_R","Strike_R","Defend_R","Defend_R"]},{"damage_healed":0.0,"max_hp_gain":0.0,"max_hp_loss":0.0,"gold_gain":0.0,"event_name":"Masked Bandits","player_choice":"Fought Bandits","floor":31.0,"gold_loss":0.0,"damage_taken":0.0},{"damage_healed":0.0,"max_hp_gain":0.0,"max_hp_loss":0.0,"gold_gain":0.0,"event_name":"Lab","player_choice":"Got Potions","floor":37.0,"gold_loss":0.0,"damage_taken":0.0},{"cards_removed":["Strike_R"],"damage_healed":0.0,"max_hp_gain":0.0,"max_hp_loss":0.0,"gold_gain":0.0,"event_name":"Falling","player_choice":"Removed Attack","floor":39.0,"gold_loss":0.0,"damage_taken":0.0},{"damage_healed":0,"gold_gain":0,"player_choice":"0 cards matched","damage_taken":0,"max_hp_gain":0,"max_hp_loss":0,"event_name":"Match and Keep!","floor":42,"gold_loss":0,"cards_obtained":[]}],"is_beta":false,"boss_relics":[{"not_picked":["Calling Bell","White Beast Statue"],"picked":"Velvet Choker"},{"not_picked":["Astrolabe","Runic Pyramid"],"picked":"Black Star"}],"items_purged_floors":[14,21],"is_endless":false,"potions_floor_spawned":[3,5,7,13,16,22,24,31,33,35,44,48],"killed_by":"Awakened One","ascension_level":11}