{"gold_per_floor":[110,125,75,75,92,92,117,117,140,140,140,156,156,156],"floor_reached":14,"playtime":322,"items_purged":[],"score":136,"play_id":"4e8c90ff-9158-466c-8e52-ef0d579eff2d","local_time":"20190505233021","is_ascension_mode":true,"campfire_choices":[{"data":"Sunder","floor":6,"key":"SMITH"},{"data":"Genetic Algorithm","floor":8,"key":"SMITH"},{"data":"Zap","floor":10,"key":"SMITH"}],"neow_cost":"NONE","seed_source_timestamp":1601895950099087,"circlet_count":0,"master_deck":["AscendersBane","Strike_B","Strike_B+1","Defend_B+1","Defend_B","Defend_B","Defend_B","Zap+1","Dualcast","Loop","Sunder+1","Go for the Eyes","Ball Lightning","Sweeping Beam","Conserve Battery","Genetic Algorithm+1","Conserve Battery"],"relics":["Orrery","Regal Pillow","PreservedInsect"],"potions_floor_usage":[12],"damage_taken":[{"damage":14,"enemies":"2 Louse","floor":1,"turns":2},{"damage":7,"enemies":"Small Slimes","floor":2,"turns":3},{"damage":0,"enemies":"Jaw Worm","floor":5,"turns":3},{"damage":12,"enemies":"3 Sentries","floor":7,"turns":5},{"damage":16,"enemies":"Lots of Slimes","floor":12,"turns":2},{"damage":9,"enemies":"Red Slaver","floor":14,"turns":2}],"seed_played":"-1191356002583606703","potions_obtained":[{"floor":7,"key":"Fire Potion"}],"is_trial":false,"path_per_floor":["M","M","?","?","M","R","E","R","T","R","?","M","?","M"],"character_chosen":"DEFECT","items_purchased":[],"campfire_rested":0,"item_purchase_floors":[],"current_hp_per_floor":[54,47,47,32,32,32,20,20,20,20,20,4,4,0],"gold":156,"neow_bonus":"BOSS_RELIC","is_prod":false,"is_daily":false,"chose_seed":false,"campfire_upgraded":3,"win_rate":0,"timestamp":1557091821,"path_taken":["M","M","?","?","M","R","E","R","T","R","?","M","?","M"],"build_version":"2019-01-23","purchased_purges":0,"victory":false,"max_hp_per_floor":[75,75,75,75,75,75,75,75,75,75,75,75,75,75],"card_choices":[{"not_picked":["Stack","Redo"],"picked":"Loop","floor":0},{"not_picked":["Steam","Conserve Battery"],"picked":"Sunder","floor":0},{"not_picked":["Scrape","Redo"],"picked":"Go for the Eyes","floor":0},{"not_picked":["Leap","Cold Snap"],"picked":"Ball Lightning","floor":0},{"not_picked":["Reinforced Body","Redo"],"picked":"Sweeping Beam","floor":1},{"not_picked":["Thunder Strike","Barrage","Sweeping Beam"],"picked":"SKIP","floor":2},{"not_picked":["Thunder Strike","Barrage","Sweeping Beam"],"picked":"SKIP","floor":2},{"not_picked":["Ball Lightning","Barrage"],"picked":"Conserve Battery","floor":5},{"not_picked":["Leap","Consume"],"picked":"Genetic Algorithm","floor":7},{"not_picked":["Compile Driver","Go for the Eyes"],"picked":"Conserve Battery","floor":12}],"player_experience":252203,"relics_obtained":[{"floor":7,"key":"Regal Pillow"},{"floor":9,"key":"PreservedInsect"}],"event_choices":[{"cards_removed":["Strike_B"],"damage_healed":0,"gold_gain":0,"player_choice":"Card Removal","damage_taken":0,"max_hp_gain":0,"max_hp_loss":0,"event_name":"The Cleric","floor":3,"gold_loss":50},{"damage_healed":0,"gold_gain":0,"player_choice":"Entered Light","damage_taken":15,"max_hp_gain":0,"max_hp_loss":0,"event_name":"Shining Light","floor":4,"gold_loss":0,"cards_upgraded":["Defend_B","Strike_B"]},{"damage_healed":0,"gold_gain":0,"player_choice":"Ignored","damage_taken":0,"max_hp_gain":0,"max_hp_loss":0,"event_name":"Liars Game","floor":11,"gold_loss":0},{"cards_removed":["Strike_B"],"damage_healed":0,"gold_gain":0,"player_choice":"Forget","damage_taken":0,"max_hp_gain":0,"max_hp_loss":0,"event_name":"Living Wall","floor":13,"gold_loss":0}],"is_beta":false,"boss_relics":[],"items_purged_floors":[],"is_endless":false,"potions_floor_spawned":[7],"killed_by":"Red Slaver","ascension_level":11}