{"gold_per_floor":[109,119,44,63,77,111,111,130,130,130,130,130,49,66,66,66],"floor_reached":16,"playtime":670,"items_purged":["Strike_R"],"score":122,"play_id":"2a0c1f17-1b63-436e-8da9-97fb0b175202","local_time":"20190430172602","is_ascension_mode":true,"campfire_choices":[{"data":"Inflame","floor":7,"key":"SMITH"},{"data":"Second Wind","floor":10,"key":"SMITH"},{"data":"Whirlwind","floor":12,"key":"SMITH"},{"data":"Wild Strike","floor":15,"key":"SMITH"}],"neow_cost":"NONE","seed_source_timestamp":518345931006900,"circlet_count":0,"master_deck":["Strike_R","Strike_R","Strike_R","Strike_R","Defend_R","Defend_R","Defend_R","Defend_R","Bash","Wild Strike+1","Headbutt","Whirlwind+1","Second Wind+1","Inflame+1","Reckless Charge+1","Power Through"],"relics":["Burning Blood","Meat on the Bone","Molten Egg 2","Sundial"],"potions_floor_usage":[8,16],"damage_taken":[{"damage":11,"enemies":"2 Louse","floor":1,"turns":4},{"damage":7,"enemies":"Jaw Worm","floor":2,"turns":3},{"damage":1,"enemies":"Cultist","floor":4,"turns":3},{"damage":16,"enemies":"2 Fungi Beasts","floor":5,"turns":4},{"damage":30,"enemies":"3 Sentries","floor":6,"turns":8},{"damage":15,"enemies":"Gremlin Gang","floor":8,"turns":3},{"damage":9,"enemies":"Red Slaver","floor":14,"turns":3},{"damage":57,"enemies":"The Guardian","floor":16,"turns":9}],"seed_played":"-9212430848350077081","potions_obtained":[{"floor":2,"key":"Energy Potion"},{"floor":14,"key":"Regen Potion"}],"is_trial":false,"path_per_floor":["M","M","$","M","M","E","R","M","T","R","?","R","$","M","R","B"],"character_chosen":"IRONCLAD","items_purchased":["Reckless Charge+1"],"campfire_rested":0,"item_purchase_floors":[13],"current_hp_per_floor":[83,82,82,87,77,53,53,56,56,56,38,38,38,47,47,0],"gold":66,"neow_bonus":"TEN_PERCENT_HP_BONUS","is_prod":false,"is_daily":false,"chose_seed":false,"campfire_upgraded":4,"win_rate":0,"timestamp":1556670362,"path_taken":["M","M","$","M","M","E","R","M","T","R","?","R","$","M","R","BOSS"],"build_version":"2019-01-23","purchased_purges":1,"victory":false,"max_hp_per_floor":[88,88,88,88,88,88,88,88,88,88,88,88,88,88,88,88],"card_choices":[{"not_picked":["Flex","Burning Pact"],"picked":"Wild Strike","floor":1},{"not_picked":["Iron Wave","Sentinel"],"picked":"Headbutt","floor":2},{"not_picked":["Hemokinesis","Pommel Strike"],"picked":"Whirlwind","floor":4},{"not_picked":["Flex","Battle Trance"],"picked":"Second Wind","floor":5},{"not_picked":["Twin Strike","Blood for Blood"],"picked":"Inflame","floor":6},{"not_picked":["Inflame","Rage","Whirlwind"],"picked":"SKIP","floor":8},{"not_picked":["Inflame","Rage","Whirlwind"],"picked":"SKIP","floor":8},{"not_picked":["Corruption","Infernal Blade"],"picked":"Power Through","floor":14}],"player_experience":273733,"relics_obtained":[{"floor":6,"key":"Meat on the Bone"},{"floor":9,"key":"Molten Egg 2"}],"event_choices":[{"damage_healed":0,"gold_gain":0,"player_choice":"Success","damage_taken":18,"relics_obtained":["Sundial"],"max_hp_gain":0,"max_hp_loss":0,"event_name":"Scrap Ooze","floor":11,"gold_loss":0}],"is_beta":false,"boss_relics":[],"items_purged_floors":[3],"is_endless":false,"potions_floor_spawned":[2,14],"killed_by":"The Guardian","ascension_level":4}