{"gold_per_floor":[115,115,138,138,154,193,193,229,254,272,272,286,286,309,309,433,433,457,90,110,125,102,146,11,11,37,37,58,79,114,114],"floor_reached":31,"playtime":1302,"items_purged":["Strike_B","Strike_B"],"score":387,"play_id":"312a960b-71a3-4c4d-be04-4f3fcb637b56","local_time":"20190326232630","is_ascension_mode":true,"campfire_choices":[{"data":"Zap","floor":7.0,"key":"SMITH"},{"data":"Lockon","floor":15.0,"key":"SMITH"},{"floor":25,"key":"REST"}],"neow_cost":"NONE","seed_source_timestamp":30532267274021,"circlet_count":0,"master_deck":["Strike_B","Strike_B","Defend_B","Defend_B","Defend_B","Defend_B","Zap+1","Dualcast","Rip and Tear+1","Conserve Battery","FTL","Fission+1","Cold Snap","Undo","Lockon+1","Electrodynamics","FTL","Capacitor","Beam Cell","Coolheaded","Loop","Loop","FTL"],"special_seed":0,"relics":["Cracked Core","Strawberry","Golden Idol","Bronze Scales","Oddly Smooth Stone","Pocketwatch","DataDisk","Philosopher\u0027s Stone","Kunai","Shovel","Omamori","Ginger"],"potions_floor_usage":[28,30,31],"damage_taken":[{"damage":3.0,"enemies":"Jaw Worm","floor":1.0,"turns":4.0},{"damage":1.0,"enemies":"2 Louse","floor":3.0,"turns":2.0},{"damage":0.0,"enemies":"Small Slimes","floor":5.0,"turns":2.0},{"damage":24.0,"enemies":"Gremlin Nob","floor":6.0,"turns":4.0},{"damage":18.0,"enemies":"Lagavulin","floor":8.0,"turns":7.0},{"damage":0.0,"enemies":"Exordium Thugs","floor":10.0,"turns":3.0},{"damage":0.0,"enemies":"Red Slaver","floor":12.0,"turns":2.0},{"damage":0.0,"enemies":"Looter","floor":14.0,"turns":4.0},{"damage":11.0,"enemies":"The Guardian","floor":16.0,"turns":8.0},{"damage":0,"enemies":"Chosen","floor":18,"turns":3},{"damage":0,"enemies":"Spheric Guardian","floor":20,"turns":3},{"damage":0,"enemies":"Centurion and Healer","floor":21,"turns":4},{"damage":37,"enemies":"Gremlin Leader","floor":23,"turns":5},{"damage":6,"enemies":"Snake Plant","floor":28,"turns":3},{"damage":4,"enemies":"Snecko","floor":29,"turns":5},{"damage":8,"enemies":"Book of Stabbing","floor":30,"turns":4},{"damage":0,"enemies":"Colosseum Slavers","floor":31,"turns":3},{"damage":37,"enemies":"Colosseum Nobs","floor":31,"turns":4}],"seed_played":"-7286775587946387252","potions_obtained":[{"floor":1.0,"key":"Energy Potion"},{"floor":5.0,"key":"SpeedPotion"},{"floor":12.0,"key":"Regen Potion"},{"floor":14.0,"key":"Ancient Potion"},{"floor":16.0,"key":"Ancient Potion"},{"floor":23,"key":"SkillPotion"},{"floor":28,"key":"PowerPotion"},{"floor":30,"key":"SpeedPotion"}],"is_trial":false,"path_per_floor":["M","?","M","?","M","E","R","E","T","M","?","M","?","M","R","B",null,"M","$","M","M","$","E","$","R","T","?","M","M","E","?"],"character_chosen":"DEFECT","items_purchased":["Capacitor","Kunai","Coolheaded","Loop"],"campfire_rested":1,"item_purchase_floors":[19,19,22,24],"current_hp_per_floor":[72,72,71,59,59,35,35,17,17,17,17,17,17,29,29,18,62,62,62,62,62,62,25,25,47,47,47,41,37,29,0],"gold":114,"neow_bonus":"RANDOM_COMMON_RELIC","is_prod":false,"is_daily":false,"chose_seed":false,"campfire_upgraded":2,"win_rate":0,"timestamp":1553639190,"path_taken":["M","?","M","?","M","E","R","E","T","M","?","M","?","?","R","BOSS","M","$","M","M","?","E","?","R","T","?","M","M","E","?"],"build_version":"2019-01-23","purchased_purges":2,"victory":false,"max_hp_per_floor":[82,76,76,76,76,76,76,76,76,76,76,76,76,76,76,76,76,76,76,76,76,76,76,76,76,76,76,76,76,76,76],"card_choices":[{"not_picked":["Chaos","Lockon"],"picked":"Rip and Tear","floor":1.0},{"not_picked":["Gash","Steam"],"picked":"Conserve Battery","floor":3.0},{"not_picked":["Stack","Rebound"],"picked":"FTL","floor":5.0},{"not_picked":["Leap","Rebound"],"picked":"Fission","floor":6.0},{"not_picked":["Capacitor","Barrage"],"picked":"Cold Snap","floor":8.0},{"not_picked":["Hello World","Turbo","Steam"],"picked":"SKIP","floor":10.0},{"not_picked":["Hello World","Streamline"],"picked":"Undo","floor":12.0},{"not_picked":["Leap","Skim"],"picked":"Lockon","floor":14.0},{"not_picked":["Reboot","Hyperbeam"],"picked":"Electrodynamics","floor":16.0},{"not_picked":["Rebound","Coolheaded"],"picked":"FTL","floor":18},{"not_picked":["Hello World","Hologram","Rebound+1"],"picked":"SKIP","floor":20},{"not_picked":["Gash","Reinforced Body+1"],"picked":"Beam Cell","floor":21},{"not_picked":["Stack","Lockon"],"picked":"Loop","floor":23},{"not_picked":["Rebound","Heatsinks","Sweeping Beam"],"picked":"SKIP","floor":28},{"not_picked":["Lockon","Stack","Go for the Eyes"],"picked":"SKIP","floor":29},{"not_picked":["Machine Learning","Hello World"],"picked":"FTL","floor":30}],"player_experience":150559,"relics_obtained":[{"floor":6.0,"key":"Oddly Smooth Stone"},{"floor":8.0,"key":"Pocketwatch"},{"floor":9.0,"key":"DataDisk"},{"floor":23,"key":"Shovel"},{"floor":26,"key":"Omamori"},{"floor":30,"key":"Ginger"}],"event_choices":[{"damage_healed":0.0,"max_hp_gain":0.0,"max_hp_loss":6.0,"gold_gain":0.0,"event_name":"Golden Idol","player_choice":"Lose Max HP","floor":2.0,"gold_loss":0.0,"damage_taken":0.0,"relics_obtained":["Golden Idol"]},{"damage_healed":0.0,"max_hp_gain":0.0,"max_hp_loss":0.0,"gold_gain":0.0,"event_name":"Scrap Ooze","player_choice":"Success","floor":4.0,"gold_loss":0.0,"damage_taken":12.0,"relics_obtained":["Bronze Scales"]},{"damage_healed":0.0,"max_hp_gain":0.0,"max_hp_loss":0.0,"gold_gain":0.0,"event_name":"Living Wall","player_choice":"Grow","floor":11.0,"gold_loss":0.0,"damage_taken":0.0,"cards_upgraded":["Fission"]},{"damage_healed":0.0,"max_hp_gain":0.0,"max_hp_loss":0.0,"gold_gain":0.0,"event_name":"Upgrade Shrine","player_choice":"Upgraded","floor":13.0,"gold_loss":0.0,"damage_taken":0.0,"cards_upgraded":["Rip and Tear"]},{"damage_healed":0,"gold_gain":0,"player_choice":"Ignored","damage_taken":0,"max_hp_gain":0,"max_hp_loss":0,"event_name":"Beggar","floor":27,"gold_loss":0},{"damage_healed":0,"gold_gain":0,"player_choice":"Fight","damage_taken":0,"max_hp_gain":0,"max_hp_loss":0,"event_name":"Colosseum","floor":31,"gold_loss":0},{"damage_healed":0,"gold_gain":0,"player_choice":"Fought Nobs","damage_taken":0,"max_hp_gain":0,"max_hp_loss":0,"event_name":"Colosseum","floor":31,"gold_loss":0}],"is_beta":false,"boss_relics":[{"not_picked":["FrozenCore","Empty Cage"],"picked":"Philosopher\u0027s Stone"}],"items_purged_floors":[19,24],"is_endless":false,"potions_floor_spawned":[1,5,12,14,16,23,28,30,31],"killed_by":"Colosseum Nobs","ascension_level":7}