{"gold_per_floor":[11,0,0,0,14,14,28,28,28,60,60,60,74,90,90,195,195,210,210,221,237,254,280,280,3,3,3,31,31,64,64,64,164,164,178,196,196,73,86,86,96,96,123,123,137,149,163,177,177,177],"floor_reached":50,"playtime":6384,"items_purged":["Strike_R","Strike_R"],"score":529,"play_id":"da26af37-886a-41b5-9fa0-ae7db6fcdfee","local_time":"20190626234218","is_ascension_mode":false,"campfire_choices":[{"data":"Juggernaut","floor":6,"key":"SMITH"},{"data":"True Grit","floor":8,"key":"SMITH"},{"floor":12,"key":"REST"},{"data":"Armaments","floor":15,"key":"SMITH"},{"data":"Immolate","floor":24,"key":"SMITH"},{"data":"Iron Wave","floor":27,"key":"SMITH"},{"floor":32,"key":"REST"},{"data":"Immolate","floor":40,"key":"SMITH"},{"floor":42,"key":"REST"},{"data":"Rage","floor":44,"key":"SMITH"},{"floor":49,"key":"REST"}],"neow_cost":"NO_GOLD","seed_source_timestamp":1568678004454233,"circlet_count":0,"master_deck":["Strike_R","Defend_R","Defend_R","Defend_R","Juggernaut+1","True Grit+1","Headbutt","Spot Weakness","Anger","Armaments+1","Immolate+1","Iron Wave+1","Thunderclap","Infernal Blade","Flex","Feel No Pain+1","Spot Weakness","Heavy Blade","J.A.X.","Immolate+1","True Grit+1","Inflame+1","Hemokinesis+1","Rage+1","Anger+1","Metallicize","Power Through+1","Ghostly Armor+1","Flame Barrier","Heavy Blade","Metallicize"],"relics":["Burning Blood","Anchor","Du-Vu Doll","Art of War","Bag of Marbles","Velvet Choker","WarpedTongs","Shuriken","Bottled Tornado","FossilizedHelix","Smiling Mask","Astrolabe","Omamori"],"potions_floor_usage":[10,14,21,21,23,28,30,33,45,46,47],"damage_taken":[{"damage":0,"enemies":"2 Louse","floor":1,"turns":4},{"damage":5,"enemies":"Jaw Worm","floor":5,"turns":4},{"damage":0,"enemies":"Small Slimes","floor":7,"turns":3},{"damage":35,"enemies":"Lagavulin","floor":10,"turns":7},{"damage":12,"enemies":"2 Fungi Beasts","floor":13,"turns":4},{"damage":11,"enemies":"Large Slime","floor":14,"turns":6},{"damage":23,"enemies":"Slime Boss","floor":16,"turns":8},{"damage":10,"enemies":"2 Thieves","floor":18,"turns":3},{"damage":0,"enemies":"3 Byrds","floor":20,"turns":2},{"damage":27,"enemies":"Snecko","floor":21,"turns":6},{"damage":25,"enemies":"Sentry and Sphere","floor":22,"turns":4},{"damage":9,"enemies":"Slavers","floor":23,"turns":4},{"damage":10,"enemies":"Book of Stabbing","floor":28,"turns":4},{"damage":0,"enemies":"Slavers","floor":30,"turns":1},{"damage":74,"enemies":"Collector","floor":33,"turns":7},{"damage":0,"enemies":"3 Shapes","floor":35,"turns":2},{"damage":55,"enemies":"3 Darklings","floor":36,"turns":4},{"damage":0,"enemies":"Jaw Worm Horde","floor":39,"turns":3},{"damage":15,"enemies":"4 Shapes","floor":41,"turns":4},{"damage":22,"enemies":"Spire Growth","floor":45,"turns":3},{"damage":14,"enemies":"Writhing Mass","floor":46,"turns":5},{"damage":7,"enemies":"Transient","floor":47,"turns":5},{"damage":0,"enemies":"4 Shapes","floor":48,"turns":2},{"damage":108,"enemies":"Awakened One","floor":50,"turns":9}],"seed_played":"-2940224215939189171","potions_obtained":[{"floor":1,"key":"Weak Potion"},{"floor":10,"key":"EssenceOfSteel"},{"floor":13,"key":"SneckoOil"},{"floor":20,"key":"Regen Potion"},{"floor":22,"key":"LiquidBronze"},{"floor":28,"key":"Fruit Juice"},{"floor":33,"key":"Poison Potion"},{"floor":36,"key":"Swift Potion"},{"floor":45,"key":"Fruit Juice"}],"is_trial":false,"path_per_floor":["M","?","?","?","M","R","M","R","T","E","?","R","M","M","R","B",null,"M","?","M","M","M","E","R","$","T","R","E","?","E","?","R","B",null,"M","M","?","$","M","R","M","R","T","R","M","M","M","M","R","B"],"character_chosen":"IRONCLAD","items_purchased":["Spot Weakness","Block Potion","Ancient Potion","Metallicize"],"campfire_rested":4,"item_purchase_floors":[25,25,25,38],"current_hp_per_floor":[80,80,77,77,78,78,80,80,80,51,51,75,69,64,64,47,80,76,76,80,71,52,49,49,49,49,49,45,45,56,56,81,13,85,85,36,36,36,42,42,33,58,58,58,42,39,38,44,71,0],"gold":177,"neow_bonus":"THREE_RARE_CARDS","is_prod":false,"is_daily":false,"chose_seed":false,"campfire_upgraded":7,"win_rate":0,"timestamp":1561606938,"path_taken":["M","?","?","?","?","R","M","R","T","E","?","R","M","M","R","BOSS","M","?","M","?","M","E","R","$","T","R","E","?","E","?","R","BOSS","M","M","?","?","?","R","M","R","T","R","M","M","?","M","R","BOSS"],"build_version":"2019-01-23","purchased_purges":2,"victory":false,"max_hp_per_floor":[80,80,80,80,80,80,80,80,80,80,80,80,80,80,80,80,80,80,80,80,80,80,80,80,80,80,80,80,80,85,85,85,85,85,85,85,85,85,85,85,85,85,85,85,85,90,90,90,90,90],"card_choices":[{"not_picked":["Impervious","Offering"],"picked":"Juggernaut","floor":0},{"not_picked":["Shockwave","Warcry"],"picked":"True Grit","floor":1},{"not_picked":["Body Slam","Infernal Blade"],"picked":"Headbutt","floor":5},{"not_picked":["Havoc","Entrench"],"picked":"Spot Weakness","floor":7},{"not_picked":["Headbutt","Sword Boomerang","Havoc"],"picked":"SKIP","floor":10},{"not_picked":["Heavy Blade","Disarm"],"picked":"Anger","floor":13},{"not_picked":["Entrench","Flame Barrier"],"picked":"Armaments","floor":14},{"not_picked":["Exhume","Limit Break"],"picked":"Immolate","floor":16},{"not_picked":["Havoc+1","Clothesline+1"],"picked":"Iron Wave","floor":18},{"not_picked":["Rampage","Warcry"],"picked":"Thunderclap","floor":20},{"not_picked":["Wild Strike","Clothesline"],"picked":"Infernal Blade","floor":21},{"not_picked":["Havoc+1","Sword Boomerang+1"],"picked":"Flex","floor":22},{"not_picked":["Power Through","True Grit"],"picked":"Feel No Pain+1","floor":23},{"not_picked":["Sever Soul+1","Rupture"],"picked":"Heavy Blade","floor":28},{"not_picked":["Pummel","Twin Strike","Clothesline"],"picked":"SKIP","floor":30},{"not_picked":["Dark Embrace","Double Tap"],"picked":"Immolate","floor":33},{"not_picked":["Reckless Charge+1","Clothesline+1"],"picked":"Rage","floor":35},{"not_picked":["Headbutt","Disarm+1"],"picked":"Anger+1","floor":36},{"not_picked":["Searing Blow+1","Armaments+1"],"picked":"Power Through+1","floor":39},{"not_picked":["Body Slam","Havoc+1"],"picked":"Ghostly Armor+1","floor":41},{"not_picked":["Dark Embrace","Headbutt+1","Wild Strike"],"picked":"SKIP","floor":45},{"not_picked":["Twin Strike+1","Thunderclap+1"],"picked":"Flame Barrier","floor":46},{"not_picked":["Headbutt+1","Armaments+1"],"picked":"Heavy Blade","floor":47},{"not_picked":["Power Through","Infernal Blade"],"picked":"Metallicize","floor":48}],"player_experience":1227959,"relics_obtained":[{"floor":9,"key":"Art of War"},{"floor":10,"key":"Bag of Marbles"},{"floor":23,"key":"Shuriken"},{"floor":26,"key":"Bottled Tornado"},{"floor":28,"key":"FossilizedHelix"},{"floor":30,"key":"Smiling Mask"},{"floor":43,"key":"Omamori"}],"event_choices":[{"damage_healed":0,"gold_gain":0,"player_choice":"Left Gold","damage_taken":0,"max_hp_gain":0,"max_hp_loss":0,"event_name":"World of Goop","floor":2,"gold_loss":11},{"damage_healed":0,"gold_gain":0,"player_choice":"Success","damage_taken":3,"relics_obtained":["Anchor"],"max_hp_gain":0,"max_hp_loss":0,"event_name":"Scrap Ooze","floor":3,"gold_loss":0},{"damage_healed":0,"gold_gain":0,"player_choice":"Box","damage_taken":0,"relics_obtained":["Du-Vu Doll"],"max_hp_gain":0,"max_hp_loss":0,"event_name":"Big Fish","floor":4,"gold_loss":0,"cards_obtained":["Regret"]},{"cards_removed":["Bash"],"damage_healed":0,"gold_gain":0,"player_choice":"Forget","damage_taken":0,"max_hp_gain":0,"max_hp_loss":0,"event_name":"Living Wall","floor":11,"gold_loss":0},{"damage_healed":0,"gold_gain":0,"player_choice":"Rummage","damage_taken":0,"relics_obtained":["WarpedTongs"],"max_hp_gain":0,"max_hp_loss":0,"event_name":"Accursed Blacksmith","floor":19,"gold_loss":0,"cards_obtained":["Pain"]},{"damage_healed":0,"gold_gain":0,"player_choice":"Ignored","damage_taken":0,"max_hp_gain":0,"max_hp_loss":0,"event_name":"Ghosts","floor":29,"gold_loss":0},{"damage_healed":0,"gold_gain":0,"player_choice":"Obtain J.A.X.","damage_taken":0,"max_hp_gain":0,"max_hp_loss":0,"event_name":"Drug Dealer","floor":31,"gold_loss":0,"cards_obtained":["J.A.X."]},{"cards_removed":["Pain","Regret"],"damage_healed":0,"gold_gain":0,"player_choice":"Removed Curses","damage_taken":0,"max_hp_gain":0,"max_hp_loss":0,"event_name":"Fountain of Cleansing","floor":37,"gold_loss":0}],"is_beta":false,"boss_relics":[{"not_picked":["Runic Cube","White Beast Statue"],"picked":"Velvet Choker"},{"not_picked":["Philosopher\u0027s Stone","Lizard Tail"],"picked":"Astrolabe"}],"items_purged_floors":[25,38],"is_endless":false,"potions_floor_spawned":[1,10,13,20,22,28,33,36,45],"killed_by":"Awakened One","ascension_level":0}