{"gold_per_floor":[118,130,148,162,44,44,76,76,76,76,108,126,126,142,142,215,215,230,330,346,346],"floor_reached":21,"playtime":1436,"items_purged":["Strike_B"],"score":382,"play_id":"9279e248-98bb-41f9-8e31-9e191b6bec88","local_time":"20190606203534","is_ascension_mode":true,"campfire_choices":[{"data":"Zap","floor":6,"key":"SMITH"},{"floor":8,"key":"REST"},{"data":"Blizzard","floor":13,"key":"SMITH"},{"data":"Coolheaded","floor":15,"key":"SMITH"}],"neow_cost":"NONE","seed_source_timestamp":2582296477104,"circlet_count":0,"master_deck":["AscendersBane","Strike_B","Strike_B","Strike_B","Defend_B","Defend_B","Defend_B","Defend_B","Zap+1","Dualcast","Cold Snap","Conserve Battery","Glacier","FTL","Defragment+1","Coolheaded+1","Blizzard+1","Ball Lightning","Fission","Genetic Algorithm","Undo+1","Coolheaded+1"],"relics":["Cracked Core","Bronze Scales","Pantograph","Peace Pipe","Cursed Key","FossilizedHelix","Ornamental Fan"],"potions_floor_usage":[20],"damage_taken":[{"damage":7,"enemies":"Cultist","floor":1,"turns":4},{"damage":8,"enemies":"Small Slimes","floor":2,"turns":3},{"damage":0,"enemies":"Jaw Worm","floor":3,"turns":4},{"damage":12,"enemies":"3 Louse","floor":4,"turns":4},{"damage":25,"enemies":"Lagavulin","floor":7,"turns":10},{"damage":10,"enemies":"3 Sentries","floor":11,"turns":20},{"damage":1,"enemies":"Large Slime","floor":12,"turns":6},{"damage":5,"enemies":"Red Slaver","floor":14,"turns":3},{"damage":29,"enemies":"Hexaghost","floor":16,"turns":11},{"damage":0,"enemies":"Spheric Guardian","floor":18,"turns":5},{"damage":15,"enemies":"Colosseum Slavers","floor":19,"turns":4},{"damage":56,"enemies":"Colosseum Nobs","floor":19,"turns":6},{"damage":0,"enemies":"2 Thieves","floor":20,"turns":4},{"damage":8,"enemies":"Snake Plant","floor":21,"turns":1}],"seed_played":"4084035376679306628","potions_obtained":[{"floor":1,"key":"SkillPotion"},{"floor":2,"key":"FairyPotion"},{"floor":19,"key":"Strength Potion"}],"is_trial":false,"path_per_floor":["M","M","M","M","$","R","E","R","T","?","E","M","R","M","R","B",null,"M","?","M","M"],"character_chosen":"DEFECT","items_purchased":["FTL"],"campfire_rested":1,"item_purchase_floors":[5],"current_hp_per_floor":[64,56,56,44,44,44,19,42,42,42,32,31,31,26,26,22,64,64,7,7,0],"gold":346,"neow_bonus":"TEN_PERCENT_HP_BONUS","is_prod":false,"is_daily":false,"chose_seed":false,"campfire_upgraded":3,"win_rate":0,"timestamp":1559846134,"path_taken":["M","?","M","M","$","R","E","R","T","?","E","?","R","M","R","BOSS","M","?","M","M"],"build_version":"2019-06-05","purchased_purges":1,"victory":false,"max_hp_per_floor":[78,78,78,78,78,78,78,78,78,78,78,78,78,78,78,78,78,78,78,78,78],"card_choices":[{"not_picked":["Melter","Static Discharge"],"picked":"Cold Snap","floor":1},{"not_picked":["Rip and Tear","Barrage"],"picked":"Conserve Battery","floor":2},{"not_picked":["Beam Cell","Coolheaded"],"picked":"Glacier","floor":4},{"not_picked":["All For One","Conserve Battery"],"picked":"Defragment","floor":7},{"not_picked":["Stack","Barrage"],"picked":"Coolheaded","floor":11},{"not_picked":["Streamline","Compile Driver"],"picked":"Blizzard","floor":12},{"not_picked":["Gash","Consume"],"picked":"Ball Lightning","floor":14},{"not_picked":["Hyperbeam","Seek"],"picked":"Fission","floor":16},{"not_picked":["Streamline","Compile Driver"],"picked":"Genetic Algorithm","floor":18},{"not_picked":["Chaos","Streamline"],"picked":"Undo+1","floor":19},{"not_picked":["Stack+1","Steam"],"picked":"Coolheaded+1","floor":20}],"player_experience":1680747,"relics_obtained":[{"floor":7,"key":"Bronze Scales"},{"floor":9,"key":"Pantograph"},{"floor":11,"key":"Peace Pipe"},{"floor":19,"key":"FossilizedHelix"},{"floor":19,"key":"Ornamental Fan"}],"event_choices":[{"damage_healed":0,"gold_gain":0,"player_choice":"Upgraded","damage_taken":0,"max_hp_gain":0,"max_hp_loss":0,"event_name":"Upgrade Shrine","floor":10,"gold_loss":0,"cards_upgraded":["Defragment"]},{"damage_healed":0,"gold_gain":0,"player_choice":"Fight","damage_taken":0,"max_hp_gain":0,"max_hp_loss":0,"event_name":"Colosseum","floor":19,"gold_loss":0},{"damage_healed":0,"gold_gain":0,"player_choice":"Fought Nobs","damage_taken":0,"max_hp_gain":0,"max_hp_loss":0,"event_name":"Colosseum","floor":19,"gold_loss":0}],"is_beta":true,"boss_relics":[{"not_picked":["Runic Dome","Snecko Eye"],"picked":"Cursed Key"}],"items_purged_floors":[5],"is_endless":false,"potions_floor_spawned":[1,2,7,11,12,19],"killed_by":"Snake Plant","ascension_level":20}