{"gold_per_floor":[109,124,143,159,159,159,189,207,233,264,264,333,333,343,343,418,468,487,320,420,447,524,524,524],"floor_reached":24,"playtime":940,"items_purged":["Strike_B"],"score":454,"play_id":"ae1f964f-b404-4e61-bb14-80188c01561a","local_time":"20190619125350","is_ascension_mode":true,"campfire_choices":[{"data":"Streamline","floor":6.0,"key":"SMITH"},{"floor":11.0,"key":"REST"},{"data":"Hologram","floor":13.0,"key":"SMITH"},{"data":"Zap","floor":15.0,"key":"SMITH"},{"floor":23,"key":"REST"}],"neow_cost":"TEN_PERCENT_HP_LOSS","seed_source_timestamp":421155548512275,"circlet_count":0,"master_deck":["AscendersBane","Strike_B","Strike_B","Strike_B+1","Defend_B","Defend_B","Defend_B","Defend_B","Zap+1","Dualcast","All For One","Streamline+1","Hologram+1","Reinforced Body","Steam","Reprogram","Scrape","Gash","Madness","Chill"],"special_seed":0,"relics":["Cracked Core","SsserpentHead","Boot","Happy Flower","Omamori","Tiny House","Anchor"],"potions_floor_usage":[18,24,24],"damage_taken":[{"damage":0.0,"enemies":"Cultist","floor":1.0,"turns":3.0},{"damage":8.0,"enemies":"2 Louse","floor":2.0,"turns":3.0},{"damage":3.0,"enemies":"Small Slimes","floor":3.0,"turns":3.0},{"damage":8.0,"enemies":"2 Fungi Beasts","floor":4.0,"turns":3.0},{"damage":27.0,"enemies":"Gremlin Nob","floor":7.0,"turns":5.0},{"damage":3.0,"enemies":"Large Slime","floor":8.0,"turns":5.0},{"damage":0.0,"enemies":"Lagavulin","floor":10.0,"turns":7.0},{"damage":1.0,"enemies":"Exordium Wildlife","floor":12.0,"turns":3.0},{"damage":1.0,"enemies":"Lots of Slimes","floor":14.0,"turns":5.0},{"damage":25.0,"enemies":"The Guardian","floor":16.0,"turns":10.0},{"damage":22,"enemies":"Chosen","floor":18,"turns":5},{"damage":23,"enemies":"2 Thieves","floor":21,"turns":4},{"damage":32,"enemies":"Book of Stabbing","floor":24,"turns":4}],"seed_played":"-565247271966549249","potions_obtained":[{"floor":2.0,"key":"Swift Potion"},{"floor":3.0,"key":"EssenceOfSteel"},{"floor":7.0,"key":"Block Potion"},{"floor":12.0,"key":"EssenceOfSteel"},{"floor":14.0,"key":"Ancient Potion"},{"floor":16.0,"key":"PowerPotion"},{"floor":21,"key":"AttackPotion"}],"is_trial":false,"path_per_floor":["M","M","M","M","?","R","E","M","T","E","R","M","R","M","R","B",null,"M","$","?","M","T","R","E"],"character_chosen":"DEFECT","items_purchased":["Madness"],"campfire_rested":2,"item_purchase_floors":[19],"current_hp_per_floor":[64,56,53,45,45,45,18,15,15,15,34,33,33,32,32,7,55,33,33,33,10,10,30,0],"gold":524,"neow_bonus":"THREE_RARE_CARDS","is_prod":false,"is_daily":false,"chose_seed":false,"campfire_upgraded":3,"win_rate":0,"timestamp":1560941630,"path_taken":["M","?","M","M","?","R","E","M","T","E","R","?","R","M","R","BOSS","M","$","?","?","?","R","E"],"build_version":"2019-01-23","purchased_purges":1,"victory":false,"max_hp_per_floor":[64,64,64,64,64,64,64,64,64,64,64,64,64,64,64,64,69,69,69,69,69,69,69,69],"card_choices":[{"not_picked":["Creative AI","Fission"],"picked":"All For One","floor":0.0},{"not_picked":["Cold Snap","Storm"],"picked":"Streamline","floor":1.0},{"not_picked":["Chaos","Stack"],"picked":"Hologram","floor":2.0},{"not_picked":["Stack","Cold Snap","Static Discharge"],"picked":"SKIP","floor":3.0},{"not_picked":["Hello World","Auto Shields"],"picked":"Reinforced Body","floor":4.0},{"not_picked":["Skim","Stack","Doom and Gloom"],"picked":"SKIP","floor":7.0},{"not_picked":["Streamline","Conserve Battery"],"picked":"Steam","floor":8.0},{"not_picked":["Amplify","Stack","Turbo"],"picked":"SKIP","floor":10.0},{"not_picked":["BootSequence","Capacitor"],"picked":"Reprogram","floor":12.0},{"not_picked":["Consume","Auto Shields","Streamline"],"picked":"SKIP","floor":14.0},{"not_picked":["Defragment","Turbo"],"picked":"Scrape","floor":17.0},{"not_picked":["BootSequence","Steam Power"],"picked":"Gash","floor":18},{"not_picked":["Melter","Stack"],"picked":"Chill","floor":21}],"player_experience":603418,"relics_obtained":[{"floor":7.0,"key":"Boot"},{"floor":9.0,"key":"Happy Flower"},{"floor":10.0,"key":"Omamori"},{"floor":22,"key":"Anchor"}],"event_choices":[{"damage_healed":0.0,"max_hp_gain":0.0,"max_hp_loss":0.0,"gold_gain":0.0,"event_name":"FaceTrader","player_choice":"Trade","floor":5.0,"gold_loss":0.0,"damage_taken":0.0,"relics_obtained":["SsserpentHead"]},{"damage_healed":0,"gold_gain":100,"player_choice":"Bet on Murderer","damage_taken":0,"max_hp_gain":0,"max_hp_loss":0,"event_name":"The Joust","floor":20,"gold_loss":50}],"is_beta":false,"boss_relics":[{"not_picked":["Inserter","Snecko Eye"],"picked":"Tiny House"}],"items_purged_floors":[19],"is_endless":false,"potions_floor_spawned":[2,3,7,12,14,16,21],"killed_by":"Book of Stabbing","ascension_level":19}