{"gold_per_floor":[118,132,28,45,59,87,87,107,107,107,121,135,19,19,19,115,115,130,141,153,74,74,105,30,60,60,77,95,108,127,27,27,126,126,144,19,19,19,32,57,157,186,186,200,227,242,0,17,17,17,17,17,17,42,42],"floor_reached":55,"playtime":7436,"items_purged":["Strike_B","Writhe","Strike_B"],"score":916,"play_id":"3985474a-e397-4a13-8071-8ae97926fff6","local_time":"20190426193807","is_ascension_mode":true,"campfire_choices":[{"data":"Dualcast","floor":7,"key":"SMITH"},{"data":"Zap","floor":10,"key":"SMITH"},{"floor":15,"key":"REST"},{"floor":32,"key":"RECALL"},{"floor":49,"key":"REST"},{"data":"Apotheosis","floor":52,"key":"SMITH"}],"neow_cost":"NONE","seed_source_timestamp":173889728250100,"circlet_count":0,"master_deck":["Strike_B","Defend_B","Defend_B","Defend_B","Defend_B","Zap+1","Dualcast+1","Electrodynamics","Glacier","Blizzard","Coolheaded","Self Repair","Conserve Battery","Thunder Strike","Lockon+1","FTL+1","Ball Lightning+1","Hologram","Chill","Seek","Ball Lightning+1","Capacitor","Defragment+1","Defragment","Reboot","Glacier","Amplify","Redo+1","Madness","Madness","Apotheosis+1","Defragment","Chaos+1","Conserve Battery","BootSequence+1"],"relics":["Cracked Core","Molten Egg 2","Prayer Wheel","Calling Bell","Peace Pipe","Symbiotic Virus","Anchor","Gremlin Horn","Gambling Chip","Bird Faced Urn","Lizard Tail","Ginger","Torii","Blue Candle","Vajra","Red Mask","Mango"],"potions_floor_usage":[6,8,16,20,25,28,39,41,44,48,50,50],"damage_taken":[{"damage":6,"enemies":"Cultist","floor":1,"turns":4},{"damage":9,"enemies":"Small Slimes","floor":2,"turns":4},{"damage":0,"enemies":"2 Louse","floor":4,"turns":3},{"damage":1,"enemies":"2 Fungi Beasts","floor":5,"turns":3},{"damage":23,"enemies":"Gremlin Nob","floor":6,"turns":4},{"damage":12,"enemies":"Large Slime","floor":8,"turns":3},{"damage":4,"enemies":"Looter","floor":11,"turns":3},{"damage":10,"enemies":"3 Louse","floor":12,"turns":3},{"damage":19,"enemies":"The Guardian","floor":16,"turns":9},{"damage":9,"enemies":"Chosen","floor":18,"turns":5},{"damage":0,"enemies":"2 Thieves","floor":19,"turns":3},{"damage":4,"enemies":"Chosen and Byrds","floor":20,"turns":4},{"damage":29,"enemies":"Book of Stabbing","floor":23,"turns":5},{"damage":16,"enemies":"Slavers","floor":25,"turns":5},{"damage":2,"enemies":"Centurion and Healer","floor":27,"turns":5},{"damage":6,"enemies":"Snake Plant","floor":28,"turns":5},{"damage":6,"enemies":"Sentry and Sphere","floor":29,"turns":5},{"damage":5,"enemies":"Chosen and Byrds","floor":30,"turns":5},{"damage":9,"enemies":"Champ","floor":33,"turns":11},{"damage":7,"enemies":"Orb Walker","floor":35,"turns":4},{"damage":3,"enemies":"3 Darklings","floor":39,"turns":3},{"damage":13,"enemies":"Reptomancer","floor":40,"turns":8},{"damage":0,"enemies":"Mind Bloom Boss Battle","floor":41,"turns":5},{"damage":34,"enemies":"Nemesis","floor":42,"turns":9},{"damage":8,"enemies":"Writhing Mass","floor":44,"turns":7},{"damage":57,"enemies":"Giant Head","floor":45,"turns":8},{"damage":6,"enemies":"4 Shapes","floor":46,"turns":5},{"damage":49,"enemies":"Transient","floor":48,"turns":5},{"damage":41,"enemies":"Time Eater","floor":50,"turns":14},{"damage":78,"enemies":"Shield and Spear","floor":54,"turns":5},{"damage":132,"enemies":"The Heart","floor":55,"turns":14}],"seed_played":"-7666615722330757192","potions_obtained":[{"floor":1,"key":"FearPotion"},{"floor":5,"key":"Fire Potion"},{"floor":8,"key":"LiquidBronze"},{"floor":11,"key":"Energy Potion"},{"floor":12,"key":"EssenceOfSteel"},{"floor":25,"key":"Regen Potion"},{"floor":27,"key":"Weak Potion"},{"floor":29,"key":"FocusPotion"},{"floor":30,"key":"Swift Potion"},{"floor":41,"key":"Fruit Juice"},{"floor":45,"key":"Ancient Potion"},{"floor":48,"key":"Weak Potion"}],"is_trial":false,"path_per_floor":["M","M","$","M","M","E","R","M","T","R","M","M","$","?","R","B",null,"M","M","M","$","?","E","?","E","T","M","M","M","M","$","R","B",null,"M","$","?","?","M","E","?","E","T","M","E","M","?","M","R","B",null,"R","$","E","B"],"character_chosen":"DEFECT","items_purchased":["Coolheaded","Self Repair","Chill","Defragment"],"campfire_rested":2,"item_purchase_floors":[3,3,13,21],"current_hp_per_floor":[69,60,60,67,73,57,57,45,45,45,41,38,38,31,53,41,75,66,66,62,62,62,40,40,24,24,39,51,58,70,70,70,73,75,72,72,63,63,75,75,80,52,52,64,31,47,47,19,43,25,80,80,80,22,0],"gold":42,"neow_bonus":"ONE_RANDOM_RARE_CARD","is_prod":false,"is_daily":false,"chose_seed":false,"campfire_upgraded":3,"win_rate":0,"timestamp":1556332687,"path_taken":["M","M","$","M","M","E","R","M","T","R","M","M","?","?","R","BOSS","M","M","M","$","?","E","?","E","T","M","M","M","M","$","R","BOSS","M","$","?","?","M","E","?","E","T","M","E","M","?","M","R","BOSS","R","$","E","BOSS"],"build_version":"2019-01-23","purchased_purges":3,"victory":false,"max_hp_per_floor":[75,75,75,75,75,75,75,75,75,75,75,75,75,75,75,75,75,75,75,75,75,75,75,75,75,75,75,75,75,75,75,75,75,75,75,75,75,75,75,75,80,80,80,80,80,80,80,80,80,80,80,80,80,94,94],"card_choices":[{"not_picked":["Conserve Battery","Loop"],"picked":"Glacier","floor":1},{"not_picked":["Gash","Beam Cell"],"picked":"Blizzard","floor":2},{"not_picked":["Turbo","Heatsinks"],"picked":"Conserve Battery","floor":4},{"not_picked":["Streamline","Turbo"],"picked":"Thunder Strike","floor":5},{"not_picked":["Barrage","Steam"],"picked":"Lockon","floor":6},{"not_picked":["Sweeping Beam+1","Streamline+1"],"picked":"FTL+1","floor":8},{"not_picked":["Force Field","Go for the Eyes+1"],"picked":"Ball Lightning+1","floor":11},{"not_picked":["Steam","Beam Cell+1"],"picked":"Hologram","floor":11},{"not_picked":["Self Repair","Coolheaded","Redo"],"picked":"SKIP","floor":12},{"not_picked":["Conserve Battery","Auto Shields","Steam"],"picked":"SKIP","floor":12},{"not_picked":["Fission","Amplify"],"picked":"Seek","floor":16},{"not_picked":["Heatsinks","Static Discharge","Sweeping Beam+1"],"picked":"SKIP","floor":18},{"not_picked":["Compile Driver+1","Streamline+1","Ball Lightning+1"],"picked":"SKIP","floor":18},{"not_picked":["Auto Shields","Streamline+1"],"picked":"Ball Lightning+1","floor":19},{"not_picked":["Conserve Battery","Hologram","Stack+1"],"picked":"SKIP","floor":19},{"not_picked":["Conserve Battery","Hologram","Stack+1"],"picked":"SKIP","floor":19},{"not_picked":["Recycle+1","Redo"],"picked":"Capacitor","floor":20},{"not_picked":["Ball Lightning+1","Static Discharge+1"],"picked":"Defragment+1","floor":20},{"not_picked":["Gash+1","Hologram"],"picked":"Reboot","floor":23},{"not_picked":["Ball Lightning+1","Conserve Battery"],"picked":"Glacier","floor":25},{"not_picked":["Hologram+1","Lockon+1","Genetic Algorithm"],"picked":"SKIP","floor":27},{"not_picked":["Steam+1","Hologram","FTL+1"],"picked":"SKIP","floor":27},{"not_picked":["Heatsinks","All For One+1","Coolheaded+1"],"picked":"SKIP","floor":28},{"not_picked":["Cold Snap+1","Redo","Conserve Battery"],"picked":"SKIP","floor":28},{"not_picked":["Streamline+1","Leap"],"picked":"Amplify","floor":29},{"not_picked":["Steam","Redo+1","Stack+1"],"picked":"SKIP","floor":29},{"not_picked":["Steam","Stack+1"],"picked":"Redo+1","floor":29},{"not_picked":["Storm","Barrage+1","Hologram+1"],"picked":"SKIP","floor":30},{"not_picked":["Steam","Stack+1","Compile Driver+1"],"picked":"SKIP","floor":30},{"not_picked":["Sunder+1","Barrage+1","Compile Driver+1"],"picked":"SKIP","floor":35},{"not_picked":["Sweeping Beam+1","Rebound+1","Recycle+1"],"picked":"SKIP","floor":35},{"not_picked":["Purity","Metamorphosis"],"picked":"Apotheosis","floor":38},{"not_picked":["Sweeping Beam+1","Steam"],"picked":"Defragment","floor":39},{"not_picked":["Genetic Algorithm","Barrage+1","Static Discharge"],"picked":"SKIP","floor":39},{"not_picked":["Leap+1","Static Discharge","Beam Cell+1"],"picked":"SKIP","floor":40},{"not_picked":["Cold Snap+1","FTL+1","Melter+1"],"picked":"SKIP","floor":42},{"not_picked":["Turbo","Force Field"],"picked":"Chaos+1","floor":44},{"not_picked":["Buffer","Blizzard+1","Streamline+1"],"picked":"SKIP","floor":44},{"not_picked":["Barrage+1","Meteor Strike+1","Turbo+1"],"picked":"SKIP","floor":45},{"not_picked":["Redo+1","Hologram"],"picked":"Conserve Battery","floor":46},{"not_picked":["Barrage+1","Defragment","Gash+1"],"picked":"SKIP","floor":46},{"not_picked":["Force Field","Barrage+1"],"picked":"BootSequence+1","floor":48},{"not_picked":["Meteor Strike+1","Conserve Battery","Rebound+1"],"picked":"SKIP","floor":48},{"not_picked":["Hello World+1","Sunder+1","Stack"],"picked":"SKIP","floor":54}],"player_experience":243014,"relics_obtained":[{"floor":6,"key":"Molten Egg 2"},{"floor":9,"key":"Prayer Wheel"},{"floor":17,"key":"Peace Pipe"},{"floor":17,"key":"Symbiotic Virus"},{"floor":17,"key":"Anchor"},{"floor":23,"key":"Gremlin Horn"},{"floor":25,"key":"Gambling Chip"},{"floor":26,"key":"Bird Faced Urn"},{"floor":40,"key":"Ginger"},{"floor":41,"key":"Torii"},{"floor":42,"key":"Blue Candle"},{"floor":45,"key":"Vajra"},{"floor":54,"key":"Mango"}],"event_choices":[{"cards_removed":["Strike_B"],"damage_healed":0,"gold_gain":0,"player_choice":"Card Removal","damage_taken":7,"max_hp_gain":0,"max_hp_loss":0,"event_name":"Golden Wing","floor":14,"gold_loss":0},{"cards_removed":["Writhe"],"damage_healed":0,"gold_gain":0,"player_choice":"Elegance","damage_taken":0,"max_hp_gain":0,"max_hp_loss":0,"event_name":"Back to Basics","floor":22,"gold_loss":0},{"cards_removed":["Regret"],"damage_healed":0,"gold_gain":0,"player_choice":"Gave Gold","damage_taken":0,"max_hp_gain":0,"max_hp_loss":0,"event_name":"Beggar","floor":24,"gold_loss":75},{"damage_healed":0,"gold_gain":0,"player_choice":"Embrace Madness","damage_taken":9,"max_hp_gain":0,"max_hp_loss":0,"event_name":"Winding Halls","floor":37,"gold_loss":0,"cards_obtained":["Madness","Madness"]},{"damage_healed":0,"gold_gain":0,"player_choice":"Memory 1","damage_taken":0,"max_hp_gain":0,"max_hp_loss":0,"event_name":"SensoryStone","floor":38,"gold_loss":0},{"damage_healed":0,"gold_gain":0,"player_choice":"Fight","damage_taken":0,"max_hp_gain":0,"max_hp_loss":0,"event_name":"MindBloom","floor":41,"gold_loss":0},{"damage_healed":0,"gold_gain":0,"player_choice":"Paid","damage_taken":0,"relics_obtained":["Red Mask"],"max_hp_gain":0,"max_hp_loss":0,"event_name":"Tomb of Lord Red Mask","floor":47,"gold_loss":242}],"is_beta":false,"boss_relics":[{"not_picked":["Ectoplasm","Sozu"],"picked":"Calling Bell"},{"not_picked":["Snecko Eye","Eternal Feather"],"picked":"Lizard Tail"}],"items_purged_floors":[13,31,36],"is_endless":false,"potions_floor_spawned":[1,5,8,11,12,25,27,29,30,33,35,41,45,48],"killed_by":"The Heart","ascension_level":3}