{"gold_per_floor":[414,433,433,273,548,548,78,97,142,160,191,191,208,236,236,309,309,322,322,346,358,377,377,396,409,409,409,442,442,474,484,484,561,561,575,588,607,164,209,209,209,209,209,209,223,26,61,81,81,81],"floor_reached":51,"playtime":2959,"items_purged":["Regret","Pain"],"score":1217,"play_id":"3db1ae0d-8819-4c42-abc5-964654588b53","local_time":"20190510011045","is_ascension_mode":true,"campfire_choices":[{"data":"Feed","floor":6.0,"key":"SMITH"},{"data":"Body Slam","floor":12.0,"key":"SMITH"},{"floor":15.0,"key":"REST"},{"data":"True Grit","floor":23.0,"key":"SMITH"},{"floor":27.0,"key":"REST"},{"floor":32.0,"key":"REST"},{"data":"Armaments","floor":40.0,"key":"SMITH"},{"data":"Barricade","floor":41.0,"key":"SMITH"},{"data":"Body Slam","floor":42.0,"key":"SMITH"},{"data":"True Grit","floor":44.0,"key":"SMITH"},{"floor":49,"key":"REST"}],"neow_cost":"TEN_PERCENT_HP_LOSS","seed_source_timestamp":1950509241406916,"circlet_count":0,"master_deck":["AscendersBane","Strike_R","Strike_R","Strike_R+1","Strike_R","Strike_R","Defend_R","Defend_R","Defend_R","Defend_R","Bash+1","Body Slam+1","Cleave","Feed+1","Inflame","True Grit+1","Power Through","Barricade+1","Metallicize","Feel No Pain","Offering+1","Metallicize","Body Slam+1","Shrug It Off+1","Battle Trance","Juggernaut","True Grit+1","Second Wind+1","Flame Barrier","Armaments+1","Parasite","Body Slam","Evolve","Entrench"],"special_seed":0,"relics":["Black Blood","Old Coin","Potion Belt","Du-Vu Doll","Oddly Smooth Stone","Pen Nib","Blood Vial","Cursed Key","Red Skull","Bag of Preparation","Bag of Marbles","War Paint","Medical Kit","WingedGreaves","Whetstone","Lantern"],"potions_floor_usage":[48,48,48,48],"damage_taken":[{"damage":2.0,"enemies":"Jaw Worm","floor":1.0,"turns":5.0},{"damage":7.0,"enemies":"Small Slimes","floor":2.0,"turns":4.0},{"damage":0.0,"enemies":"Cultist","floor":8.0,"turns":2.0},{"damage":34.0,"enemies":"Exordium Wildlife","floor":10.0,"turns":5.0},{"damage":20.0,"enemies":"Gremlin Nob","floor":11.0,"turns":5.0},{"damage":0.0,"enemies":"2 Fungi Beasts","floor":13.0,"turns":3.0},{"damage":21.0,"enemies":"3 Sentries","floor":14.0,"turns":13.0},{"damage":4.0,"enemies":"Slime Boss","floor":16.0,"turns":17.0},{"damage":20.0,"enemies":"Chosen","floor":18.0,"turns":6.0},{"damage":11.0,"enemies":"Spheric Guardian","floor":21.0,"turns":4.0},{"damage":44.0,"enemies":"Centurion and Healer","floor":22.0,"turns":8.0},{"damage":13.0,"enemies":"Cultist and Chosen","floor":24.0,"turns":5.0},{"damage":10.0,"enemies":"3 Cultists","floor":25.0,"turns":5.0},{"damage":41.0,"enemies":"Slavers","floor":28.0,"turns":6.0},{"damage":25.0,"enemies":"Book of Stabbing","floor":30.0,"turns":7.0},{"damage":16.0,"enemies":"Snecko","floor":31.0,"turns":4.0},{"damage":20.0,"enemies":"Automaton","floor":33.0,"turns":10.0},{"damage":1.0,"enemies":"3 Shapes","floor":35.0,"turns":4.0},{"damage":20.0,"enemies":"3 Darklings","floor":36.0,"turns":8.0},{"damage":28.0,"enemies":"Sphere and 2 Shapes","floor":37.0,"turns":7.0},{"damage":71.0,"enemies":"2 Orb Walkers","floor":39.0,"turns":6.0},{"damage":36.0,"enemies":"Maw","floor":45.0,"turns":7.0},{"damage":48.0,"enemies":"Nemesis","floor":47.0,"turns":9.0},{"damage":22,"enemies":"Transient","floor":48,"turns":5},{"damage":29,"enemies":"Donu and Deca","floor":50,"turns":11}],"seed_played":"4562828748344833087","potions_obtained":[{"floor":1.0,"key":"Strength Potion"},{"floor":10.0,"key":"Fire Potion"},{"floor":18.0,"key":"FearPotion"},{"floor":22.0,"key":"Ancient Potion"},{"floor":28.0,"key":"LiquidBronze"},{"floor":31.0,"key":"BloodPotion"},{"floor":33.0,"key":"EntropicBrew"},{"floor":35.0,"key":"Regen Potion"},{"floor":39.0,"key":"BloodPotion"},{"floor":45.0,"key":"Dexterity Potion"},{"floor":47.0,"key":"SpeedPotion"}],"is_trial":false,"path_per_floor":["M","M","?","$","?","R","$","M","T","M","E","R","M","E","R","B",null,"M","?","T","M","M","R","M","M","T","R","E","?","E","M","R","B",null,"M","M","M","$","?","R","R","R","T","R","M","$","E","M","R","B",null],"character_chosen":"IRONCLAD","items_purchased":["Feed","Inflame","True Grit","Du-Vu Doll","War Paint","Medical Kit","Body Slam","Whetstone"],"campfire_rested":4,"item_purchase_floors":[4,7,7,7,38,38,46,46],"current_hp_per_floor":[72,71,68,68,68,68,68,76,76,48,34,34,44,33,58,66,83,75,75,75,76,44,44,39,41,41,72,43,43,26,18,50,48,93,108,104,92,92,89,89,89,89,89,89,69,69,33,35,73,56],"gold":81,"neow_bonus":"ONE_RARE_RELIC","is_prod":false,"is_daily":false,"chose_seed":false,"campfire_upgraded":7,"win_rate":0,"timestamp":1557443445,"path_taken":["M","M","?","$","?","R","$","M","T","M","E","R","M","E","R","BOSS","M","?","?","M","M","R","M","M","T","R","E","?","E","?","R","BOSS","M","M","M","$","?","R","R","R","T","R","M","$","E","M","R","BOSS"],"build_version":"2019-01-23","purchased_purges":2,"victory":true,"max_hp_per_floor":[72,72,72,72,72,72,72,76,76,76,76,76,80,84,84,88,88,92,92,92,96,100,100,100,104,104,104,108,108,108,108,108,108,108,112,116,120,120,124,124,124,124,124,124,128,128,128,128,128,128],"card_choices":[{"not_picked":["Blood for Blood","Evolve"],"picked":"Body Slam","floor":1.0},{"not_picked":["Pommel Strike","Armaments"],"picked":"Cleave","floor":2.0},{"not_picked":["Warcry","Second Wind","Burning Pact"],"picked":"SKIP","floor":8.0},{"not_picked":["Seeing Red","Fire Breathing"],"picked":"Power Through","floor":10.0},{"not_picked":["Dark Embrace","Pommel Strike"],"picked":"Barricade","floor":11.0},{"not_picked":["Searing Blow","Flex"],"picked":"Metallicize","floor":13.0},{"not_picked":["Anger","Heavy Blade"],"picked":"Feel No Pain","floor":14.0},{"not_picked":["Feed","Reaper"],"picked":"Offering","floor":16.0},{"not_picked":["Sword Boomerang","Flex","Armaments"],"picked":"SKIP","floor":18.0},{"not_picked":["Twin Strike","Flex","Iron Wave"],"picked":"SKIP","floor":21.0},{"not_picked":["Twin Strike","Flex","Iron Wave"],"picked":"SKIP","floor":21.0},{"not_picked":["Sever Soul","Perfected Strike"],"picked":"Body Slam","floor":22.0},{"not_picked":["Inflame","Iron Wave","Body Slam"],"picked":"SKIP","floor":24.0},{"not_picked":["Armaments","Combust","Twin Strike+1"],"picked":"SKIP","floor":25.0},{"not_picked":["Havoc","Clothesline"],"picked":"Shrug It Off","floor":28.0},{"not_picked":["Power Through","Battle Trance"],"picked":"Juggernaut","floor":30.0},{"not_picked":["Clash","Corruption"],"picked":"True Grit","floor":31.0},{"not_picked":["Dual Wield","Rupture+1"],"picked":"Second Wind+1","floor":35.0},{"not_picked":["Cleave","Dual Wield"],"picked":"Flame Barrier","floor":36.0},{"not_picked":["Battle Trance","Bloodletting+1"],"picked":"Armaments","floor":37.0},{"not_picked":["Dual Wield","Clothesline","Intimidate"],"picked":"SKIP","floor":45.0},{"not_picked":["Shockwave","Clothesline"],"picked":"Evolve","floor":47.0},{"not_picked":["Clash","Carnage"],"picked":"Entrench","floor":48}],"player_experience":297836,"relics_obtained":[{"floor":9.0,"key":"Oddly Smooth Stone"},{"floor":11.0,"key":"Pen Nib"},{"floor":14.0,"key":"Blood Vial"},{"floor":20.0,"key":"Red Skull"},{"floor":28.0,"key":"Bag of Preparation"},{"floor":30.0,"key":"Bag of Marbles"},{"floor":39.0,"key":"WingedGreaves"},{"floor":47.0,"key":"Lantern"}],"event_choices":[{"damage_healed":0.0,"max_hp_gain":0.0,"max_hp_loss":0.0,"gold_gain":0.0,"event_name":"Scrap Ooze","player_choice":"Success","floor":3.0,"gold_loss":0.0,"damage_taken":3.0,"relics_obtained":["Potion Belt"]},{"damage_healed":0.0,"max_hp_gain":0.0,"max_hp_loss":0.0,"gold_gain":275.0,"event_name":"Golden Shrine","player_choice":"Desecrate","floor":5.0,"gold_loss":0.0,"damage_taken":0.0,"cards_obtained":["Regret"]},{"damage_healed":0.0,"max_hp_gain":0.0,"max_hp_loss":0.0,"gold_gain":0.0,"event_name":"The Library","player_choice":"Read","floor":19.0,"gold_loss":0.0,"damage_taken":0.0,"cards_obtained":["Metallicize"]},{"damage_healed":0.0,"max_hp_gain":0.0,"max_hp_loss":0.0,"gold_gain":0.0,"event_name":"Match and Keep!","player_choice":"1 cards matched","floor":29.0,"gold_loss":0.0,"damage_taken":0.0,"cards_obtained":["Battle Trance"]},{"damage_healed":0.0,"max_hp_gain":0.0,"max_hp_loss":0.0,"gold_gain":0.0,"event_name":"Mysterious Sphere","player_choice":"Fight","floor":39.0,"gold_loss":0.0,"damage_taken":0.0}],"is_beta":false,"boss_relics":[{"not_picked":["Astrolabe","Orrery"],"picked":"Cursed Key"},{"not_picked":["Velvet Choker","Philosopher\u0027s Stone"],"picked":"Black Blood"}],"items_purged_floors":[7,38],"is_endless":false,"potions_floor_spawned":[1,10,18,22,28,31,33,35,39,45,47],"ascension_level":13}