{"gold_per_floor":[113,130,143,143,160,160,160,186,186,186],"floor_reached":10,"playtime":1053,"items_purged":[],"score":71,"play_id":"9901ca26-bd3b-4c19-b2bd-683a8d382c8c","local_time":"20190624164002","is_ascension_mode":true,"campfire_choices":[{"floor":6,"key":"REST"}],"neow_cost":"NONE","seed_source_timestamp":1375875613774459,"circlet_count":0,"master_deck":["Defend_G","Defend_G","Defend_G","Defend_G","Defend_G","Strike_G","Strike_G","Strike_G","Strike_G","Survivor","Neutralize","Setup","Bane","Bouncing Flask","Flying Knee","Slice","Choke"],"relics":["Ring of the Snake","Shuriken","Ornamental Fan","Letter Opener"],"potions_floor_usage":[],"damage_taken":[{"damage":13,"enemies":"Cultist","floor":1,"turns":5},{"damage":13,"enemies":"Jaw Worm","floor":2,"turns":7},{"damage":2,"enemies":"Small Slimes","floor":3,"turns":3},{"damage":6,"enemies":"Exordium Wildlife","floor":5,"turns":5},{"damage":18,"enemies":"3 Sentries","floor":8,"turns":7},{"damage":30,"enemies":"Lagavulin","floor":10,"turns":6}],"seed_played":"3852973808886786624","potions_obtained":[{"floor":3,"key":"SteroidPotion"}],"is_trial":false,"path_per_floor":["M","M","M","?","M","R","?","E","T","E"],"character_chosen":"THE_SILENT","items_purchased":[],"campfire_rested":1,"item_purchase_floors":[],"current_hp_per_floor":[57,44,42,35,29,50,47,29,29,0],"gold":186,"neow_bonus":"THREE_CARDS","is_prod":false,"is_daily":false,"chose_seed":false,"campfire_upgraded":0,"win_rate":0,"timestamp":1561408802,"path_taken":["M","M","?","?","M","R","?","E","T","E"],"build_version":"2019-01-23","purchased_purges":0,"victory":false,"max_hp_per_floor":[70,70,70,70,70,70,70,70,70,70],"card_choices":[{"not_picked":["Flying Knee","Expertise"],"picked":"Setup","floor":0},{"not_picked":["Dodge and Roll","PiercingWail"],"picked":"Bane","floor":1},{"not_picked":["Deflect","Quick Slash"],"picked":"Bouncing Flask","floor":2},{"not_picked":["Well Laid Plans","Underhanded Strike"],"picked":"Flying Knee","floor":3},{"not_picked":["Flying Knee","Blur"],"picked":"Slice","floor":5},{"not_picked":["Quick Slash","Accuracy"],"picked":"Choke","floor":8}],"player_experience":1198551,"relics_obtained":[{"floor":8,"key":"Ornamental Fan"},{"floor":9,"key":"Letter Opener"}],"event_choices":[{"cards_removed":["Strike_G"],"damage_healed":0,"gold_gain":0,"player_choice":"Card Removal","damage_taken":7,"max_hp_gain":0,"max_hp_loss":0,"event_name":"Golden Wing","floor":4,"gold_loss":0},{"damage_healed":0,"gold_gain":0,"player_choice":"Success","damage_taken":3,"relics_obtained":["Shuriken"],"max_hp_gain":0,"max_hp_loss":0,"event_name":"Scrap Ooze","floor":7,"gold_loss":0}],"is_beta":false,"boss_relics":[],"items_purged_floors":[],"is_endless":false,"potions_floor_spawned":[3],"killed_by":"Lagavulin","ascension_level":1}