{"gold_per_floor":[110,11,11,22,39,70,89,89,113,124,124,52,71,98,98,198,198,212,227,238,250,11,11,39,39,39,53,53],"floor_reached":28,"playtime":1749,"items_purged":["Decay"],"score":302,"play_id":"db6b0ffa-75d1-4c2e-a90e-0ecfed8dc3cf","local_time":"20190417155545","is_ascension_mode":true,"campfire_choices":[{"floor":11.0,"key":"REST"},{"floor":15.0,"key":"REST"},{"floor":23,"key":"REST"},{"floor":25,"key":"REST"}],"neow_cost":"CURSE","seed_source_timestamp":0,"circlet_count":0,"master_deck":["Strike_B+1","Strike_B","Strike_B","Strike_B","Defend_B+1","Defend_B","Defend_B","Defend_B","Zap","Dualcast","Undo","Coolheaded","Beam Cell+1","BootSequence","Leap+1","Beam Cell","Steam","Doom and Gloom","Go for the Eyes","Redo","Multi-Cast","Steam+1","Rebound+1","Conserve Battery+1","Gash","Consume","Gash+1"],"special_seed":0,"relics":["Cracked Core","Boot","Whetstone","Bronze Scales","White Beast Statue","Pear","War Paint","Thread and Needle"],"potions_floor_usage":[24,24,27,28],"damage_taken":[{"damage":7.0,"enemies":"Small Slimes","floor":1.0,"turns":3.0},{"damage":12.0,"enemies":"Jaw Worm","floor":4.0,"turns":7.0},{"damage":0.0,"enemies":"Cultist","floor":5.0,"turns":4.0},{"damage":11.0,"enemies":"3 Sentries","floor":6.0,"turns":12.0},{"damage":38.0,"enemies":"Gremlin Gang","floor":7.0,"turns":5.0},{"damage":0.0,"enemies":"Blue Slaver","floor":10.0,"turns":2.0},{"damage":0.0,"enemies":"2 Fungi Beasts","floor":13.0,"turns":3.0},{"damage":8.0,"enemies":"Gremlin Nob","floor":14.0,"turns":4.0},{"damage":47.0,"enemies":"Hexaghost","floor":16.0,"turns":11.0},{"damage":31.0,"enemies":"Shell Parasite","floor":18.0,"turns":6.0},{"damage":0.0,"enemies":"Chosen","floor":19.0,"turns":4.0},{"damage":17.0,"enemies":"Shelled Parasite and Fungi","floor":20.0,"turns":5.0},{"damage":26.0,"enemies":"Snake Plant","floor":21.0,"turns":5.0},{"damage":24,"enemies":"Book of Stabbing","floor":24,"turns":5},{"damage":27,"enemies":"Cultist and Chosen","floor":27,"turns":7},{"damage":40,"enemies":"Slavers","floor":28,"turns":3}],"seed_played":"-4212601502045576049","potions_obtained":[{"floor":4.0,"key":"Ancient Potion"},{"floor":10.0,"key":"Ancient Potion"},{"floor":13.0,"key":"EntropicBrew"},{"floor":18.0,"key":"AttackPotion"},{"floor":19.0,"key":"Energy Potion"},{"floor":20.0,"key":"FocusPotion"},{"floor":21.0,"key":"GamblersBrew"},{"floor":24,"key":"SkillPotion"},{"floor":27,"key":"Dexterity Potion"}],"is_trial":false,"path_per_floor":["M","$","?","M","M","E","M","?","T","M","R","$","M","E","R","B",null,"M","M","M","M","$","R","E","R","T","M","E"],"character_chosen":"DEFECT","items_purchased":["Coolheaded","Doom and Gloom","Pear"],"campfire_rested":4,"item_purchase_floors":[2,12,22],"current_hp_per_floor":[82,82,82,70,70,59,21,21,21,21,47,47,47,39,65,18,89,58,58,41,15,25,54,30,59,59,32,0],"gold":53,"neow_bonus":"TWENTY_PERCENT_HP_BONUS","is_prod":false,"is_daily":false,"chose_seed":false,"campfire_upgraded":0,"win_rate":0,"timestamp":1555541745,"path_taken":["M","$","?","M","M","E","M","?","T","M","R","?","M","E","R","BOSS","M","M","M","M","$","R","E","R","T","M","E"],"build_version":"2019-01-23","purchased_purges":1,"victory":false,"max_hp_per_floor":[89,89,89,89,89,89,89,89,89,89,89,89,89,89,89,89,89,89,89,89,89,99,99,99,99,99,99,99],"card_choices":[{"not_picked":["Turbo","Conserve Battery"],"picked":"Undo","floor":1.0},{"not_picked":["Fusion","Barrage"],"picked":"Beam Cell","floor":4.0},{"not_picked":["Skim","Machine Learning"],"picked":"BootSequence","floor":5.0},{"not_picked":["Hologram","Beam Cell"],"picked":"Leap","floor":6.0},{"not_picked":["Streamline","Defragment"],"picked":"Beam Cell","floor":7.0},{"not_picked":["Compile Driver","Redo"],"picked":"Steam","floor":10.0},{"not_picked":["Hologram","Streamline"],"picked":"Go for the Eyes","floor":13.0},{"not_picked":["Gash","Steam"],"picked":"Redo","floor":14.0},{"not_picked":["Buffer","Fission"],"picked":"Multi-Cast","floor":16.0},{"not_picked":["Redo","Sweeping Beam"],"picked":"Steam+1","floor":18.0},{"not_picked":["Undo","Cold Snap"],"picked":"Rebound+1","floor":19.0},{"not_picked":["Leap+1","Turbo"],"picked":"Conserve Battery+1","floor":20.0},{"not_picked":["Conserve Battery","Compile Driver+1"],"picked":"Gash","floor":21.0},{"not_picked":["Glacier","Reprogram+1"],"picked":"Consume","floor":24},{"not_picked":["Steam","Rebound"],"picked":"Gash+1","floor":27}],"player_experience":217310,"relics_obtained":[{"floor":6.0,"key":"Boot"},{"floor":9.0,"key":"Whetstone"},{"floor":14.0,"key":"Bronze Scales"},{"floor":24,"key":"War Paint"},{"floor":26,"key":"Thread and Needle"}],"event_choices":[{"damage_healed":0.0,"max_hp_gain":0.0,"max_hp_loss":0.0,"gold_gain":0.0,"event_name":"The Cleric","player_choice":"Leave","floor":3.0,"gold_loss":0.0,"damage_taken":0.0},{"damage_healed":0.0,"max_hp_gain":0.0,"max_hp_loss":0.0,"gold_gain":0.0,"event_name":"Golden Wing","player_choice":"Ignored","floor":8.0,"gold_loss":0.0,"damage_taken":0.0}],"is_beta":false,"boss_relics":[{"not_picked":["Calling Bell","Black Star"],"picked":"White Beast Statue"}],"items_purged_floors":[2],"is_endless":false,"potions_floor_spawned":[4,10,13,18,19,20,21,24,27],"killed_by":"Slavers","ascension_level":2}