{"gold_per_floor":[119,194,124,49,59,85,85,105,105,119,119,145,145,165,165,260,260,277,277,295,311,329,329,349,92,170,202,228,228,258,258],"floor_reached":31,"playtime":1213,"items_purged":["Zap","Strike_B"],"score":419,"play_id":"8578a053-b518-4713-901c-9ff99fe9ad6e","local_time":"20190324205217","is_ascension_mode":true,"campfire_choices":[{"data":"Darkness","floor":7.0,"key":"SMITH"},{"data":"Go for the Eyes","floor":11.0,"key":"SMITH"},{"data":"Dualcast","floor":13.0,"key":"SMITH"},{"data":"Undo","floor":15.0,"key":"SMITH"},{"floor":23,"key":"REST"},{"floor":29,"key":"REST"}],"neow_cost":"NONE","seed_source_timestamp":12653805875274,"circlet_count":0,"master_deck":["Strike_B","Strike_B","Strike_B","Defend_B","Defend_B","Defend_B","Defend_B","Dualcast+1","Doom and Gloom+1","Darkness+1","Undo+1","Conserve Battery","Go for the Eyes+1","Core Surge","Consume","Conserve Battery","Auto Shields"],"special_seed":0,"relics":["Cracked Core","NeowsBlessing","Strawberry","Question Card","Velvet Choker","PreservedInsect","Mercury Hourglass","Regal Pillow","Happy Flower","Juzu Bracelet"],"potions_floor_usage":[16,21,22,24,27],"damage_taken":[{"damage":0.0,"enemies":"Jaw Worm","floor":1.0,"turns":1.0},{"damage":0.0,"enemies":"Cultist","floor":5.0,"turns":1.0},{"damage":0.0,"enemies":"Lagavulin","floor":6.0,"turns":1.0},{"damage":12.0,"enemies":"Small Slimes","floor":8.0,"turns":4.0},{"damage":5.0,"enemies":"Red Slaver","floor":10.0,"turns":4.0},{"damage":13.0,"enemies":"3 Sentries","floor":12.0,"turns":8.0},{"damage":6.0,"enemies":"Lots of Slimes","floor":14.0,"turns":2.0},{"damage":6,"enemies":"The Guardian","floor":16,"turns":11},{"damage":2,"enemies":"3 Byrds","floor":18,"turns":5},{"damage":7,"enemies":"Chosen","floor":20,"turns":6},{"damage":32,"enemies":"3 Cultists","floor":21,"turns":5},{"damage":19,"enemies":"Centurion and Healer","floor":22,"turns":6},{"damage":11,"enemies":"Shelled Parasite and Fungi","floor":24,"turns":5},{"damage":2,"enemies":"Book of Stabbing","floor":27,"turns":5},{"damage":71,"enemies":"Slavers","floor":30,"turns":6},{"damage":5,"enemies":"Snake Plant","floor":31,"turns":2}],"seed_played":"-339439774246586457","potions_obtained":[{"floor":1.0,"key":"SpeedPotion"},{"floor":8.0,"key":"FocusPotion"},{"floor":10.0,"key":"Explosive Potion"},{"floor":20,"key":"EssenceOfSteel"},{"floor":21,"key":"Regen Potion"},{"floor":22,"key":"GamblersBrew"}],"is_trial":false,"path_per_floor":["M","?","$","$","M","E","R","M","T","M","R","E","R","M","R","B",null,"M","?","M","M","M","R","M","$","T","E","T","R","E","M"],"character_chosen":"DEFECT","items_purchased":["Darkness","PreservedInsect"],"campfire_rested":2,"item_purchase_floors":[3,25],"current_hp_per_floor":[68,61,61,61,61,68,68,56,56,51,51,38,38,32,32,26,68,66,66,59,27,23,47,36,36,36,34,34,73,2,0],"gold":258,"neow_bonus":"THREE_ENEMY_KILL","is_prod":false,"is_daily":false,"chose_seed":false,"campfire_upgraded":4,"win_rate":0,"timestamp":1553457137,"path_taken":["M","?","?","$","?","E","R","M","T","M","R","E","R","M","R","BOSS","M","?","M","?","M","R","?","$","T","E","?","R","E","M"],"build_version":"2019-01-23","purchased_purges":2,"victory":false,"max_hp_per_floor":[75,75,75,75,75,82,82,82,82,82,82,82,82,82,82,82,82,82,82,82,82,82,82,82,82,82,82,82,82,82,82],"card_choices":[{"not_picked":["Loop","Leap"],"picked":"Doom and Gloom","floor":1.0},{"not_picked":["Chill","Hologram"],"picked":"Undo","floor":5.0},{"not_picked":["Beam Cell","Scrape","Barrage"],"picked":"SKIP","floor":6.0},{"not_picked":["Hologram","Redo"],"picked":"Conserve Battery","floor":8.0},{"not_picked":["Ball Lightning","Tempest"],"picked":"Go for the Eyes","floor":10.0},{"not_picked":["Sweeping Beam","Recycle","Streamline"],"picked":"SKIP","floor":12.0},{"not_picked":["Turbo","Gash","Thunder Strike","Rip and Tear"],"picked":"SKIP","floor":14.0},{"not_picked":["Seek","Electrodynamics","Meteor Strike"],"picked":"Core Surge","floor":16},{"not_picked":["Compile Driver","Conserve Battery","Cold Snap","Ball Lightning+1"],"picked":"SKIP","floor":18},{"not_picked":["Conserve Battery","Ball Lightning","Heatsinks","Coolheaded"],"picked":"SKIP","floor":20},{"not_picked":["Creative AI","Barrage","FTL+1","Rebound+1"],"picked":"SKIP","floor":21},{"not_picked":["Doom and Gloom+1","Steam","Conserve Battery+1"],"picked":"Consume","floor":22},{"not_picked":["Cold Snap+1","Leap","Stack"],"picked":"Conserve Battery","floor":24},{"not_picked":["Genetic Algorithm","All For One","Barrage"],"picked":"Auto Shields","floor":27},{"not_picked":["Barrage","Steam+1","Gash","Aggregate"],"picked":"SKIP","floor":30}],"player_experience":145890,"relics_obtained":[{"floor":6.0,"key":"Strawberry"},{"floor":12.0,"key":"Question Card"},{"floor":26,"key":"Mercury Hourglass"},{"floor":27,"key":"Regal Pillow"},{"floor":28,"key":"Happy Flower"},{"floor":30,"key":"Juzu Bracelet"}],"event_choices":[{"damage_healed":0.0,"max_hp_gain":0.0,"max_hp_loss":0.0,"gold_gain":75.0,"event_name":"FaceTrader","player_choice":"Touch","floor":2.0,"gold_loss":0.0,"damage_taken":7.0},{"damage_healed":0,"gold_gain":0,"player_choice":"Upgraded","damage_taken":0,"max_hp_gain":0,"max_hp_loss":0,"event_name":"Upgrade Shrine","floor":19,"gold_loss":0,"cards_upgraded":["Doom and Gloom"]}],"is_beta":false,"boss_relics":[{"not_picked":["Black Star","Lizard Tail"],"picked":"Velvet Choker"}],"items_purged_floors":[4,25],"is_endless":false,"potions_floor_spawned":[1,8,10,20,21,22],"killed_by":"Snake Plant","ascension_level":7}