{"gold_per_floor":[115,130,140,140,140,140,12,12,12,12,46,80,93,124,124,217,217,232,232,157,282,300,300,340,340,367,406,56,100,136,181,193,301,313,344,66,66,66,116,180,211,230,256,299,299,318,318,358,358,358],"floor_reached":50,"playtime":1779,"items_purged":["Regret","Strike_B","Strike_B"],"score":1425,"play_id":"1fef22ee-8a50-4b26-a55e-a01be521620d","local_time":"20190531154238","is_ascension_mode":true,"campfire_choices":[{"data":"Chill","floor":6,"key":"SMITH"},{"data":"Zap","floor":8,"key":"SMITH"},{"data":"Self Repair","floor":10,"key":"SMITH"},{"data":"Conserve Battery","floor":15,"key":"SMITH"},{"data":"Sunder","floor":23,"key":"SMITH"},{"data":"Conserve Battery","floor":25,"key":"SMITH"},{"data":"Coolheaded","floor":32,"key":"SMITH"},{"floor":47,"key":"REST"},{"floor":49,"key":"RECALL"}],"neow_cost":"NONE","seed_source_timestamp":609200444102,"circlet_count":0,"master_deck":["AscendersBane","Strike_B","Defend_B","Defend_B","Defend_B","Defend_B","Zap+1","Dualcast","Cold Snap","Ball Lightning","Chill+1","Self Repair+1","Conserve Battery+1","Auto Shields","Gash","Electrodynamics","Echo Form","Recycle","Sunder+1","Compile Driver","Conserve Battery+1","Fusion","Coolheaded+1","Glacier","Darkness+1","All For One","Reinforced Body","Coolheaded+1","Doom and Gloom+1"],"relics":["Cracked Core","WingedGreaves","Golden Idol","PreservedInsect","Boot","Bag of Marbles","Letter Opener","Snecko Eye","Dead Branch","Mummified Hand","Ancient Tea Set","Bronze Scales","Ornamental Fan","Juzu Bracelet","MawBank","Centennial Puzzle","Philosopher\u0027s Stone","Bag of Preparation","Tiny Chest","Molten Egg 2","Blue Candle","Toxic Egg 2"],"potions_floor_usage":[22,22],"damage_taken":[{"damage":8,"enemies":"Small Slimes","floor":1,"turns":3},{"damage":7,"enemies":"Jaw Worm","floor":2,"turns":3},{"damage":14,"enemies":"2 Louse","floor":3,"turns":2},{"damage":17,"enemies":"Lagavulin","floor":11,"turns":6},{"damage":7,"enemies":"3 Sentries","floor":12,"turns":7},{"damage":5,"enemies":"Blue Slaver","floor":13,"turns":4},{"damage":15,"enemies":"Lagavulin","floor":14,"turns":6},{"damage":15,"enemies":"The Guardian","floor":16,"turns":12},{"damage":15,"enemies":"Spheric Guardian","floor":18,"turns":4},{"damage":12,"enemies":"Colosseum Slavers","floor":21,"turns":3},{"damage":0,"enemies":"Colosseum Nobs","floor":21,"turns":4},{"damage":0,"enemies":"Chosen","floor":22,"turns":3},{"damage":10,"enemies":"Book of Stabbing","floor":24,"turns":3},{"damage":15,"enemies":"Gremlin Leader","floor":27,"turns":4},{"damage":0,"enemies":"Book of Stabbing","floor":29,"turns":3},{"damage":16,"enemies":"Centurion and Healer","floor":30,"turns":4},{"damage":22,"enemies":"Slavers","floor":31,"turns":4},{"damage":5,"enemies":"Automaton","floor":33,"turns":7},{"damage":10,"enemies":"Orb Walker","floor":35,"turns":3},{"damage":20,"enemies":"Nemesis","floor":40,"turns":3},{"damage":4,"enemies":"Reptomancer","floor":41,"turns":4},{"damage":0,"enemies":"3 Shapes","floor":42,"turns":5},{"damage":0,"enemies":"Nemesis","floor":44,"turns":3},{"damage":50,"enemies":"Transient","floor":46,"turns":6},{"damage":32,"enemies":"Giant Head","floor":48,"turns":6},{"damage":62,"enemies":"Awakened One","floor":50,"turns":3}],"seed_played":"-3045020041959742670","potions_obtained":[{"floor":1,"key":"Dexterity Potion"},{"floor":13,"key":"SpeedPotion"},{"floor":21,"key":"Swift Potion"},{"floor":22,"key":"Fruit Juice"},{"floor":30,"key":"Energy Potion"},{"floor":31,"key":"FairyPotion"}],"is_trial":false,"path_per_floor":["M","M","M","?","?","R","$","R","T","R","E","E","M","E","R","B",null,"M","?","?","?","M","R","E","R","T","E","$","E","M","E","R","B",null,"M","$","?","?","?","E","E","M","T","E","?","M","R","E","R","B"],"character_chosen":"DEFECT","items_purchased":["Conserve Battery","Glacier","Juzu Bracelet","Bag of Preparation"],"campfire_rested":1,"item_purchase_floors":[7,28,28,36],"current_hp_per_floor":[56,49,35,35,35,35,35,35,35,35,28,31,36,31,31,26,55,40,40,40,58,69,69,69,69,69,64,64,64,58,36,36,41,62,69,69,66,66,66,56,66,66,66,66,66,26,45,33,33,0],"gold":358,"neow_bonus":"THREE_CARDS","is_prod":false,"is_daily":false,"chose_seed":false,"campfire_upgraded":7,"win_rate":0,"timestamp":1559310158,"path_taken":["M","M","M","?","?","R","$","R","T","R","E","E","M","E","R","BOSS","M","?","?","?","M","R","E","R","T","E","?","E","M","E","R","BOSS","M","$","?","?","?","E","E","M","T","E","?","M","R","E","R","BOSS"],"build_version":"2019-05-28","purchased_purges":3,"victory":false,"max_hp_per_floor":[71,71,71,71,64,64,64,64,64,64,64,64,64,64,64,64,64,64,64,64,64,69,69,69,69,69,69,69,69,69,69,69,69,69,69,69,66,66,66,66,66,66,66,66,66,66,66,66,66,66],"card_choices":[{"not_picked":["Turbo","Recycle"],"picked":"Cold Snap","floor":0},{"not_picked":["Melter","BootSequence"],"picked":"Ball Lightning","floor":1},{"not_picked":["Recycle","Sunder"],"picked":"Chill","floor":2},{"not_picked":["Force Field","Blizzard"],"picked":"Self Repair","floor":3},{"not_picked":["Machine Learning","Self Repair"],"picked":"Streamline","floor":11},{"not_picked":["Chaos","Sweeping Beam"],"picked":"Auto Shields","floor":12},{"not_picked":["Barrage","Auto Shields"],"picked":"Gash","floor":13},{"not_picked":["Defragment","Go for the Eyes"],"picked":"Electrodynamics","floor":14},{"not_picked":["Multi-Cast","Creative AI"],"picked":"Echo Form","floor":16},{"not_picked":["Lockon","Rebound"],"picked":"Recycle","floor":18},{"not_picked":["Turbo","Redo"],"picked":"Compile Driver","floor":21},{"not_picked":["Redo","Storm"],"picked":"Conserve Battery","floor":22},{"not_picked":["Steam","Hello World"],"picked":"Fusion","floor":24},{"not_picked":["Ball Lightning+1","Leap"],"picked":"Coolheaded","floor":27},{"not_picked":["Fusion","Hyperbeam"],"picked":"Darkness+1","floor":29},{"not_picked":["Gash","Consume","Conserve Battery"],"picked":"SKIP","floor":30},{"not_picked":["Chaos","Chill","Streamline"],"picked":"SKIP","floor":31},{"not_picked":["Rainbow","Electrodynamics"],"picked":"All For One","floor":33},{"not_picked":["Go for the Eyes","Chaos+1"],"picked":"Reinforced Body","floor":35},{"not_picked":["BootSequence","Rebound+1","Reinforced Body"],"picked":"SKIP","floor":40},{"not_picked":["BootSequence","Rebound+1","Reinforced Body"],"picked":"SKIP","floor":40},{"not_picked":["Scrape","Streamline","Rip and Tear"],"picked":"SKIP","floor":41},{"not_picked":["Beam Cell+1","Conserve Battery"],"picked":"Coolheaded+1","floor":42},{"not_picked":["Cold Snap+1","Steam+1","Rebound+1"],"picked":"SKIP","floor":44},{"not_picked":["Leap","Steam Power","Coolheaded"],"picked":"SKIP","floor":46},{"not_picked":["White Noise","Leap"],"picked":"Doom and Gloom+1","floor":48}],"player_experience":1634137,"relics_obtained":[{"floor":9,"key":"PreservedInsect"},{"floor":11,"key":"Boot"},{"floor":12,"key":"Bag of Marbles"},{"floor":14,"key":"Letter Opener"},{"floor":21,"key":"Dead Branch"},{"floor":21,"key":"Mummified Hand"},{"floor":24,"key":"Ancient Tea Set"},{"floor":26,"key":"Bronze Scales"},{"floor":27,"key":"Ornamental Fan"},{"floor":29,"key":"MawBank"},{"floor":31,"key":"Centennial Puzzle"},{"floor":40,"key":"Tiny Chest"},{"floor":41,"key":"Molten Egg 2"},{"floor":44,"key":"Blue Candle"},{"floor":48,"key":"Toxic Egg 2"}],"event_choices":[{"damage_healed":0,"gold_gain":0,"player_choice":"Box","damage_taken":0,"relics_obtained":["WingedGreaves"],"max_hp_gain":0,"max_hp_loss":0,"event_name":"Big Fish","floor":4,"gold_loss":0,"cards_obtained":["Regret"]},{"damage_healed":0,"gold_gain":0,"player_choice":"Lose Max HP","damage_taken":0,"relics_obtained":["Golden Idol"],"max_hp_gain":0,"max_hp_loss":7,"event_name":"Golden Idol","floor":5,"gold_loss":0},{"damage_healed":0,"gold_gain":0,"player_choice":"Read","damage_taken":0,"max_hp_gain":0,"max_hp_loss":0,"event_name":"The Library","floor":19,"gold_loss":0,"cards_obtained":["Sunder"]},{"cards_removed":["Strike_B"],"damage_healed":0,"gold_gain":0,"player_choice":"Gave Gold","damage_taken":0,"max_hp_gain":0,"max_hp_loss":0,"event_name":"Beggar","floor":20,"gold_loss":75},{"damage_healed":0,"gold_gain":0,"player_choice":"Fight","damage_taken":0,"max_hp_gain":0,"max_hp_loss":0,"event_name":"Colosseum","floor":21,"gold_loss":0},{"damage_healed":0,"gold_gain":0,"player_choice":"Fought Nobs","damage_taken":0,"max_hp_gain":0,"max_hp_loss":0,"event_name":"Colosseum","floor":21,"gold_loss":0},{"damage_healed":0,"gold_gain":0,"player_choice":"Max HP","damage_taken":0,"max_hp_gain":0,"max_hp_loss":3,"event_name":"Winding Halls","floor":37,"gold_loss":0},{"cards_removed":["Streamline"],"damage_healed":0,"gold_gain":0,"player_choice":"Removed Attack","damage_taken":0,"max_hp_gain":0,"max_hp_loss":0,"event_name":"Falling","floor":38,"gold_loss":0},{"damage_healed":0,"gold_gain":50,"player_choice":"Pray","damage_taken":0,"max_hp_gain":0,"max_hp_loss":0,"event_name":"Golden Shrine","floor":39,"gold_loss":0},{"damage_healed":0,"gold_gain":0,"player_choice":"Ignored","damage_taken":0,"max_hp_gain":0,"max_hp_loss":0,"event_name":"Tomb of Lord Red Mask","floor":45,"gold_loss":0}],"is_beta":true,"boss_relics":[{"not_picked":["Eternal Feather","Nuclear Battery"],"picked":"Snecko Eye"},{"not_picked":["Runic Pyramid","Fusion Hammer"],"picked":"Philosopher\u0027s Stone"}],"items_purged_floors":[7,28,36],"is_endless":false,"potions_floor_spawned":[1,13,14,16,21,21,22,30,31,33,40,41],"killed_by":"Awakened One","ascension_level":20}