{"gold_per_floor":[117,137,147,30,305,305,320,348,348,360,388,388,388,388,388,508,508,523,523,539,539,555,595,616,616,667,691,18,18,18,37,37,165,165,179,179,512,0,0,33,58,70,82,111,134,166,178,209,221,233],"floor_reached":50,"playtime":7006,"items_purged":["Regret"],"score":579,"play_id":"4565b410-e801-4bc3-b239-270adba55eb2","local_time":"20190520223058","is_ascension_mode":false,"campfire_choices":[{"data":"Defragment","floor":6,"key":"SMITH"},{"floor":13,"key":"REST"},{"data":"Dualcast","floor":15,"key":"SMITH"},{"floor":25,"key":"REST"},{"data":"1","floor":29,"key":"LIFT"},{"data":"Self Repair","floor":32,"key":"SMITH"},{"floor":42,"key":"REST"},{"floor":49,"key":"REST"}],"neow_cost":"NONE","seed_source_timestamp":2006775755006630,"circlet_count":0,"master_deck":["Strike_B","Strike_B","Strike_B","Defend_B+1","Defend_B","Defend_B","Defend_B","Zap+1","Dualcast+1","Defragment+1","Aggregate","Conserve Battery","Chill","Doom and Gloom","Amplify","Compile Driver","Lockon","Electrodynamics","Static Discharge+1","Melter+1","Streamline+1","Cold Snap+1","Self Repair+1","Transmutation","Recycle","Undo","Fission","Redo+1","Sadistic Nature","Forethought","Master of Strategy","Sunder+1","Chaos+1","Darkness+1"],"relics":["Cracked Core","NeowsBlessing","Blood Vial","War Paint","Matryoshka","Lizard Tail","Molten Egg 2","FaceOfCleric","Girya","Anchor","Happy Flower","Lee\u0027s Waffle","Centennial Puzzle","Enchiridion","Black Star","Red Mask","MawBank","Bottled Tornado","Shuriken","Pocketwatch","Bag of Marbles"],"potions_floor_usage":[16,22,22,33,35,40,41,50,50],"damage_taken":[{"damage":0,"enemies":"Small Slimes","floor":1,"turns":1},{"damage":0,"enemies":"Cultist","floor":2,"turns":1},{"damage":0,"enemies":"2 Louse","floor":3,"turns":1},{"damage":2,"enemies":"Looter","floor":7,"turns":3},{"damage":21,"enemies":"Lagavulin","floor":8,"turns":6},{"damage":1,"enemies":"Exordium Wildlife","floor":10,"turns":2},{"damage":5,"enemies":"Gremlin Nob","floor":11,"turns":3},{"damage":45,"enemies":"Hexaghost","floor":16,"turns":8},{"damage":0,"enemies":"3 Byrds","floor":18,"turns":2},{"damage":10,"enemies":"Chosen","floor":20,"turns":3},{"damage":28,"enemies":"Snake Plant","floor":22,"turns":4},{"damage":25,"enemies":"Book of Stabbing","floor":23,"turns":4},{"damage":8,"enemies":"Sentry and Sphere","floor":24,"turns":3},{"damage":15,"enemies":"Snecko","floor":27,"turns":3},{"damage":5,"enemies":"Snake Plant","floor":31,"turns":3},{"damage":25,"enemies":"Automaton","floor":33,"turns":9},{"damage":21,"enemies":"Orb Walker","floor":35,"turns":3},{"damage":96,"enemies":"Reptomancer","floor":40,"turns":8},{"damage":4,"enemies":"3 Shapes","floor":41,"turns":3},{"damage":19,"enemies":"Sphere and 2 Shapes","floor":44,"turns":3},{"damage":25,"enemies":"Maw","floor":45,"turns":6},{"damage":25,"enemies":"Jaw Worm Horde","floor":46,"turns":4},{"damage":2,"enemies":"Sphere and 2 Shapes","floor":48,"turns":2},{"damage":70,"enemies":"Donu and Deca","floor":50,"turns":6}],"seed_played":"4692365941596162312","potions_obtained":[{"floor":2,"key":"Fire Potion"},{"floor":3,"key":"Swift Potion"},{"floor":10,"key":"SpeedPotion"},{"floor":18,"key":"GamblersBrew"},{"floor":23,"key":"Swift Potion"},{"floor":31,"key":"AttackPotion"},{"floor":35,"key":"SteroidPotion"},{"floor":40,"key":"Fruit Juice"},{"floor":45,"key":"Dexterity Potion"},{"floor":48,"key":"SkillPotion"}],"is_trial":false,"path_per_floor":["M","M","M","$","?","R","M","E","T","M","E","?","R","?","R","B",null,"M","?","M","?","M","E","M","R","T","M","$","R","?","M","R","B",null,"M","?","?","?","?","E","M","R","T","M","M","M","T","M","R","B"],"character_chosen":"DEFECT","items_purchased":["Chill","Doom and Gloom","Lee\u0027s Waffle","Centennial Puzzle","Transmutation","Recycle"],"campfire_rested":4,"item_purchase_floors":[4,4,28,28,28,28],"current_hp_per_floor":[75,75,75,75,75,75,73,52,52,53,50,32,54,75,75,30,75,75,75,65,65,40,18,13,36,36,24,86,86,70,68,68,46,88,68,58,58,58,58,33,37,65,65,59,37,25,25,36,66,0],"gold":233,"neow_bonus":"THREE_ENEMY_KILL","is_prod":false,"is_daily":false,"chose_seed":false,"campfire_upgraded":3,"win_rate":0.0,"timestamp":1558405858,"path_taken":["M","M","M","$","?","R","?","E","T","M","E","?","R","?","R","BOSS","M","?","?","?","M","E","M","R","T","?","$","R","?","M","R","BOSS","M","?","?","?","?","E","M","R","T","M","?","M","?","M","R","BOSS"],"build_version":"2019-01-23","purchased_purges":1,"victory":false,"max_hp_per_floor":[75,75,75,75,75,75,75,75,75,75,75,75,75,75,75,75,75,75,75,75,75,76,77,78,78,78,79,86,86,86,87,87,88,88,89,89,89,89,89,90,96,96,96,97,98,99,99,100,100,100],"card_choices":[{"not_picked":["Coolheaded","Redo"],"picked":"Defragment","floor":1},{"not_picked":["Ball Lightning","Beam Cell"],"picked":"Aggregate","floor":2},{"not_picked":["Static Discharge","Sweeping Beam"],"picked":"Conserve Battery","floor":3},{"not_picked":["Hello World","Sweeping Beam","Gash"],"picked":"SKIP","floor":7},{"not_picked":["Barrage","Steam"],"picked":"Amplify","floor":8},{"not_picked":["Rebound","Barrage"],"picked":"Compile Driver","floor":10},{"not_picked":["Ball Lightning","Reboot"],"picked":"Lockon","floor":11},{"not_picked":["Amplify","Creative AI"],"picked":"Electrodynamics","floor":16},{"not_picked":["Blizzard","Cold Snap"],"picked":"Static Discharge+1","floor":18},{"not_picked":["Double Energy+1","Sunder+1"],"picked":"Melter+1","floor":20},{"not_picked":["Cold Snap+1","Compile Driver+1"],"picked":"Streamline+1","floor":22},{"not_picked":["Hello World","Turbo","Blizzard+1"],"picked":"SKIP","floor":23},{"not_picked":["Compile Driver+1","Turbo+1"],"picked":"Cold Snap+1","floor":24},{"not_picked":["Gash+1","Steam+1"],"picked":"Self Repair","floor":27},{"not_picked":["Steam","Chaos"],"picked":"Undo","floor":31},{"not_picked":["Electrodynamics","Hyperbeam+1"],"picked":"Fission","floor":33},{"not_picked":["Stack+1","Cold Snap+1"],"picked":"Redo+1","floor":35},{"not_picked":["Mind Blast+1","Panacea"],"picked":"Sadistic Nature","floor":36},{"not_picked":["Dark Shackles","Finesse"],"picked":"Forethought","floor":36},{"not_picked":["Trip","Purity"],"picked":"Master of Strategy","floor":36},{"not_picked":["Streamline+1","Loop"],"picked":"Sunder+1","floor":40},{"not_picked":["Barrage+1","Tempest+1"],"picked":"Chaos+1","floor":41},{"not_picked":["Gash+1","FTL+1","Coolheaded"],"picked":"SKIP","floor":44},{"not_picked":["Coolheaded+1","Rip and Tear+1","Beam Cell+1"],"picked":"SKIP","floor":45},{"not_picked":["Redo+1","Heatsinks+1"],"picked":"Darkness+1","floor":46},{"not_picked":["Sweeping Beam+1","Turbo","Heatsinks+1"],"picked":"SKIP","floor":48}],"player_experience":891386,"relics_obtained":[{"floor":8,"key":"Blood Vial"},{"floor":9,"key":"War Paint"},{"floor":11,"key":"Matryoshka"},{"floor":23,"key":"Girya"},{"floor":26,"key":"Anchor"},{"floor":26,"key":"Happy Flower"},{"floor":30,"key":"Enchiridion"},{"floor":40,"key":"MawBank"},{"floor":40,"key":"Bottled Tornado"},{"floor":43,"key":"Shuriken"},{"floor":43,"key":"Pocketwatch"},{"floor":47,"key":"Bag of Marbles"}],"event_choices":[{"damage_healed":0,"gold_gain":275,"player_choice":"Desecrate","damage_taken":0,"max_hp_gain":0,"max_hp_loss":0,"event_name":"Golden Shrine","floor":5,"gold_loss":0,"cards_obtained":["Regret"]},{"damage_healed":0,"gold_gain":0,"player_choice":"Take Damage","damage_taken":18,"relics_obtained":["Golden Idol"],"max_hp_gain":0,"max_hp_loss":0,"event_name":"Golden Idol","floor":12,"gold_loss":0},{"damage_healed":25,"gold_gain":0,"player_choice":"Banana","damage_taken":0,"max_hp_gain":0,"max_hp_loss":0,"event_name":"Big Fish","floor":14,"gold_loss":0},{"damage_healed":0,"gold_gain":0,"player_choice":"Gave Potion","damage_taken":0,"relics_obtained":["Molten Egg 2"],"max_hp_gain":0,"max_hp_loss":0,"event_name":"WeMeetAgain","floor":19,"gold_loss":0},{"damage_healed":0,"gold_gain":0,"player_choice":"Trade","damage_taken":0,"relics_obtained":["FaceOfCleric"],"max_hp_gain":0,"max_hp_loss":0,"event_name":"FaceTrader","floor":21,"gold_loss":0},{"damage_healed":0,"gold_gain":0,"player_choice":"Obtained Book","damage_taken":16,"max_hp_gain":0,"max_hp_loss":0,"event_name":"Cursed Tome","floor":30,"gold_loss":0},{"damage_healed":0,"gold_gain":0,"player_choice":"Memory 3","damage_taken":10,"max_hp_gain":0,"max_hp_loss":0,"event_name":"SensoryStone","floor":36,"gold_loss":0},{"damage_healed":0,"gold_gain":333,"player_choice":"Gave Idol","damage_taken":0,"max_hp_gain":0,"max_hp_loss":0,"event_name":"The Moai Head","floor":37,"relics_lost":["Golden Idol"],"gold_loss":0},{"damage_healed":0,"gold_gain":0,"player_choice":"Paid","damage_taken":0,"relics_obtained":["Red Mask"],"max_hp_gain":0,"max_hp_loss":0,"event_name":"Tomb of Lord Red Mask","floor":38,"gold_loss":512},{"cards_removed":["Strike_B"],"damage_healed":0,"gold_gain":0,"player_choice":"Removed Attack","damage_taken":0,"max_hp_gain":0,"max_hp_loss":0,"event_name":"Falling","floor":39,"gold_loss":0}],"is_beta":false,"boss_relics":[{"not_picked":["Snecko Eye","Tiny House"],"picked":"Lizard Tail"},{"not_picked":["FrozenCore","Philosopher\u0027s Stone"],"picked":"Black Star"}],"items_purged_floors":[28],"is_endless":false,"potions_floor_spawned":[2,3,10,11,18,23,31,35,40,45,48],"killed_by":"Donu and Deca","ascension_level":0}