{"gold_per_floor":[117,117,129,15,28,61,73,73,98,118,10,29,45,59,59,164,164,184,184,184,204,204],"floor_reached":22,"playtime":6995,"items_purged":[],"score":215,"play_id":"70d2ea9a-cdc4-4526-8c07-2822d92192e1","local_time":"20190422210445","is_ascension_mode":false,"campfire_choices":[{"data":"Flex","floor":15,"key":"SMITH"}],"neow_cost":"NONE","seed_source_timestamp":852494121762776,"circlet_count":0,"master_deck":["Strike_R","Strike_R","Strike_R","Strike_R","Strike_R+1","Defend_R","Defend_R","Defend_R","Defend_R","Bash","Twin Strike","Perfected Strike","Warcry","Feel No Pain","Fire Breathing","Seeing Red","Anger","Twin Strike","Dropkick","Metallicize","Thunderclap","Iron Wave","Flex+1","Barricade","Body Slam","Ghostly","Ghostly","Ghostly","Ghostly","Ghostly","Perfected Strike"],"relics":["Burning Blood","NeowsBlessing","Anchor","Red Skull","Vajra","Fusion Hammer"],"potions_floor_usage":[7,16,16],"damage_taken":[{"damage":0,"enemies":"Jaw Worm","floor":1,"turns":1},{"damage":0,"enemies":"Cultist","floor":3,"turns":1},{"damage":0,"enemies":"2 Louse","floor":5,"turns":1},{"damage":31,"enemies":"3 Sentries","floor":6,"turns":9},{"damage":0,"enemies":"Exordium Wildlife","floor":7,"turns":3},{"damage":7,"enemies":"Blue Slaver","floor":10,"turns":3},{"damage":10,"enemies":"2 Fungi Beasts","floor":12,"turns":3},{"damage":0,"enemies":"3 Louse","floor":13,"turns":2},{"damage":10,"enemies":"Red Slaver","floor":14,"turns":4},{"damage":33,"enemies":"Slime Boss","floor":16,"turns":9},{"damage":31,"enemies":"2 Thieves","floor":18,"turns":4},{"damage":12,"enemies":"Shell Parasite","floor":21,"turns":7},{"damage":39,"enemies":"Snake Plant","floor":22,"turns":5}],"seed_played":"8550286763360452151","potions_obtained":[{"floor":3,"key":"SkillPotion"},{"floor":7,"key":"EssenceOfSteel"},{"floor":14,"key":"SteroidPotion"},{"floor":16,"key":"Energy Potion"}],"is_trial":false,"path_per_floor":["M","?","M","$","M","E","M","T","T","M","$","M","M","M","R","B",null,"M","?","?","M","M"],"character_chosen":"IRONCLAD","items_purchased":["Warcry","Feel No Pain","Dropkick","Metallicize"],"campfire_rested":0,"item_purchase_floors":[4,4,11,11],"current_hp_per_floor":[80,80,80,80,80,55,61,61,61,60,60,56,62,58,58,31,80,55,40,40,34,0],"gold":204,"neow_bonus":"THREE_ENEMY_KILL","is_prod":false,"is_daily":false,"chose_seed":false,"campfire_upgraded":1,"win_rate":0.0,"timestamp":1555981485,"path_taken":["M","?","?","$","M","E","M","?","T","M","?","?","?","M","R","BOSS","M","?","?","M","M"],"build_version":"2019-01-23","purchased_purges":0,"victory":false,"max_hp_per_floor":[80,80,80,80,80,80,80,80,80,80,80,80,80,80,80,80,80,80,85,42,42,42],"card_choices":[{"not_picked":["Sword Boomerang","Rupture"],"picked":"Twin Strike","floor":1},{"not_picked":["Power Through","Pommel Strike"],"picked":"Perfected Strike","floor":3},{"not_picked":["Flame Barrier","Armaments"],"picked":"Fire Breathing","floor":5},{"not_picked":["Heavy Blade","Demon Form"],"picked":"Seeing Red","floor":6},{"not_picked":["Armaments","Pommel Strike"],"picked":"Anger","floor":7},{"not_picked":["Body Slam","Power Through"],"picked":"Twin Strike","floor":10},{"not_picked":["Cleave","Body Slam"],"picked":"Thunderclap","floor":12},{"not_picked":["Shrug It Off","Twin Strike"],"picked":"Iron Wave","floor":13},{"not_picked":["Bloodletting","Twin Strike"],"picked":"Flex","floor":14},{"not_picked":["Limit Break","Offering"],"picked":"Barricade","floor":16},{"not_picked":["Clothesline","Thunderclap"],"picked":"Body Slam","floor":18},{"not_picked":["Warcry","Rupture"],"picked":"Perfected Strike","floor":21}],"player_experience":9820,"relics_obtained":[{"floor":6,"key":"Anchor"},{"floor":8,"key":"Red Skull"},{"floor":9,"key":"Vajra"}],"event_choices":[{"damage_healed":0,"gold_gain":0,"player_choice":"Upgraded","damage_taken":0,"max_hp_gain":0,"max_hp_loss":0,"event_name":"Upgrade Shrine","floor":2,"gold_loss":0,"cards_upgraded":["Strike_R"]},{"damage_healed":0,"gold_gain":0,"player_choice":"Shed Blood","damage_taken":20,"max_hp_gain":5,"max_hp_loss":0,"event_name":"Forgotten Altar","floor":19,"gold_loss":0},{"damage_healed":0,"gold_gain":0,"player_choice":"Became a Ghost","damage_taken":0,"max_hp_gain":0,"max_hp_loss":43,"event_name":"Ghosts","floor":20,"gold_loss":0,"cards_obtained":["Ghostly","Ghostly","Ghostly","Ghostly","Ghostly"]}],"is_beta":false,"boss_relics":[{"not_picked":["Orrery","Lizard Tail"],"picked":"Fusion Hammer"}],"items_purged_floors":[],"is_endless":false,"potions_floor_spawned":[3,7,14,16],"killed_by":"Snake Plant","ascension_level":0}