{"gold_per_floor":[109,109,109,119,137,137,152,185,208,242,242,270,270,270,270,270],"floor_reached":16,"playtime":445,"items_purged":[],"score":224,"play_id":"30160980-0af4-4dbb-983b-833ad1883cc8","local_time":"20190523203633","is_ascension_mode":true,"campfire_choices":[{"data":"Body Slam","floor":6,"key":"SMITH"},{"floor":11,"key":"REST"},{"data":"Body Slam","floor":13,"key":"SMITH"},{"data":"Bash","floor":15,"key":"SMITH"}],"neow_cost":"NONE","seed_source_timestamp":528253120793590,"circlet_count":0,"master_deck":["AscendersBane","Strike_R","Strike_R","Strike_R","Strike_R","Defend_R","Defend_R","Defend_R","Defend_R","Bash+1","Exhume","Anger","Body Slam+1","Iron Wave","Body Slam+1","Iron Wave"],"relics":["Burning Blood","Ancient Tea Set","Pen Nib","PreservedInsect","Turnip","Omamori","Orichalcum"],"potions_floor_usage":[8,8,12],"damage_taken":[{"damage":15,"enemies":"Small Slimes","floor":1,"turns":3},{"damage":4,"enemies":"2 Louse","floor":4,"turns":3},{"damage":0,"enemies":"Cultist","floor":5,"turns":3},{"damage":1,"enemies":"Looter","floor":7,"turns":2},{"damage":10,"enemies":"3 Sentries","floor":8,"turns":6},{"damage":25,"enemies":"Lagavulin","floor":10,"turns":6},{"damage":1,"enemies":"Gremlin Nob","floor":12,"turns":3},{"damage":43,"enemies":"The Guardian","floor":16,"turns":6}],"seed_played":"9006162695717071742","potions_obtained":[{"floor":4,"key":"PowerPotion"},{"floor":7,"key":"Explosive Potion"},{"floor":10,"key":"AttackPotion"}],"is_trial":false,"path_per_floor":["M","?","?","M","M","R","M","E","T","E","R","E","R","?","R","B"],"character_chosen":"IRONCLAD","items_purchased":[],"campfire_rested":1,"item_purchase_floors":[],"current_hp_per_floor":[59,24,24,26,32,32,37,33,33,14,36,41,41,41,41,0],"gold":270,"neow_bonus":"ONE_RANDOM_RARE_CARD","is_prod":false,"is_daily":false,"chose_seed":false,"campfire_upgraded":3,"win_rate":0,"timestamp":1558636593,"path_taken":["M","?","?","M","?","R","M","E","T","E","R","E","R","?","R","BOSS"],"build_version":"2019-01-23","purchased_purges":0,"victory":false,"max_hp_per_floor":[75,75,75,75,75,75,75,75,75,75,75,75,75,75,75,75],"card_choices":[{"not_picked":["Sever Soul","Warcry"],"picked":"Anger","floor":1},{"not_picked":["Combust","Warcry","Hemokinesis"],"picked":"SKIP","floor":4},{"not_picked":["Thunderclap","Headbutt"],"picked":"Body Slam","floor":5},{"not_picked":["Flex","Berserk"],"picked":"Iron Wave","floor":7},{"not_picked":["Burning Pact","Carnage"],"picked":"Body Slam","floor":8},{"not_picked":["Body Slam","Clothesline","Havoc"],"picked":"SKIP","floor":10},{"not_picked":["Reaper","Evolve"],"picked":"Iron Wave","floor":12}],"player_experience":367574,"relics_obtained":[{"floor":8,"key":"Pen Nib"},{"floor":9,"key":"PreservedInsect"},{"floor":10,"key":"Turnip"},{"floor":12,"key":"Omamori"}],"event_choices":[{"damage_healed":0,"gold_gain":0,"player_choice":"Success","damage_taken":35,"relics_obtained":["Ancient Tea Set"],"max_hp_gain":0,"max_hp_loss":0,"event_name":"Scrap Ooze","floor":2,"gold_loss":0},{"cards_removed":["Strike_R"],"damage_healed":0,"gold_gain":0,"player_choice":"Purged","damage_taken":0,"max_hp_gain":0,"max_hp_loss":0,"event_name":"Purifier","floor":3,"gold_loss":0},{"damage_healed":0,"gold_gain":0,"player_choice":"Searched \u00271\u0027 times","damage_taken":0,"relics_obtained":["Orichalcum"],"max_hp_gain":0,"max_hp_loss":0,"event_name":"Dead Adventurer","floor":14,"gold_loss":0}],"is_beta":false,"boss_relics":[],"items_purged_floors":[],"is_endless":false,"potions_floor_spawned":[4,7,10],"killed_by":"The Guardian","ascension_level":18}