{"gold_per_floor":[119,133,151,163,163,163,179,179,206,206,240,260,280,290,290,394,394,394,394,394,42,42,42,42,42,42,42,42,42,42,42,42,42,42,42,42,42,42,42,42,42,42],"floor_reached":42,"playtime":7246,"items_purged":["Strike_G"],"score":451,"play_id":"47b27ac9-1bc2-48f3-987a-0e69ffc14827","local_time":"20190524232355","is_ascension_mode":false,"campfire_choices":[{"floor":6,"key":"REST"},{"data":"Choke","floor":8,"key":"SMITH"},{"data":"Cloak And Dagger","floor":10,"key":"SMITH"},{"floor":15,"key":"REST"},{"data":"Accuracy","floor":27,"key":"SMITH"},{"floor":32,"key":"REST"},{"floor":40,"key":"REST"}],"neow_cost":"PERCENT_DAMAGE","seed_source_timestamp":2355323723624824,"circlet_count":0,"master_deck":["Defend_G","Defend_G","Defend_G","Defend_G","Defend_G","Strike_G","Strike_G","Survivor","Neutralize","Choke+1","Cloak And Dagger+1","Slice","Backstab","Outmaneuver","After Image","Noxious Fumes","Caltrops","Tactician","A Thousand Cuts","Caltrops","All Out Attack","Endless Agony","Well Laid Plans","Dagger Throw","Accuracy+1","Reflex+1","Predator+1","Finisher","Blur+1","Envenom","Endless Agony","Cloak And Dagger+1","Writhe","Skewer+1","Accuracy+1"],"relics":["Ring of the Snake","FossilizedHelix","Ancient Tea Set","Bronze Scales","Ectoplasm","TwistedFunnel","Boot","Ninja Scroll","Lizard Tail","Calipers"],"potions_floor_usage":[13,16,16,24,29,33,42,42],"damage_taken":[{"damage":0,"enemies":"2 Louse","floor":1,"turns":4},{"damage":0,"enemies":"Jaw Worm","floor":2,"turns":5},{"damage":0,"enemies":"Cultist","floor":3,"turns":4},{"damage":14,"enemies":"Gremlin Gang","floor":4,"turns":7},{"damage":0,"enemies":"2 Fungi Beasts","floor":7,"turns":5},{"damage":9,"enemies":"Lagavulin","floor":11,"turns":6},{"damage":0,"enemies":"3 Louse","floor":12,"turns":2},{"damage":0,"enemies":"Gremlin Gang","floor":13,"turns":4},{"damage":0,"enemies":"Exordium Thugs","floor":14,"turns":4},{"damage":15,"enemies":"The Guardian","floor":16,"turns":12},{"damage":2,"enemies":"Shell Parasite","floor":18,"turns":3},{"damage":0,"enemies":"Chosen","floor":20,"turns":5},{"damage":14,"enemies":"Sentry and Sphere","floor":22,"turns":5},{"damage":21,"enemies":"Slavers","floor":23,"turns":4},{"damage":21,"enemies":"Shelled Parasite and Fungi","floor":24,"turns":4},{"damage":10,"enemies":"Centurion and Healer","floor":28,"turns":3},{"damage":0,"enemies":"Snake Plant","floor":29,"turns":2},{"damage":0,"enemies":"Sentry and Sphere","floor":30,"turns":5},{"damage":12,"enemies":"Centurion and Healer","floor":31,"turns":3},{"damage":26,"enemies":"Automaton","floor":33,"turns":9},{"damage":8,"enemies":"3 Shapes","floor":35,"turns":4},{"damage":48,"enemies":"2 Orb Walkers","floor":36,"turns":5},{"damage":31,"enemies":"3 Darklings","floor":39,"turns":5},{"damage":84,"enemies":"Giant Head","floor":42,"turns":8}],"seed_played":"-8556464450523032293","potions_obtained":[{"floor":7,"key":"Block Potion"},{"floor":11,"key":"Dexterity Potion"},{"floor":13,"key":"GhostInAJar"},{"floor":14,"key":"Regen Potion"},{"floor":18,"key":"Ancient Potion"},{"floor":22,"key":"Energy Potion"},{"floor":31,"key":"SpeedPotion"},{"floor":33,"key":"SteroidPotion"},{"floor":35,"key":"Energy Potion"},{"floor":39,"key":"SpeedPotion"}],"is_trial":false,"path_per_floor":["M","M","M","M","?","R","M","R","T","R","E","M","M","M","R","B",null,"M","?","M","$","M","E","M","?","T","R","M","M","M","M","R","B",null,"M","?","$","?","M","R","?","E"],"character_chosen":"THE_SILENT","items_purchased":["TwistedFunnel","Well Laid Plans"],"campfire_rested":4,"item_purchase_floors":[21,21],"current_hp_per_floor":[49,49,49,35,35,56,56,56,56,56,47,47,47,47,68,63,70,68,68,68,68,54,33,12,70,70,70,60,60,60,48,69,43,70,62,14,14,32,1,22,22,0],"gold":42,"neow_bonus":"ONE_RARE_RELIC","is_prod":false,"is_daily":false,"chose_seed":false,"campfire_upgraded":3,"win_rate":0.0,"timestamp":1558754635,"path_taken":["M","M","M","M","?","R","M","R","T","R","E","M","M","M","R","BOSS","M","?","?","$","?","E","M","?","T","R","M","M","M","?","R","BOSS","M","?","$","?","M","R","?","E"],"build_version":"2019-01-23","purchased_purges":1,"victory":false,"max_hp_per_floor":[70,70,70,70,70,70,70,70,70,70,70,70,70,70,70,70,70,70,70,70,70,70,70,70,70,70,70,70,70,70,70,70,70,70,70,70,70,70,70,70,70,70],"card_choices":[{"not_picked":["Underhanded Strike","Flying Knee"],"picked":"Choke","floor":1},{"not_picked":["Backflip","Slice"],"picked":"Cloak And Dagger","floor":2},{"not_picked":["Dagger Throw","Underhanded Strike"],"picked":"Slice","floor":3},{"not_picked":["Bane","Poisoned Stab"],"picked":"Backstab","floor":4},{"not_picked":["Acrobatics","Bane"],"picked":"Outmaneuver","floor":7},{"not_picked":["Backstab","Blade Dance"],"picked":"After Image","floor":11},{"not_picked":["Underhanded Strike","Bane"],"picked":"Noxious Fumes","floor":12},{"not_picked":["Deflect","Dagger Throw"],"picked":"Caltrops","floor":13},{"not_picked":["Acrobatics","Finisher"],"picked":"Tactician","floor":14},{"not_picked":["Storm of Steel","Tools of the Trade"],"picked":"A Thousand Cuts","floor":16},{"not_picked":["Cloak And Dagger+1","Sucker Punch"],"picked":"Caltrops","floor":18},{"not_picked":["Tactician+1","Quick Slash+1"],"picked":"Endless Agony","floor":20},{"not_picked":["Infinite Blades","Acrobatics"],"picked":"Dagger Throw","floor":22},{"not_picked":["Dagger Spray","Footwork"],"picked":"Accuracy","floor":23},{"not_picked":["Eviscerate","Dagger Throw+1"],"picked":"Reflex+1","floor":24},{"not_picked":["Bane+1","Dagger Throw","Distraction"],"picked":"SKIP","floor":28},{"not_picked":["Underhanded Strike","Blur"],"picked":"Predator+1","floor":29},{"not_picked":["Dodge and Roll","Backstab"],"picked":"Finisher","floor":30},{"not_picked":["Deadly Poison","Acrobatics"],"picked":"Blur+1","floor":31},{"not_picked":["Glass Knife","Wraith Form v2"],"picked":"Envenom","floor":33},{"not_picked":["Choke","Quick Slash"],"picked":"Endless Agony","floor":35},{"not_picked":["Prepared+1","Sucker Punch"],"picked":"Cloak And Dagger+1","floor":36},{"not_picked":["Caltrops+1","Riddle With Holes+1"],"picked":"Skewer+1","floor":39}],"player_experience":920422,"relics_obtained":[{"floor":9,"key":"Ancient Tea Set"},{"floor":11,"key":"Bronze Scales"},{"floor":23,"key":"Boot"},{"floor":26,"key":"Ninja Scroll"},{"floor":36,"key":"Calipers"}],"event_choices":[{"cards_removed":["Strike_G"],"damage_healed":0,"gold_gain":0,"player_choice":"Forget","damage_taken":0,"max_hp_gain":0,"max_hp_loss":0,"event_name":"Living Wall","floor":5,"gold_loss":0},{"damage_healed":0,"gold_gain":0,"cards_transformed":["Strike_G"],"player_choice":"Transformed","damage_taken":0,"max_hp_gain":0,"max_hp_loss":0,"event_name":"Transmorgrifier","floor":19,"gold_loss":0,"cards_obtained":["All Out Attack"]},{"damage_healed":58,"gold_gain":0,"player_choice":"Full Heal","damage_taken":0,"max_hp_gain":0,"max_hp_loss":0,"event_name":"Wheel of Change","floor":25,"gold_loss":0},{"damage_healed":0,"gold_gain":0,"player_choice":"Fight","damage_taken":0,"max_hp_gain":0,"max_hp_loss":0,"event_name":"Mysterious Sphere","floor":36,"gold_loss":0},{"damage_healed":18,"gold_gain":0,"player_choice":"Writhe","damage_taken":0,"max_hp_gain":0,"max_hp_loss":0,"event_name":"Winding Halls","floor":38,"gold_loss":0,"cards_obtained":["Writhe"]},{"damage_healed":0,"gold_gain":0,"player_choice":"Copied","damage_taken":0,"max_hp_gain":0,"max_hp_loss":0,"event_name":"Duplicator","floor":41,"gold_loss":0,"cards_obtained":["Accuracy"]}],"is_beta":false,"boss_relics":[{"not_picked":["White Beast Statue","Philosopher\u0027s Stone"],"picked":"Ectoplasm"},{"not_picked":["Tiny House","Ring of the Serpent"],"picked":"Lizard Tail"}],"items_purged_floors":[21],"is_endless":false,"potions_floor_spawned":[7,11,13,14,18,22,23,31,33,35,39],"killed_by":"Giant Head","ascension_level":0}