{"gold_per_floor":[118,132,142,19,36,65,65,96,96,121,141,41,54,82,82,178,178,191,201,76,89,100,134,148,183,210,210,228,76,88,100,100,205,205,216,66,66,15,41,74,89,100,147,247,247,279,127,137,137,137],"floor_reached":50,"playtime":3247,"items_purged":["Strike_R","Strike_R","Strike_R","Bludgeon"],"score":716,"play_id":"52150d75-fe42-4f84-9c81-f819f8549008","local_time":"20190502163643","is_ascension_mode":true,"campfire_choices":[{"data":"Combust","floor":7,"key":"SMITH"},{"data":"Uppercut","floor":15,"key":"SMITH"},{"data":"Shockwave","floor":27,"key":"SMITH"},{"floor":32,"key":"REST"},{"floor":49,"key":"REST"}],"neow_cost":"NONE","seed_source_timestamp":685615933369200,"circlet_count":0,"master_deck":["Bash","Combust+1","Clash","Power Through","Clothesline+1","Warcry","Blood for Blood","Uppercut+1","Pommel Strike","Disarm","Double Tap","Ghostly Armor","Shockwave+1","Sever Soul+1","Wild Strike","Seeing Red","Evolve","Blood for Blood","Secret Weapon"],"relics":["Burning Blood","Meat on the Bone","War Paint","Orichalcum","Bottled Tornado","Juzu Bracelet","Philosopher\u0027s Stone","Dream Catcher","Bronze Scales","Whetstone","Vajra","Pandora\u0027s Box","Bottled Flame","Blood Vial","Unceasing Top","Dodecahedron","Strawberry"],"potions_floor_usage":[3,19,23,25,25,28,40,42,46,50,50,50],"damage_taken":[{"damage":3,"enemies":"Jaw Worm","floor":1,"turns":5},{"damage":3,"enemies":"Cultist","floor":2,"turns":3},{"damage":1,"enemies":"Small Slimes","floor":3,"turns":3},{"damage":14,"enemies":"Exordium Wildlife","floor":5,"turns":6},{"damage":36,"enemies":"Gremlin Nob","floor":6,"turns":5},{"damage":20,"enemies":"Lagavulin","floor":8,"turns":6},{"damage":9,"enemies":"Gremlin Nob","floor":10,"turns":4},{"damage":3,"enemies":"Looter","floor":11,"turns":3},{"damage":5,"enemies":"Blue Slaver","floor":13,"turns":2},{"damage":5,"enemies":"3 Sentries","floor":14,"turns":4},{"damage":20,"enemies":"Hexaghost","floor":16,"turns":8},{"damage":19,"enemies":"2 Thieves","floor":18,"turns":3},{"damage":2,"enemies":"Spheric Guardian","floor":19,"turns":3},{"damage":9,"enemies":"Snecko","floor":21,"turns":4},{"damage":12,"enemies":"Shelled Parasite and Fungi","floor":22,"turns":5},{"damage":14,"enemies":"Book of Stabbing","floor":23,"turns":4},{"damage":24,"enemies":"Centurion and Healer","floor":24,"turns":7},{"damage":32,"enemies":"Slavers","floor":25,"turns":5},{"damage":7,"enemies":"3 Cultists","floor":28,"turns":4},{"damage":9,"enemies":"Shelled Parasite and Fungi","floor":30,"turns":3},{"damage":19,"enemies":"Sentry and Sphere","floor":31,"turns":6},{"damage":61,"enemies":"Automaton","floor":33,"turns":10},{"damage":4,"enemies":"3 Shapes","floor":35,"turns":3},{"damage":35,"enemies":"Giant Head","floor":40,"turns":7},{"damage":14,"enemies":"3 Darklings","floor":41,"turns":3},{"damage":10,"enemies":"Transient","floor":42,"turns":5},{"damage":10,"enemies":"Mind Bloom Boss Battle","floor":44,"turns":7},{"damage":37,"enemies":"Nemesis","floor":46,"turns":5},{"damage":9,"enemies":"Maw","floor":48,"turns":7},{"damage":102,"enemies":"Donu and Deca","floor":50,"turns":7}],"seed_played":"-7955194809574879548","potions_obtained":[{"floor":3,"key":"Fruit Juice"},{"floor":8,"key":"Explosive Potion"},{"floor":11,"key":"SteroidPotion"},{"floor":13,"key":"Energy Potion"},{"floor":16,"key":"Fire Potion"},{"floor":23,"key":"SpeedPotion"},{"floor":24,"key":"Energy Potion"},{"floor":25,"key":"Poison Potion"},{"floor":28,"key":"Fire Potion"},{"floor":41,"key":"Block Potion"},{"floor":42,"key":"SkillPotion"},{"floor":48,"key":"GamblersBrew"}],"is_trial":false,"path_per_floor":["M","M","M","$","M","E","R","E","T","E","M","$","M","E","R","B",null,"M","M","$","M","M","E","M","E","T","R","M","$","M","M","R","B",null,"M","$","?","$","T","E","M","M","T","?","?","E","$","M","R","B"],"character_chosen":"IRONCLAD","items_purchased":["Clothesline","Vajra","PowerPotion","Strawberry"],"campfire_rested":2,"item_purchase_floors":[4,29,38,47],"current_hp_per_floor":[88,88,93,93,85,55,55,53,53,62,65,65,66,67,67,53,93,80,84,84,81,75,67,61,47,47,47,58,58,55,54,81,38,93,93,93,93,93,93,64,56,64,64,62,62,45,52,63,93,0],"gold":137,"neow_bonus":"TEN_PERCENT_HP_BONUS","is_prod":false,"is_daily":false,"chose_seed":false,"campfire_upgraded":3,"win_rate":0,"timestamp":1556840203,"path_taken":["M","M","M","$","M","E","R","E","T","E","M","$","M","E","R","BOSS","M","M","$","M","M","E","M","E","T","R","M","$","M","M","R","BOSS","M","$","?","$","?","E","M","M","T","?","?","E","$","M","R","BOSS"],"build_version":"2019-01-23","purchased_purges":4,"victory":false,"max_hp_per_floor":[88,88,93,93,93,93,93,93,93,93,93,93,93,93,93,93,93,93,93,93,93,93,93,93,93,93,93,93,93,93,93,93,93,93,93,93,93,93,93,93,93,93,93,93,93,93,100,100,100,100],"card_choices":[{"not_picked":["Heavy Blade","Perfected Strike"],"picked":"Combust","floor":1},{"not_picked":["Seeing Red","Wild Strike"],"picked":"Clash","floor":2},{"not_picked":["Warcry","Headbutt"],"picked":"Power Through","floor":3},{"not_picked":["Twin Strike","Flame Barrier"],"picked":"Warcry","floor":5},{"not_picked":["Cleave","Flex"],"picked":"Blood for Blood","floor":6},{"not_picked":["Anger","Flame Barrier"],"picked":"Uppercut","floor":8},{"not_picked":["Berserk","Exhume"],"picked":"Pommel Strike","floor":10},{"not_picked":["Warcry","Thunderclap","Blood for Blood"],"picked":"SKIP","floor":11},{"not_picked":["Armaments","Perfected Strike","Wild Strike"],"picked":"SKIP","floor":13},{"not_picked":["Body Slam","Anger"],"picked":"Disarm","floor":14},{"not_picked":["Limit Break","Reaper"],"picked":"Double Tap","floor":16},{"not_picked":["Pummel","Clash+1"],"picked":"Ghostly Armor","floor":18},{"not_picked":["Searing Blow+1","Spot Weakness"],"picked":"Shockwave","floor":19},{"not_picked":["Headbutt+1","Pummel+1","Body Slam+1"],"picked":"SKIP","floor":21},{"not_picked":["Twin Strike","Corruption+1","Hemokinesis"],"picked":"SKIP","floor":22},{"not_picked":["Juggernaut","Perfected Strike","Intimidate"],"picked":"SKIP","floor":23},{"not_picked":["Power Through","Combust","Shrug It Off"],"picked":"SKIP","floor":24},{"not_picked":["Clothesline","Power Through","Twin Strike"],"picked":"SKIP","floor":25},{"not_picked":["Heavy Blade+1","Body Slam+1","Pommel Strike+1"],"picked":"SKIP","floor":28},{"not_picked":["Twin Strike","Perfected Strike+1"],"picked":"Sever Soul+1","floor":30},{"not_picked":["Sentinel+1","Anger","Thunderclap"],"picked":"SKIP","floor":31},{"not_picked":["Clothesline+1","Dual Wield","Spot Weakness+1"],"picked":"SKIP","floor":35},{"not_picked":["Sword Boomerang","Clash+1","Entrench"],"picked":"SKIP","floor":40},{"not_picked":["Sword Boomerang","Clash+1","Entrench"],"picked":"SKIP","floor":40},{"not_picked":["Headbutt","Warcry+1","Anger"],"picked":"SKIP","floor":41},{"not_picked":["Wild Strike","True Grit","Combust"],"picked":"SKIP","floor":42},{"not_picked":["Blind","PanicButton"],"picked":"Secret Weapon","floor":45},{"not_picked":["Dark Embrace","Pummel+1","Iron Wave+1"],"picked":"SKIP","floor":46},{"not_picked":["Twin Strike","Perfected Strike+1","Sword Boomerang+1"],"picked":"SKIP","floor":48}],"player_experience":278074,"relics_obtained":[{"floor":6,"key":"Meat on the Bone"},{"floor":8,"key":"War Paint"},{"floor":9,"key":"Orichalcum"},{"floor":10,"key":"Bottled Tornado"},{"floor":14,"key":"Juzu Bracelet"},{"floor":23,"key":"Dream Catcher"},{"floor":25,"key":"Bronze Scales"},{"floor":26,"key":"Whetstone"},{"floor":40,"key":"Bottled Flame"},{"floor":43,"key":"Blood Vial"},{"floor":44,"key":"Unceasing Top"},{"floor":46,"key":"Dodecahedron"}],"event_choices":[{"cards_removed":["Clothesline"],"damage_healed":0,"gold_gain":0,"player_choice":"Card Removal","damage_taken":0,"max_hp_gain":0,"max_hp_loss":0,"event_name":"Wheel of Change","floor":37,"gold_loss":0},{"damage_healed":0,"gold_gain":0,"player_choice":"Fight","damage_taken":0,"max_hp_gain":0,"max_hp_loss":0,"event_name":"MindBloom","floor":44,"gold_loss":0},{"damage_healed":0,"gold_gain":0,"player_choice":"Memory 1","damage_taken":0,"max_hp_gain":0,"max_hp_loss":0,"event_name":"SensoryStone","floor":45,"gold_loss":0}],"is_beta":false,"boss_relics":[{"not_picked":["Velvet Choker","Cursed Key"],"picked":"Philosopher\u0027s Stone"},{"not_picked":["White Beast Statue","Calling Bell"],"picked":"Pandora\u0027s Box"}],"items_purged_floors":[4,12,20,36],"is_endless":false,"potions_floor_spawned":[3,8,11,13,16,18,23,24,25,28,41,42,44,48],"killed_by":"Donu and Deca","ascension_level":4}