{"gold_per_floor":[110,127,202,58,58,58,93,93,393,393,427,23,93,63,63,191,191,211,231,62,62,62,62,62,81,108,121,121,159,184,184],"floor_reached":31,"playtime":32973,"items_purged":["Strike_R","Strike_R"],"score":284,"play_id":"ec297c6e-4246-445c-a788-57508e911092","local_time":"20190502212529","is_ascension_mode":false,"campfire_choices":[{"data":"Evolve","floor":6.0,"key":"SMITH"},{"floor":8.0,"key":"REST"},{"data":"Flex","floor":10.0,"key":"SMITH"},{"floor":15.0,"key":"REST"},{"floor":23,"key":"REST"},{"floor":28,"key":"REST"}],"neow_cost":"NONE","seed_source_timestamp":0,"circlet_count":0,"master_deck":["Strike_R","Strike_R","Strike_R","Defend_R","Defend_R","Defend_R","Defend_R","Bash","Flex+1","Evolve+1","Havoc+1","Double Tap+1","Chrysalis+1","Armaments+1","Good Instincts+1","Body Slam","Demon Form","Seeing Red+1","Power Through+1","Transmutation+1","Necronomicurse","Searing Blow","Armaments+1","Blood for Blood+1"],"special_seed":0,"relics":["Burning Blood","NeowsBlessing","Golden Idol","Toxic Egg 2","Old Coin","Self Forming Clay","Sundial","Lizard Tail","MutagenicStrength","Necronomicon","Vajra","Lantern"],"potions_floor_usage":[16,16,16,25,27,31],"damage_taken":[{"damage":0.0,"enemies":"Cultist","floor":1.0,"turns":1.0},{"damage":0.0,"enemies":"Jaw Worm","floor":2.0,"turns":1.0},{"damage":0.0,"enemies":"Gremlin Nob","floor":7.0,"turns":1.0},{"damage":55.0,"enemies":"Lagavulin","floor":11.0,"turns":9.0},{"damage":12.0,"enemies":"Lagavulin Event","floor":13.0,"turns":10.0},{"damage":21,"enemies":"Hexaghost","floor":16,"turns":12},{"damage":32,"enemies":"Spheric Guardian","floor":18,"turns":6},{"damage":18,"enemies":"Chosen","floor":19,"turns":5},{"damage":26,"enemies":"Sentry and Sphere","floor":25,"turns":6},{"damage":45,"enemies":"Chosen and Byrds","floor":27,"turns":7},{"damage":49,"enemies":"Book of Stabbing","floor":29,"turns":6},{"damage":26,"enemies":"Shelled Parasite and Fungi","floor":30,"turns":7},{"damage":7,"enemies":"Cultist and Chosen","floor":31,"turns":3}],"seed_played":"695115118771062744","potions_obtained":[{"floor":1.0,"key":"Poison Potion"},{"floor":14.0,"key":"SkillPotion"},{"floor":14.0,"key":"Dexterity Potion"},{"floor":16,"key":"SpeedPotion"},{"floor":18,"key":"Fire Potion"},{"floor":25,"key":"Ancient Potion"},{"floor":29,"key":"PowerPotion"}],"is_trial":false,"path_per_floor":["M","M","?","$","?","R","E","R","T","R","E","$","?","?","R","B",null,"M","M","$","?","?","R","$","M","T","M","R","E","M","M"],"character_chosen":"IRONCLAD","items_purchased":["Evolve","Chrysalis+1","Armaments+1","Good Instincts+1","Transmutation+1"],"campfire_rested":4,"item_purchase_floors":[4,12,12,12,20],"current_hp_per_floor":[80,80,69,69,49,49,55,79,79,79,30,30,24,24,48,33,80,54,42,42,42,26,50,50,30,30,46,70,27,7,0],"gold":184,"neow_bonus":"THREE_ENEMY_KILL","is_prod":false,"is_daily":false,"chose_seed":false,"campfire_upgraded":2,"win_rate":0.0,"timestamp":1556846729,"path_taken":["M","M","?","$","?","R","E","R","T","R","E","$","?","?","R","BOSS","M","M","?","?","?","R","?","M","T","M","R","E","M","M"],"build_version":"2019-01-23","purchased_purges":2,"victory":false,"max_hp_per_floor":[80,80,80,80,80,80,80,80,80,80,80,80,80,80,80,80,80,80,80,80,80,80,80,80,80,80,80,80,80,80,80],"card_choices":[{"not_picked":["Feel No Pain","Havoc","Headbutt"],"picked":"SKIP","floor":1.0},{"not_picked":["Reckless Charge","Perfected Strike"],"picked":"Flex","floor":2.0},{"not_picked":["Rampage","Reckless Charge"],"picked":"Havoc","floor":7.0},{"not_picked":["Spot Weakness+1","Clothesline"],"picked":"Double Tap+1","floor":11.0},{"not_picked":["True Grit+1","Headbutt"],"picked":"Body Slam","floor":13.0},{"not_picked":["Double Tap+1","Bludgeon"],"picked":"Demon Form","floor":16},{"not_picked":["Cleave","Heavy Blade+1"],"picked":"Seeing Red+1","floor":18},{"not_picked":["Carnage","Shrug It Off+1"],"picked":"Power Through+1","floor":19},{"not_picked":["Heavy Blade","Warcry+1"],"picked":"Searing Blow","floor":25},{"not_picked":["Second Wind+1","Clothesline"],"picked":"Armaments+1","floor":27},{"not_picked":["Iron Wave","Clash"],"picked":"Blood for Blood+1","floor":29},{"not_picked":["Sword Boomerang","Pummel","Wild Strike"],"picked":"SKIP","floor":30}],"player_experience":95889,"relics_obtained":[{"floor":7.0,"key":"Toxic Egg 2"},{"floor":9.0,"key":"Old Coin"},{"floor":11.0,"key":"Self Forming Clay"},{"floor":22,"key":"Necronomicon"},{"floor":26,"key":"Vajra"},{"floor":29,"key":"Lantern"}],"event_choices":[{"damage_healed":0.0,"max_hp_gain":0.0,"max_hp_loss":0.0,"gold_gain":75.0,"event_name":"World of Goop","player_choice":"Gather Gold","floor":3.0,"gold_loss":0.0,"damage_taken":11.0},{"damage_healed":0.0,"max_hp_gain":0.0,"max_hp_loss":0.0,"gold_gain":0.0,"event_name":"Golden Idol","player_choice":"Take Damage","floor":5.0,"gold_loss":0.0,"damage_taken":20.0,"relics_obtained":["Golden Idol"]},{"damage_healed":0.0,"max_hp_gain":0.0,"max_hp_loss":0.0,"gold_gain":0.0,"event_name":"Dead Adventurer","player_choice":"Searched \u00272\u0027 times","floor":13.0,"gold_loss":0.0,"damage_taken":0.0,"relics_obtained":["Sundial"]},{"damage_healed":0.0,"max_hp_gain":0.0,"max_hp_loss":0.0,"gold_gain":0.0,"event_name":"The Woman in Blue","player_choice":"Bought 2 Potions","floor":14.0,"gold_loss":0.0,"damage_taken":0.0},{"damage_healed":0,"gold_gain":0,"player_choice":"Inject Mutagens","damage_taken":0,"relics_obtained":["MutagenicStrength"],"max_hp_gain":0,"max_hp_loss":0,"event_name":"Drug Dealer","floor":21,"gold_loss":0},{"damage_healed":0,"gold_gain":0,"player_choice":"Obtained Book","damage_taken":16,"max_hp_gain":0,"max_hp_loss":0,"event_name":"Cursed Tome","floor":22,"gold_loss":0}],"is_beta":false,"boss_relics":[{"not_picked":["Runic Dome","Tiny House"],"picked":"Lizard Tail"}],"items_purged_floors":[4,12],"is_endless":false,"potions_floor_spawned":[1,16,18,25,29],"killed_by":"Cultist and Chosen","ascension_level":0}