{"gold_per_floor":[112,128,4,4,4,4,37,37,63,73,86,105,5,5,5,101,101,113,132,132,146,157,157,176,101,101,119,119,184,109,135,135,232,232,242,257,357,372,0,0,0,19,19,19,45,45,65,79,79,79],"floor_reached":50,"playtime":7959,"items_purged":["Strike_B","Defend_B"],"score":484,"play_id":"fdd00e01-aef7-49d4-8925-4c11f13af40a","local_time":"20190521233729","is_ascension_mode":false,"campfire_choices":[{"data":"Zap","floor":6,"key":"SMITH"},{"floor":8,"key":"REST"},{"floor":15,"key":"REST"},{"floor":23,"key":"REST"},{"data":"Self Repair","floor":28,"key":"SMITH"},{"floor":32,"key":"REST"},{"floor":40,"key":"REST"},{"floor":44,"key":"REST"},{"floor":49,"key":"REST"}],"neow_cost":"PERCENT_DAMAGE","seed_source_timestamp":2096220169121915,"circlet_count":0,"master_deck":["Zap+1","Dualcast","Darkness","Lockon","Cold Snap","BootSequence","Rainbow","Streamline","Doom and Gloom","Coolheaded","Echo Form","Self Repair+1","Hologram","Electrodynamics","Static Discharge+1","Leap","Storm","Steam+1","Scrape","Fission","Conserve Battery","Ball Lightning+1","Steam+1","Tempest","All For One","Capacitor+1","Force Field","Auto Shields+1","Steam Power+1"],"relics":["Cracked Core","Bronze Scales","Dream Catcher","Lizard Tail","Bird Faced Urn","Tiny Chest","Bag of Preparation","Runic Dome","Pocketwatch","Red Mask","Gremlin Horn","Vajra"],"potions_floor_usage":[19,21,22,24,31,33,33,33,42,50],"damage_taken":[{"damage":0,"enemies":"Cultist","floor":1,"turns":4},{"damage":1,"enemies":"Jaw Worm","floor":2,"turns":3},{"damage":36,"enemies":"Gremlin Nob","floor":7,"turns":5},{"damage":0,"enemies":"Small Slimes","floor":10,"turns":3},{"damage":5,"enemies":"Blue Slaver","floor":11,"turns":2},{"damage":0,"enemies":"Looter","floor":12,"turns":3},{"damage":17,"enemies":"Hexaghost","floor":16,"turns":9},{"damage":8,"enemies":"Shell Parasite","floor":18,"turns":5},{"damage":10,"enemies":"Spheric Guardian","floor":19,"turns":3},{"damage":27,"enemies":"Shelled Parasite and Fungi","floor":21,"turns":5},{"damage":16,"enemies":"Snecko","floor":22,"turns":5},{"damage":15,"enemies":"Chosen and Byrds","floor":24,"turns":4},{"damage":17,"enemies":"Centurion and Healer","floor":27,"turns":5},{"damage":34,"enemies":"Slavers","floor":29,"turns":3},{"damage":35,"enemies":"Book of Stabbing","floor":31,"turns":6},{"damage":90,"enemies":"Automaton","floor":33,"turns":9},{"damage":20,"enemies":"3 Shapes","floor":35,"turns":3},{"damage":23,"enemies":"Orb Walker","floor":36,"turns":2},{"damage":33,"enemies":"Mind Bloom Boss Battle","floor":37,"turns":4},{"damage":22,"enemies":"Jaw Worm Horde","floor":38,"turns":3},{"damage":21,"enemies":"Transient","floor":42,"turns":5},{"damage":19,"enemies":"Maw","floor":47,"turns":6},{"damage":28,"enemies":"3 Darklings","floor":48,"turns":2},{"damage":97,"enemies":"Time Eater","floor":50,"turns":8}],"seed_played":"4995612865438279454","potions_obtained":[{"floor":7,"key":"Regen Potion"},{"floor":11,"key":"Swift Potion"},{"floor":21,"key":"EssenceOfSteel"},{"floor":27,"key":"FocusPotion"},{"floor":29,"key":"SneckoOil"},{"floor":31,"key":"FearPotion"},{"floor":36,"key":"Energy Potion"},{"floor":38,"key":"Block Potion"},{"floor":47,"key":"Weak Potion"},{"floor":48,"key":"Strength Potion"}],"is_trial":false,"path_per_floor":["M","M","$","?","?","R","E","R","T","M","M","M","$","?","R","B",null,"M","M","?","M","M","R","M","$","T","M","R","E","?","E","R","B",null,"M","M","?","M","?","R","?","M","T","R","T","$","M","M","R","B"],"character_chosen":"DEFECT","items_purchased":["Explosive Potion","LiquidBronze"],"campfire_rested":7,"item_purchase_floors":[3,25],"current_hp_per_floor":[54,53,53,58,51,51,15,39,39,39,34,34,34,34,58,41,80,72,62,62,42,40,64,72,72,72,68,68,38,38,19,43,20,80,72,53,36,20,20,44,44,41,41,65,65,65,70,48,72,0],"gold":79,"neow_bonus":"TRANSFORM_TWO_CARDS","is_prod":false,"is_daily":false,"chose_seed":false,"campfire_upgraded":2,"win_rate":0.0,"timestamp":1558496249,"path_taken":["M","M","?","?","?","R","E","R","T","M","M","M","$","?","R","BOSS","M","M","?","M","M","R","M","$","T","M","R","E","?","E","R","BOSS","M","M","?","M","?","R","?","?","T","R","?","?","M","M","R","BOSS"],"build_version":"2019-01-23","purchased_purges":2,"victory":false,"max_hp_per_floor":[75,75,75,80,80,80,80,80,80,80,80,80,80,80,80,80,80,80,80,80,80,80,80,80,80,80,80,80,80,80,80,80,80,80,80,80,80,80,80,80,80,80,80,80,80,80,80,80,80,80],"card_choices":[{"not_picked":["Go for the Eyes","Steam Power"],"picked":"Cold Snap","floor":1},{"not_picked":["Beam Cell","Darkness"],"picked":"BootSequence","floor":2},{"not_picked":["Barrage","Turbo"],"picked":"Rainbow","floor":7},{"not_picked":["Reprogram","Consume"],"picked":"Streamline","floor":10},{"not_picked":["Amplify","Barrage"],"picked":"Doom and Gloom","floor":11},{"not_picked":["Turbo","Rebound"],"picked":"Coolheaded","floor":12},{"not_picked":["Meteor Strike","Thunder Strike"],"picked":"Echo Form","floor":16},{"not_picked":["Turbo","Darkness","Cold Snap"],"picked":"SKIP","floor":18},{"not_picked":["Conserve Battery","Heatsinks"],"picked":"Self Repair","floor":19},{"not_picked":["Steam","Cold Snap"],"picked":"Hologram","floor":21},{"not_picked":["Coolheaded","Cold Snap"],"picked":"Electrodynamics","floor":22},{"not_picked":["Coolheaded+1","Turbo"],"picked":"Static Discharge+1","floor":23},{"not_picked":["Gash","Sweeping Beam"],"picked":"Leap","floor":24},{"not_picked":["Conserve Battery","Doom and Gloom+1"],"picked":"Storm","floor":27},{"not_picked":["Barrage","Machine Learning"],"picked":"Steam+1","floor":29},{"not_picked":["Redo","Cold Snap","Consume+1"],"picked":"SKIP","floor":31},{"not_picked":["Sweeping Beam","Tempest+1"],"picked":"Scrape","floor":32},{"not_picked":["Machine Learning","Seek"],"picked":"Fission","floor":33},{"not_picked":["Undo+1","Go for the Eyes+1"],"picked":"Conserve Battery","floor":35},{"not_picked":["Sweeping Beam+1","Consume+1"],"picked":"Ball Lightning+1","floor":36},{"not_picked":["Barrage+1","Coolheaded"],"picked":"Steam+1","floor":37},{"not_picked":["Darkness","Beam Cell"],"picked":"Tempest","floor":38},{"not_picked":["Compile Driver+1","Beam Cell+1"],"picked":"All For One","floor":40},{"not_picked":["Chill","Steam+1"],"picked":"Capacitor+1","floor":42},{"not_picked":["Lockon","Doom and Gloom"],"picked":"Force Field","floor":44},{"not_picked":["Cold Snap+1","Hologram"],"picked":"Auto Shields+1","floor":47},{"not_picked":["Streamline","Conserve Battery"],"picked":"Steam Power+1","floor":48}],"player_experience":898392,"relics_obtained":[{"floor":7,"key":"Bronze Scales"},{"floor":9,"key":"Dream Catcher"},{"floor":26,"key":"Bird Faced Urn"},{"floor":29,"key":"Tiny Chest"},{"floor":31,"key":"Bag of Preparation"},{"floor":37,"key":"Pocketwatch"},{"floor":43,"key":"Gremlin Horn"},{"floor":45,"key":"Vajra"}],"event_choices":[{"damage_healed":0,"gold_gain":0,"player_choice":"Donut","damage_taken":0,"max_hp_gain":5,"max_hp_loss":0,"event_name":"Big Fish","floor":4,"gold_loss":0},{"cards_removed":["Strike_B"],"damage_healed":0,"gold_gain":0,"player_choice":"Card Removal","damage_taken":7,"max_hp_gain":0,"max_hp_loss":0,"event_name":"Golden Wing","floor":5,"gold_loss":0},{"damage_healed":0,"gold_gain":0,"player_choice":"Ignored","damage_taken":0,"max_hp_gain":0,"max_hp_loss":0,"event_name":"Golden Idol","floor":14,"gold_loss":0},{"cards_removed":["Defend_B"],"damage_healed":0,"gold_gain":0,"player_choice":"Elegance","damage_taken":0,"max_hp_gain":0,"max_hp_loss":0,"event_name":"Back to Basics","floor":20,"gold_loss":0},{"cards_removed":["Defend_B"],"damage_healed":0,"gold_gain":0,"player_choice":"Gave Gold","damage_taken":0,"max_hp_gain":0,"max_hp_loss":0,"event_name":"Beggar","floor":30,"gold_loss":75},{"damage_healed":0,"gold_gain":0,"player_choice":"Fight","damage_taken":0,"max_hp_gain":0,"max_hp_loss":0,"event_name":"MindBloom","floor":37,"gold_loss":0},{"damage_healed":0,"gold_gain":0,"player_choice":"Paid","damage_taken":0,"relics_obtained":["Red Mask"],"max_hp_gain":0,"max_hp_loss":0,"event_name":"Tomb of Lord Red Mask","floor":39,"gold_loss":372},{"cards_removed":["Defend_B"],"damage_healed":0,"gold_gain":0,"player_choice":"Purged","damage_taken":0,"max_hp_gain":0,"max_hp_loss":0,"event_name":"Purifier","floor":41,"gold_loss":0}],"is_beta":false,"boss_relics":[{"not_picked":["Cursed Key","Snecko Eye"],"picked":"Lizard Tail"},{"not_picked":["Eternal Feather","Nuclear Battery"],"picked":"Runic Dome"}],"items_purged_floors":[3,13],"is_endless":false,"potions_floor_spawned":[7,11,12,16,21,27,29,31,36,38,47,48],"killed_by":"Time Eater","ascension_level":0}