{"gold_per_floor":[109,109,109,126,78,105,105,130,130,130,143,164,182,215,215,291,291,305,315,328,341,266,266,292,292,292,292,292,303,315,332,332,411,411,429,182,182,194,209,209,209,223,249,268,288,288],"floor_reached":46,"playtime":2080,"items_purged":["Strike_R","Strike_R"],"score":831,"play_id":"0e469cb6-3b66-456f-ac13-a99130fe2112","local_time":"20190630172649","is_ascension_mode":true,"campfire_choices":[{"data":"Immolate","floor":7,"key":"SMITH"},{"data":"Pommel Strike","floor":10,"key":"SMITH"},{"floor":15,"key":"REST"},{"floor":23,"key":"REST"},{"floor":25,"key":"REST"},{"floor":28,"key":"REST"},{"floor":32,"key":"REST"},{"floor":40,"key":"REST"}],"neow_cost":"NONE","seed_source_timestamp":151187245891975,"circlet_count":0,"master_deck":["AscendersBane","Strike_R","Strike_R","Defend_R","Defend_R","Defend_R","Defend_R","Bash+1","Infernal Blade","Cleave","Thunderclap","Immolate+1","Pommel Strike+1","Clothesline","Rampage","Battle Trance","Double Tap","Ghostly Armor","Demon Form","Shrug It Off","Whirlwind","Dropkick+1","Hemokinesis+1","True Grit","Inflame","Reaper","Headbutt+1","Spot Weakness","Madness","Madness","Bludgeon","Parasite"],"relics":["Burning Blood","NeowsBlessing","Ginger","Prayer Wheel","Bird Faced Urn","Odd Mushroom","Ancient Tea Set","Velvet Choker","Kunai","Ornamental Fan","Fusion Hammer","Whetstone","Pen Nib"],"potions_floor_usage":[19,44,45],"damage_taken":[{"damage":0,"enemies":"2 Louse","floor":1,"turns":1},{"damage":0,"enemies":"Jaw Worm","floor":4,"turns":1},{"damage":0,"enemies":"Gremlin Nob","floor":6,"turns":1},{"damage":20,"enemies":"3 Sentries","floor":8,"turns":3},{"damage":0,"enemies":"Cultist","floor":11,"turns":2},{"damage":15,"enemies":"The Mushroom Lair","floor":12,"turns":3},{"damage":13,"enemies":"Large Slime","floor":13,"turns":4},{"damage":35,"enemies":"Lagavulin","floor":14,"turns":4},{"damage":17,"enemies":"Slime Boss","floor":16,"turns":9},{"damage":6,"enemies":"Spheric Guardian","floor":18,"turns":3},{"damage":30,"enemies":"Shell Parasite","floor":19,"turns":7},{"damage":18,"enemies":"Snecko","floor":20,"turns":4},{"damage":33,"enemies":"Sentry and Sphere","floor":21,"turns":4},{"damage":15,"enemies":"Book of Stabbing","floor":24,"turns":4},{"damage":8,"enemies":"Chosen and Byrds","floor":29,"turns":3},{"damage":27,"enemies":"Shelled Parasite and Fungi","floor":30,"turns":4},{"damage":20,"enemies":"Snake Plant","floor":31,"turns":3},{"damage":39,"enemies":"Champ","floor":33,"turns":11},{"damage":8,"enemies":"3 Shapes","floor":35,"turns":1},{"damage":6,"enemies":"Orb Walker","floor":38,"turns":2},{"damage":27,"enemies":"Jaw Worm Horde","floor":39,"turns":3},{"damage":86,"enemies":"Writhing Mass","floor":42,"turns":7},{"damage":2,"enemies":"Transient","floor":44,"turns":5},{"damage":49,"enemies":"Sphere and 2 Shapes","floor":45,"turns":11},{"damage":53,"enemies":"Writhing Mass","floor":46,"turns":6}],"seed_played":"4494834779716401770","potions_obtained":[{"floor":8,"key":"Ancient Potion"},{"floor":13,"key":"GamblersBrew"},{"floor":16,"key":"BloodPotion"},{"floor":21,"key":"Ancient Potion"},{"floor":33,"key":"LiquidBronze"},{"floor":39,"key":"Swift Potion"},{"floor":44,"key":"GamblersBrew"},{"floor":45,"key":"LiquidBronze"}],"is_trial":false,"path_per_floor":["M","?","?","M","$","E","R","E","T","R","M","?","M","E","R","B",null,"M","M","M","M","$","R","E","R","T","?","R","M","M","M","R","B",null,"M","$","?","M","M","R","?","M","T","M","M","M"],"character_chosen":"IRONCLAD","items_purchased":["Thunderclap","Whetstone"],"campfire_rested":6,"item_purchase_floors":[5,36],"current_hp_per_floor":[74,74,79,80,80,80,80,66,66,66,72,63,56,27,51,40,70,70,54,42,17,17,41,32,56,56,41,66,64,45,33,58,29,71,69,69,69,83,64,85,74,12,12,23,10,0],"gold":288,"neow_bonus":"THREE_ENEMY_KILL","is_prod":false,"is_daily":false,"chose_seed":false,"campfire_upgraded":2,"win_rate":0,"timestamp":1561886809,"path_taken":["M","?","?","M","?","E","R","E","T","R","?","?","M","E","R","BOSS","M","M","M","M","$","R","E","R","T","?","R","M","M","M","R","BOSS","M","$","?","M","M","R","?","M","T","?","M","M"],"build_version":"2019-01-23","purchased_purges":2,"victory":false,"max_hp_per_floor":[75,75,80,80,80,80,80,80,80,80,80,80,80,80,80,80,80,80,80,80,80,80,80,80,80,80,85,85,85,85,85,85,85,85,85,85,85,85,85,85,85,85,85,85,85,85],"card_choices":[{"not_picked":["Havoc","Clothesline"],"picked":"Infernal Blade","floor":1},{"not_picked":["Metallicize","Heavy Blade"],"picked":"Cleave","floor":4},{"not_picked":["Cleave","Thunderclap"],"picked":"Immolate","floor":6},{"not_picked":["Shockwave","Thunderclap"],"picked":"Pommel Strike","floor":8},{"not_picked":["Wild Strike","Entrench"],"picked":"Clothesline","floor":11},{"not_picked":["Rupture","Intimidate","Rampage"],"picked":"SKIP","floor":11},{"not_picked":["Rupture","Intimidate"],"picked":"Rampage","floor":11},{"not_picked":["Clash","Dual Wield"],"picked":"Battle Trance","floor":12},{"not_picked":["Flex","Thunderclap"],"picked":"Double Tap","floor":13},{"not_picked":["Clothesline","Clash","Carnage"],"picked":"SKIP","floor":13},{"not_picked":["Cleave","Pommel Strike"],"picked":"Ghostly Armor","floor":14},{"not_picked":["Brutality","Double Tap"],"picked":"Demon Form","floor":16},{"not_picked":["Searing Blow+1","Clothesline"],"picked":"Shrug It Off","floor":18},{"not_picked":["Metallicize","Thunderclap","Wild Strike"],"picked":"SKIP","floor":18},{"not_picked":["Pommel Strike","Infernal Blade"],"picked":"Whirlwind","floor":19},{"not_picked":["Warcry","Perfected Strike","Anger+1"],"picked":"SKIP","floor":19},{"not_picked":["Dark Embrace","Perfected Strike"],"picked":"Dropkick","floor":20},{"not_picked":["Armaments","Fire Breathing","Warcry"],"picked":"SKIP","floor":20},{"not_picked":["Clothesline","Clash","Rampage"],"picked":"SKIP","floor":21},{"not_picked":["Clash","Fire Breathing","Pommel Strike"],"picked":"SKIP","floor":21},{"not_picked":["Rampage","Searing Blow","Sword Boomerang"],"picked":"SKIP","floor":24},{"not_picked":["Limit Break","Clothesline"],"picked":"Hemokinesis+1","floor":29},{"not_picked":["Havoc","Anger"],"picked":"True Grit","floor":29},{"not_picked":["Anger","Armaments"],"picked":"Inflame","floor":30},{"not_picked":["Pummel+1","Warcry","Sword Boomerang"],"picked":"SKIP","floor":30},{"not_picked":["Clash","Warcry","Pommel Strike"],"picked":"SKIP","floor":31},{"not_picked":["Flex","Bloodletting","Barricade"],"picked":"SKIP","floor":31},{"not_picked":["Offering","Double Tap"],"picked":"Reaper","floor":33},{"not_picked":["Perfected Strike+1","Sword Boomerang+1"],"picked":"Headbutt","floor":35},{"not_picked":["Bloodletting","Intimidate","Body Slam"],"picked":"SKIP","floor":35},{"not_picked":["Havoc","Clash","Body Slam"],"picked":"SKIP","floor":38},{"not_picked":["Shockwave","Perfected Strike","Entrench"],"picked":"SKIP","floor":38},{"not_picked":["Dark Embrace","Metallicize"],"picked":"Spot Weakness","floor":39},{"not_picked":["Dual Wield","Hemokinesis+1","Blood for Blood"],"picked":"SKIP","floor":39},{"not_picked":["Perfected Strike","Twin Strike","Shrug It Off"],"picked":"SKIP","floor":42},{"not_picked":["Reckless Charge","Wild Strike","Pommel Strike+1"],"picked":"SKIP","floor":42},{"not_picked":["Battle Trance","Sever Soul"],"picked":"Bludgeon","floor":44},{"not_picked":["Inflame","Cleave","Armaments"],"picked":"SKIP","floor":44},{"not_picked":["Sentinel","True Grit","Perfected Strike"],"picked":"SKIP","floor":45},{"not_picked":["Havoc+1","Hemokinesis","Battle Trance+1"],"picked":"SKIP","floor":45}],"player_experience":816918,"relics_obtained":[{"floor":6,"key":"Ginger"},{"floor":8,"key":"Prayer Wheel"},{"floor":9,"key":"Bird Faced Urn"},{"floor":12,"key":"Odd Mushroom"},{"floor":14,"key":"Ancient Tea Set"},{"floor":24,"key":"Kunai"},{"floor":26,"key":"Ornamental Fan"},{"floor":43,"key":"Pen Nib"}],"event_choices":[{"damage_healed":0,"gold_gain":0,"player_choice":"Grow","damage_taken":0,"max_hp_gain":0,"max_hp_loss":0,"event_name":"Living Wall","floor":2,"gold_loss":0,"cards_upgraded":["Bash"]},{"damage_healed":0,"gold_gain":0,"player_choice":"Donut","damage_taken":0,"max_hp_gain":5,"max_hp_loss":0,"event_name":"Big Fish","floor":3,"gold_loss":0},{"damage_healed":0,"gold_gain":0,"player_choice":"Fought Mushrooms","damage_taken":0,"max_hp_gain":0,"max_hp_loss":0,"event_name":"Mushrooms","floor":12,"gold_loss":0},{"damage_healed":0,"gold_gain":0,"player_choice":"Shed Blood","damage_taken":20,"max_hp_gain":5,"max_hp_loss":0,"event_name":"Forgotten Altar","floor":27,"gold_loss":0},{"cards_removed":["Strike_R"],"damage_healed":0,"gold_gain":0,"player_choice":"Removed Attack","damage_taken":0,"max_hp_gain":0,"max_hp_loss":0,"event_name":"Falling","floor":37,"gold_loss":0},{"damage_healed":0,"gold_gain":0,"player_choice":"Embrace Madness","damage_taken":11,"max_hp_gain":0,"max_hp_loss":0,"event_name":"Winding Halls","floor":41,"gold_loss":0,"cards_obtained":["Madness","Madness"]}],"is_beta":false,"boss_relics":[{"not_picked":["Busted Crown","Coffee Dripper"],"picked":"Velvet Choker"},{"not_picked":["Eternal Feather","Philosopher\u0027s Stone"],"picked":"Fusion Hammer"}],"items_purged_floors":[22,36],"is_endless":false,"potions_floor_spawned":[8,13,14,16,21,30,31,33,39,44,45],"killed_by":"Writhing Mass","ascension_level":14}