{"gold_per_floor":[112,112,112,131,146,146,181,181,181,195,225,1,17,46,46,46],"floor_reached":16,"playtime":691,"items_purged":["Shame"],"score":174,"play_id":"7265b9cb-7508-417e-97d8-821b9866d525","local_time":"20190324050406","is_ascension_mode":true,"campfire_choices":[{"data":"Body Slam","floor":6,"key":"SMITH"},{"data":"Uppercut","floor":8,"key":"SMITH"},{"data":"Metallicize","floor":15,"key":"SMITH"}],"neow_cost":"CURSE","seed_source_timestamp":272567758039905,"circlet_count":0,"master_deck":["Strike_R","Strike_R","Strike_R","Defend_R","Defend_R","Defend_R","Bash","Body Slam+1","Metallicize+1","Combust","Sword Boomerang","Uppercut+1","Iron Wave","Cleave","Body Slam","Combust"],"relics":["Burning Blood","Meat on the Bone","Pantograph","Dodecahedron","Oddly Smooth Stone","Bottled Flame"],"potions_floor_usage":[11],"damage_taken":[{"damage":6,"enemies":"Jaw Worm","floor":1,"turns":4},{"damage":3,"enemies":"Cultist","floor":4,"turns":3},{"damage":15,"enemies":"Small Slimes","floor":5,"turns":4},{"damage":26,"enemies":"3 Sentries","floor":7,"turns":7},{"damage":28,"enemies":"Exordium Thugs","floor":10,"turns":4},{"damage":21,"enemies":"Lagavulin","floor":11,"turns":6},{"damage":7,"enemies":"3 Louse","floor":13,"turns":3},{"damage":39,"enemies":"3 Sentries","floor":14,"turns":9},{"damage":53,"enemies":"Hexaghost","floor":16,"turns":10}],"seed_played":"1191383780848535431","potions_obtained":[{"floor":1,"key":"GamblersBrew"},{"floor":10,"key":"SteroidPotion"},{"floor":14,"key":"GamblersBrew"}],"is_trial":false,"path_per_floor":["M","?","?","M","M","R","E","R","T","M","E","$","M","E","R","B"],"character_chosen":"IRONCLAD","items_purchased":["Oddly Smooth Stone"],"campfire_rested":0,"item_purchase_floors":[12],"current_hp_per_floor":[72,77,77,80,71,71,51,51,51,41,38,38,49,28,28,0],"gold":46,"neow_bonus":"TRANSFORM_TWO_CARDS","is_prod":false,"is_daily":false,"chose_seed":false,"campfire_upgraded":3,"win_rate":0,"timestamp":1553400246,"path_taken":["M","?","?","M","M","R","E","R","T","?","E","$","M","E","R","BOSS"],"build_version":"2019-01-23","purchased_purges":1,"victory":false,"max_hp_per_floor":[80,85,85,85,85,85,85,85,85,85,85,85,85,85,85,85],"card_choices":[{"not_picked":["True Grit","Rage","Flex"],"picked":"SKIP","floor":1},{"not_picked":["Heavy Blade","Havoc","Anger"],"picked":"SKIP","floor":4},{"not_picked":["Intimidate","Armaments"],"picked":"Sword Boomerang","floor":5},{"not_picked":["Fiend Fire","Heavy Blade"],"picked":"Uppercut","floor":7},{"not_picked":["Headbutt","Heavy Blade"],"picked":"Iron Wave","floor":10},{"not_picked":["Wild Strike","Headbutt"],"picked":"Cleave","floor":11},{"not_picked":["Heavy Blade","True Grit"],"picked":"Body Slam","floor":13},{"not_picked":["Clothesline","Sword Boomerang"],"picked":"Combust","floor":14}],"player_experience":145199,"relics_obtained":[{"floor":7,"key":"Meat on the Bone"},{"floor":9,"key":"Pantograph"},{"floor":11,"key":"Dodecahedron"},{"floor":14,"key":"Bottled Flame"}],"event_choices":[{"damage_healed":0,"gold_gain":0,"player_choice":"Donut","damage_taken":0,"max_hp_gain":5,"max_hp_loss":0,"event_name":"Big Fish","floor":2,"gold_loss":0},{"damage_healed":0,"gold_gain":0,"cards_transformed":["Strike_R"],"player_choice":"Transformed","damage_taken":0,"max_hp_gain":0,"max_hp_loss":0,"event_name":"Transmorgrifier","floor":3,"gold_loss":0,"cards_obtained":["Combust"]}],"is_beta":false,"boss_relics":[],"items_purged_floors":[12],"is_endless":false,"potions_floor_spawned":[1,10,14],"killed_by":"Hexaghost","ascension_level":9}