{"gold_per_floor":[115,135,135,65,82,82,102,129,129,129,156,216,216,24,24,126,126,142,161,175,193,206,206,223,223,223,251,251,53,53,83,83,188,188,204,3,22,41,53,53,83,83,83,83],"floor_reached":44,"playtime":2235,"items_purged":[],"score":820,"play_id":"f36d6cb5-7153-4ac8-8a85-0a1828cc7893","local_time":"20190505231257","is_ascension_mode":true,"campfire_choices":[{"data":"Sunder","floor":6,"key":"SMITH"},{"data":"Zap","floor":10,"key":"SMITH"},{"floor":15,"key":"REST"},{"data":"Buffer","floor":23,"key":"SMITH"},{"floor":25,"key":"REST"},{"data":"Defragment","floor":28,"key":"SMITH"},{"floor":32,"key":"REST"},{"data":"Thunder Strike","floor":40,"key":"SMITH"},{"floor":42,"key":"REST"}],"neow_cost":"NONE","seed_source_timestamp":1598935576160206,"circlet_count":0,"master_deck":["AscendersBane","Strike_B","Strike_B","Strike_B","Defend_B","Defend_B+1","Defend_B","Zap+1","Dualcast","Capacitor","Ball Lightning","Sunder+1","Glacier","Beam Cell","Conserve Battery","Auto Shields+1","Defragment+1","PanicButton","Reinforced Body","Buffer+1","Barrage","Loop+1","Hologram","Storm+1","Force Field+1","Thunder Strike+1","Defragment+1","Coolheaded+1"],"relics":["Cracked Core","Ancient Tea Set","Bottled Lightning","Kunai","War Paint","Blood Vial","Black Star","Frozen Egg 2","Anchor","Pantograph","MealTicket","Strawberry","Mango","Runic Dome","Chemical X","Shuriken","Lantern","Question Card"],"potions_floor_usage":[8,11,16,22,27,31,44],"damage_taken":[{"damage":1,"enemies":"Cultist","floor":1,"turns":4},{"damage":2,"enemies":"Jaw Worm","floor":2,"turns":3},{"damage":0,"enemies":"Small Slimes","floor":5,"turns":3},{"damage":10,"enemies":"Gremlin Gang","floor":7,"turns":5},{"damage":16,"enemies":"Gremlin Nob","floor":8,"turns":3},{"damage":5,"enemies":"3 Sentries","floor":11,"turns":4},{"damage":18,"enemies":"Gremlin Nob","floor":12,"turns":3},{"damage":28,"enemies":"Slime Boss","floor":16,"turns":11},{"damage":0,"enemies":"Chosen","floor":18,"turns":5},{"damage":0,"enemies":"2 Thieves","floor":19,"turns":3},{"damage":12,"enemies":"Snake Plant","floor":20,"turns":6},{"damage":21,"enemies":"Sentry and Sphere","floor":21,"turns":8},{"damage":15,"enemies":"Cultist and Chosen","floor":22,"turns":6},{"damage":11,"enemies":"3 Cultists","floor":24,"turns":7},{"damage":0,"enemies":"Gremlin Leader","floor":27,"turns":6},{"damage":33,"enemies":"Slavers","floor":31,"turns":6},{"damage":34,"enemies":"Automaton","floor":33,"turns":11},{"damage":21,"enemies":"3 Shapes","floor":35,"turns":4},{"damage":14,"enemies":"3 Darklings","floor":37,"turns":4},{"damage":8,"enemies":"Maw","floor":38,"turns":8},{"damage":20,"enemies":"Sphere and 2 Shapes","floor":39,"turns":4},{"damage":67,"enemies":"Nemesis","floor":41,"turns":7},{"damage":46,"enemies":"Reptomancer","floor":44,"turns":4}],"seed_played":"-4233747376457969347","potions_obtained":[{"floor":1,"key":"SkillPotion"},{"floor":8,"key":"Swift Potion"},{"floor":12,"key":"PowerPotion"},{"floor":19,"key":"Fire Potion"},{"floor":20,"key":"PowerPotion"},{"floor":24,"key":"Strength Potion"},{"floor":33,"key":"FairyPotion"},{"floor":37,"key":"LiquidBronze"},{"floor":41,"key":"Explosive Potion"}],"is_trial":false,"path_per_floor":["M","M","?","$","M","R","M","E","T","R","E","?","?","$","R","B",null,"M","M","M","M","M","R","M","R","T","E","R","$","$","E","R","B",null,"M","$","M","M","M","R","E","R","T","E"],"character_chosen":"DEFECT","items_purchased":["Sunder","Blood Vial","Reinforced Body","MealTicket","Chemical X"],"campfire_rested":4,"item_purchase_floors":[4,14,14,29,36],"current_hp_per_floor":[67,65,65,65,65,65,55,39,39,39,34,16,16,16,38,12,59,61,63,53,34,21,21,12,34,34,36,36,36,51,41,69,62,88,69,84,72,66,48,48,2,30,30,0],"gold":83,"neow_bonus":"REMOVE_CARD","is_prod":false,"is_daily":false,"chose_seed":false,"campfire_upgraded":5,"win_rate":0,"timestamp":1557090777,"path_taken":["M","M","?","$","?","R","M","E","T","R","E","?","?","$","R","BOSS","M","?","M","M","?","R","M","R","T","E","R","?","$","E","R","BOSS","M","$","M","M","M","R","E","R","T","E"],"build_version":"2019-01-23","purchased_purges":0,"victory":false,"max_hp_per_floor":[75,75,75,75,75,75,75,75,75,75,75,75,75,75,75,75,75,75,75,75,75,75,75,75,75,75,75,75,75,75,96,96,96,96,96,96,96,96,96,96,96,96,96,96],"card_choices":[{"not_picked":["Scrape","Heatsinks"],"picked":"Capacitor","floor":1},{"not_picked":["Sweeping Beam","Static Discharge"],"picked":"Ball Lightning","floor":2},{"not_picked":["Consume","Leap"],"picked":"Glacier","floor":5},{"not_picked":["Consume","Turbo"],"picked":"Beam Cell","floor":7},{"not_picked":["Streamline","Rip and Tear","Leap"],"picked":"SKIP","floor":8},{"not_picked":["White Noise","Sunder"],"picked":"Conserve Battery","floor":11},{"not_picked":["Recycle","Hologram"],"picked":"Auto Shields","floor":12},{"not_picked":["Seek","Creative AI"],"picked":"Buffer","floor":16},{"not_picked":["Gash","Capacitor"],"picked":"Barrage","floor":18},{"not_picked":["Leap+1","Genetic Algorithm+1","Redo"],"picked":"SKIP","floor":19},{"not_picked":["Go for the Eyes","Self Repair"],"picked":"Loop+1","floor":20},{"not_picked":["Compile Driver","Streamline"],"picked":"Hologram","floor":21},{"not_picked":["Ball Lightning","Compile Driver","Steam"],"picked":"SKIP","floor":22},{"not_picked":["Blizzard","Streamline","Steam+1"],"picked":"SKIP","floor":24},{"not_picked":["Self Repair+1","Reinforced Body+1"],"picked":"Storm+1","floor":27},{"not_picked":["FTL","Coolheaded"],"picked":"Force Field+1","floor":31},{"not_picked":["Hyperbeam","Reboot"],"picked":"Thunder Strike","floor":33},{"not_picked":["Turbo+1","Genetic Algorithm+1"],"picked":"Defragment+1","floor":35},{"not_picked":["Genetic Algorithm","Stack","Hello World+1"],"picked":"SKIP","floor":37},{"not_picked":["Cold Snap+1","Streamline+1","Sweeping Beam"],"picked":"SKIP","floor":38},{"not_picked":["Compile Driver","Genetic Algorithm"],"picked":"Coolheaded+1","floor":39},{"not_picked":["Sunder+1","Coolheaded","Static Discharge+1"],"picked":"SKIP","floor":41}],"player_experience":249278,"relics_obtained":[{"floor":8,"key":"Ancient Tea Set"},{"floor":9,"key":"Bottled Lightning"},{"floor":11,"key":"Kunai"},{"floor":12,"key":"War Paint"},{"floor":26,"key":"Frozen Egg 2"},{"floor":27,"key":"Anchor"},{"floor":27,"key":"Pantograph"},{"floor":31,"key":"Strawberry"},{"floor":31,"key":"Mango"},{"floor":41,"key":"Shuriken"},{"floor":41,"key":"Lantern"},{"floor":43,"key":"Question Card"}],"event_choices":[{"cards_removed":["Defend_B"],"damage_healed":0,"gold_gain":0,"player_choice":"Offered Basic","damage_taken":0,"max_hp_gain":0,"max_hp_loss":0,"event_name":"Bonfire Elementals","floor":3,"gold_loss":0},{"damage_healed":0,"gold_gain":0,"player_choice":"Searched \u00271\u0027 times","damage_taken":0,"max_hp_gain":0,"max_hp_loss":0,"event_name":"Dead Adventurer","floor":12,"gold_loss":0},{"damage_healed":0,"gold_gain":0,"player_choice":"2 cards matched","damage_taken":0,"max_hp_gain":0,"max_hp_loss":0,"event_name":"Match and Keep!","floor":13,"gold_loss":0,"cards_obtained":["Defragment","PanicButton"]}],"is_beta":false,"boss_relics":[{"not_picked":["Tiny House","White Beast Statue"],"picked":"Black Star"},{"not_picked":["Nuclear Battery","Pandora\u0027s Box"],"picked":"Runic Dome"}],"items_purged_floors":[],"is_endless":false,"potions_floor_spawned":[1,8,12,19,20,24,33,37,41],"killed_by":"Reptomancer","ascension_level":11}