{"gold_per_floor":[110,122,297,46,46,117,117,172,197,232,312,17,52,52,52,197,197,260,87,112,135,199,199],"floor_reached":23,"playtime":1121,"items_purged":["Doubt","Injury"],"score":282,"play_id":"9348c222-250e-4b44-8d3f-b6e5fea3c8a9","local_time":"20190523193646","is_ascension_mode":true,"campfire_choices":[{"floor":7,"key":"REST"},{"data":"Zap","floor":15,"key":"SMITH"}],"neow_cost":"PERCENT_DAMAGE","seed_source_timestamp":532346249362100,"circlet_count":0,"master_deck":["Strike_B","Strike_B+1","Strike_B","Strike_B","Defend_B","Defend_B","Defend_B","Zap+1","Dualcast","Leap","Leap","HandOfGreed","Go for the Eyes+1","Cold Snap","Stack+1","Cold Snap","Rebound+1","Loop","Hyperbeam+1","Sweeping Beam+1","Defragment","Ball Lightning+1","Doom and Gloom+1"],"relics":["Cracked Core","Torii","Orichalcum","Toxic Egg 2","Whetstone","Tiny Chest","Molten Egg 2","Golden Idol","Black Star","Red Mask"],"potions_floor_usage":[11,13,18,23],"damage_taken":[{"damage":1,"enemies":"2 Louse","floor":1,"turns":3},{"damage":0,"enemies":"Small Slimes","floor":2,"turns":3},{"damage":24,"enemies":"3 Sentries","floor":6,"turns":7},{"damage":2,"enemies":"Gremlin Nob","floor":8,"turns":4},{"damage":1,"enemies":"Jaw Worm","floor":10,"turns":2},{"damage":2,"enemies":"Lagavulin","floor":11,"turns":8},{"damage":0,"enemies":"Looter","floor":13,"turns":2},{"damage":13,"enemies":"Hexaghost","floor":16,"turns":13},{"damage":12,"enemies":"3 Byrds","floor":18,"turns":6},{"damage":1,"enemies":"Chosen","floor":20,"turns":4},{"damage":14,"enemies":"Sentry and Sphere","floor":21,"turns":8},{"damage":28,"enemies":"Masked Bandits","floor":22,"turns":4},{"damage":31,"enemies":"Gremlin Leader","floor":23,"turns":4}],"seed_played":"-573868737305300544","potions_obtained":[{"floor":2,"key":"SpeedPotion"},{"floor":11,"key":"Explosive Potion"},{"floor":13,"key":"Regen Potion"},{"floor":18,"key":"SteroidPotion"},{"floor":22,"key":"Explosive Potion"}],"is_trial":false,"path_per_floor":["M","M","?","$","?","E","R","E","T","M","E","$","M","?","R","B",null,"M","$","M","M","?","E"],"character_chosen":"DEFECT","items_purchased":["HandOfGreed","Molten Egg 2","Rebound+1","Defragment"],"campfire_rested":1,"item_purchase_floors":[4,12,12,19],"current_hp_per_floor":[49,49,49,49,42,18,40,38,38,37,35,35,35,35,35,22,62,65,65,64,50,22,0],"gold":199,"neow_bonus":"ONE_RARE_RELIC","is_prod":false,"is_daily":false,"chose_seed":false,"campfire_upgraded":1,"win_rate":0,"timestamp":1558665406,"path_taken":["M","M","?","$","?","E","R","E","T","M","E","$","M","?","R","BOSS","M","$","M","M","?","E"],"build_version":"2019-01-23","purchased_purges":2,"victory":false,"max_hp_per_floor":[75,75,75,75,75,75,75,75,75,75,75,75,75,75,75,75,75,75,75,75,75,75,75],"card_choices":[{"not_picked":["Turbo","Skim"],"picked":"Leap","floor":1},{"not_picked":["Rebound","Beam Cell"],"picked":"Leap","floor":2},{"not_picked":["Streamline","Beam Cell"],"picked":"Go for the Eyes","floor":6},{"not_picked":["Conserve Battery","Auto Shields"],"picked":"Cold Snap","floor":8},{"not_picked":["FTL","Sweeping Beam"],"picked":"Stack+1","floor":10},{"not_picked":["Beam Cell","Double Energy+1"],"picked":"Cold Snap","floor":11},{"not_picked":["Turbo+1","Force Field+1"],"picked":"Loop","floor":13},{"not_picked":["Rainbow+1","Thunder Strike+1"],"picked":"Hyperbeam+1","floor":16},{"not_picked":["Go for the Eyes+1","Barrage+1"],"picked":"Sweeping Beam+1","floor":18},{"not_picked":["Storm","Static Discharge","Hello World"],"picked":"SKIP","floor":20},{"not_picked":["Steam+1","Leap+1"],"picked":"Ball Lightning+1","floor":21},{"not_picked":["Reinforced Body+1","BootSequence+1"],"picked":"Doom and Gloom+1","floor":22}],"player_experience":341046,"relics_obtained":[{"floor":6,"key":"Orichalcum"},{"floor":8,"key":"Toxic Egg 2"},{"floor":9,"key":"Whetstone"},{"floor":11,"key":"Tiny Chest"},{"floor":22,"key":"Red Mask"}],"event_choices":[{"damage_healed":0,"gold_gain":175,"player_choice":"AGREE","damage_taken":0,"max_hp_gain":0,"max_hp_loss":0,"event_name":"Liars Game","floor":3,"gold_loss":0,"cards_obtained":["Doubt"]},{"cards_removed":["Defend_B"],"damage_healed":0,"gold_gain":0,"player_choice":"Card Removal","damage_taken":7,"max_hp_gain":0,"max_hp_loss":0,"event_name":"Golden Wing","floor":5,"gold_loss":0},{"damage_healed":0,"gold_gain":0,"player_choice":"Take Wound","damage_taken":0,"relics_obtained":["Golden Idol"],"max_hp_gain":0,"max_hp_loss":0,"event_name":"Golden Idol","floor":14,"gold_loss":0,"cards_obtained":["Injury"]},{"damage_healed":0,"gold_gain":0,"player_choice":"Fought Bandits","damage_taken":0,"max_hp_gain":0,"max_hp_loss":0,"event_name":"Masked Bandits","floor":22,"gold_loss":0}],"is_beta":false,"boss_relics":[{"not_picked":["Velvet Choker","Sozu"],"picked":"Black Star"}],"items_purged_floors":[4,19],"is_endless":false,"potions_floor_spawned":[2,11,13,18,22],"killed_by":"Gremlin Leader","ascension_level":7}