{"gold_per_floor":[11,27,50,67,67,67,98,98,123,137,168,179,68,87,87,183,183,202,402,22,34,34,34],"floor_reached":23,"playtime":10341,"items_purged":["Strike_R","Strike_R"],"score":226,"play_id":"50177d47-f4da-49d2-b8eb-6424ddc6b809","local_time":"20190425215310","is_ascension_mode":false,"campfire_choices":[{"data":"Thunderclap","floor":6,"key":"SMITH"},{"data":"Seeing Red","floor":15,"key":"SMITH"}],"neow_cost":"NO_GOLD","seed_source_timestamp":1111257621789050,"circlet_count":0,"master_deck":["Strike_R","Defend_R+1","Defend_R","Defend_R","Defend_R","Bash","Flex+1","Second Wind","Metallicize","Thunderclap+1","Rage","Heavy Blade","Spot Weakness","Heavy Blade","Feel No Pain","Seeing Red+1","Flex","Brutality","The Bomb","Seeing Red","Writhe"],"relics":["Burning Blood","Juzu Bracelet","PreservedInsect","Red Skull","Dream Catcher","Bag of Marbles","Black Star","Membership Card","Orichalcum"],"potions_floor_usage":[11,16,16,16,23],"damage_taken":[{"damage":5,"enemies":"Cultist","floor":1,"turns":6},{"damage":7,"enemies":"2 Louse","floor":2,"turns":2},{"damage":0,"enemies":"Jaw Worm","floor":4,"turns":4},{"damage":34,"enemies":"Lagavulin","floor":7,"turns":8},{"damage":8,"enemies":"Red Slaver","floor":10,"turns":2},{"damage":6,"enemies":"Gremlin Nob","floor":11,"turns":2},{"damage":0,"enemies":"Exordium Wildlife","floor":12,"turns":3},{"damage":0,"enemies":"Looter","floor":14,"turns":1},{"damage":8,"enemies":"Slime Boss","floor":16,"turns":6},{"damage":45,"enemies":"Chosen","floor":18,"turns":10},{"damage":9,"enemies":"Shell Parasite","floor":21,"turns":4},{"damage":43,"enemies":"Slavers","floor":23,"turns":4}],"seed_played":"-7844468093455924289","potions_obtained":[{"floor":1,"key":"Weak Potion"},{"floor":2,"key":"SkillPotion"},{"floor":7,"key":"SkillPotion"},{"floor":10,"key":"SteroidPotion"},{"floor":12,"key":"FearPotion"},{"floor":21,"key":"Poison Potion"}],"is_trial":false,"path_per_floor":["M","M","T","M","?","R","E","?","T","M","E","M","$","M","R","B",null,"M","?","$","M","?","E"],"character_chosen":"IRONCLAD","items_purchased":["Seeing Red","Membership Card","The Bomb"],"campfire_rested":0,"item_purchase_floors":[13,20,20],"current_hp_per_floor":[80,79,79,80,73,73,45,29,29,27,27,33,33,39,39,37,80,41,41,41,38,38,0],"gold":34,"neow_bonus":"TRANSFORM_TWO_CARDS","is_prod":false,"is_daily":false,"chose_seed":false,"campfire_upgraded":2,"win_rate":0.0,"timestamp":1556243590,"path_taken":["M","M","?","M","?","R","E","?","T","M","E","M","$","M","R","BOSS","M","?","$","M","?","E"],"build_version":"2019-01-23","purchased_purges":2,"victory":false,"max_hp_per_floor":[80,80,80,80,80,80,80,80,80,80,80,80,80,80,80,80,80,80,80,80,80,80,80],"card_choices":[{"not_picked":["Cleave","Clothesline"],"picked":"Metallicize","floor":1},{"not_picked":["Reckless Charge","Twin Strike"],"picked":"Thunderclap","floor":2},{"not_picked":["Carnage","Armaments"],"picked":"Rage","floor":4},{"not_picked":["Offering","True Grit"],"picked":"Heavy Blade","floor":7},{"not_picked":["Burning Pact","Headbutt"],"picked":"Spot Weakness","floor":10},{"not_picked":["Twin Strike","Demon Form"],"picked":"Heavy Blade","floor":11},{"not_picked":["Headbutt","Metallicize"],"picked":"Feel No Pain","floor":12},{"not_picked":["Twin Strike","True Grit"],"picked":"Flex","floor":14},{"not_picked":["Reaper","Berserk"],"picked":"Brutality","floor":16},{"not_picked":["Thunderclap","Disarm","Clothesline"],"picked":"SKIP","floor":18},{"not_picked":["Body Slam","Heavy Blade"],"picked":"Seeing Red","floor":21}],"player_experience":41228,"relics_obtained":[{"floor":3,"key":"Juzu Bracelet"},{"floor":7,"key":"Red Skull"},{"floor":9,"key":"Dream Catcher"},{"floor":11,"key":"Bag of Marbles"}],"event_choices":[{"damage_healed":0,"gold_gain":0,"player_choice":"Success","damage_taken":7,"relics_obtained":["PreservedInsect"],"max_hp_gain":0,"max_hp_loss":0,"event_name":"Scrap Ooze","floor":5,"gold_loss":0},{"damage_healed":0,"gold_gain":0,"player_choice":"Entered Light","damage_taken":16,"max_hp_gain":0,"max_hp_loss":0,"event_name":"Shining Light","floor":8,"gold_loss":0,"cards_upgraded":["Defend_R","Flex"]},{"damage_healed":0,"gold_gain":250,"player_choice":"Bet on Owner","damage_taken":0,"max_hp_gain":0,"max_hp_loss":0,"event_name":"The Joust","floor":19,"gold_loss":50},{"damage_healed":0,"gold_gain":0,"player_choice":"Opened","damage_taken":0,"relics_obtained":["Orichalcum"],"max_hp_gain":0,"max_hp_loss":0,"event_name":"The Mausoleum","floor":22,"gold_loss":0,"cards_obtained":["Writhe"]}],"is_beta":false,"boss_relics":[{"not_picked":["Orrery","Fusion Hammer"],"picked":"Black Star"}],"items_purged_floors":[13,20],"is_endless":false,"potions_floor_spawned":[1,2,7,10,12,21],"killed_by":"Slavers","ascension_level":0}