{"gold_per_floor":[16,26,41,56,73,106,106,106,182,196,226,226,238,238,238,333,333,343,363,64,64,83,112,112,137,162,162,178,178,178,211,211,307,307,322,322,336,350,250,250,284,302,302,331,70,70,84,114,114,114,114,114,12,40,40],"floor_reached":55,"playtime":3121,"items_purged":["Strike_B","Defend_B","Strike_B","Defend_B+1"],"score":1251,"play_id":"6e6a8e9a-34f3-4bfa-87f2-8c9bec546901","local_time":"20190327002233","is_ascension_mode":true,"campfire_choices":[{"data":"Defragment","floor":7.0,"key":"SMITH"},{"data":"Loop","floor":12.0,"key":"SMITH"},{"floor":15.0,"key":"REST"},{"data":"Blizzard","floor":24.0,"key":"SMITH"},{"data":"Defragment","floor":27.0,"key":"SMITH"},{"data":"Coolheaded","floor":30.0,"key":"SMITH"},{"floor":32.0,"key":"REST"},{"data":"Blizzard","floor":40.0,"key":"SMITH"},{"floor":49.0,"key":"RECALL"},{"data":"Defragment","floor":52.0,"key":"SMITH"}],"neow_cost":"NO_GOLD","seed_source_timestamp":31868513865831,"circlet_count":0,"master_deck":["Strike_B","Dualcast+1","Chill","Loop+1","Chill","Barrage+1","White Noise","Defragment+1","Coolheaded+1","White Noise","Core Surge","Coolheaded+1","Cold Snap","Blizzard+1","Conserve Battery","Defragment+1","Leap","White Noise+1","Blizzard+1","Secret Technique+1","Coolheaded+1","Go for the Eyes+1","Defragment+1"],"special_seed":0,"relics":["Cracked Core","Bottled Flame","Mummified Hand","Du-Vu Doll","Dream Catcher","White Beast Statue","Happy Flower","Torii","Art of War","War Paint","Toxic Egg 2","Busted Crown","Oddly Smooth Stone","Smiling Mask","Anchor","Bag of Preparation","Blood Vial"],"potions_floor_usage":[55,55,55],"damage_taken":[{"damage":1.0,"enemies":"Cultist","floor":1.0,"turns":3.0},{"damage":0.0,"enemies":"Small Slimes","floor":2.0,"turns":2.0},{"damage":3.0,"enemies":"2 Louse","floor":3.0,"turns":3.0},{"damage":1.0,"enemies":"Exordium Thugs","floor":4.0,"turns":5.0},{"damage":0.0,"enemies":"Blue Slaver","floor":5.0,"turns":3.0},{"damage":11.0,"enemies":"Lagavulin","floor":6.0,"turns":5.0},{"damage":3.0,"enemies":"Looter","floor":10.0,"turns":3.0},{"damage":16.0,"enemies":"Gremlin Nob","floor":11.0,"turns":3.0},{"damage":8.0,"enemies":"Exordium Wildlife","floor":13.0,"turns":4.0},{"damage":1.0,"enemies":"The Guardian","floor":16.0,"turns":9.0},{"damage":10.0,"enemies":"Chosen","floor":18.0,"turns":4.0},{"damage":0.0,"enemies":"Spheric Guardian","floor":19.0,"turns":6.0},{"damage":4.0,"enemies":"Chosen and Byrds","floor":22.0,"turns":3.0},{"damage":11.0,"enemies":"Slavers","floor":23.0,"turns":4.0},{"damage":10.0,"enemies":"Gremlin Leader","floor":25.0,"turns":6.0},{"damage":0.0,"enemies":"Snecko","floor":28.0,"turns":5.0},{"damage":28.0,"enemies":"Slavers","floor":31.0,"turns":5.0},{"damage":0.0,"enemies":"Collector","floor":33.0,"turns":8.0},{"damage":0.0,"enemies":"3 Darklings","floor":35.0,"turns":5.0},{"damage":0.0,"enemies":"Orb Walker","floor":37.0,"turns":4.0},{"damage":1.0,"enemies":"Spire Growth","floor":38.0,"turns":7.0},{"damage":0.0,"enemies":"Giant Head","floor":41.0,"turns":9.0},{"damage":0.0,"enemies":"3 Darklings","floor":42.0,"turns":3.0},{"damage":13.0,"enemies":"Nemesis","floor":44.0,"turns":8.0},{"damage":0.0,"enemies":"Sphere and 2 Shapes","floor":47.0,"turns":3.0},{"damage":0.0,"enemies":"Reptomancer","floor":48.0,"turns":5.0},{"damage":0.0,"enemies":"Time Eater","floor":50.0,"turns":13.0},{"damage":7.0,"enemies":"Shield and Spear","floor":54.0,"turns":6.0},{"damage":74,"enemies":"The Heart","floor":55,"turns":5}],"seed_played":"-2329656902931926458","potions_obtained":[{"floor":1.0,"key":"Weak Potion"},{"floor":6.0,"key":"SneckoOil"},{"floor":10.0,"key":"SteroidPotion"},{"floor":13.0,"key":"Poison Potion"},{"floor":18.0,"key":"Explosive Potion"},{"floor":19.0,"key":"PowerPotion"},{"floor":22.0,"key":"Dexterity Potion"},{"floor":23.0,"key":"Swift Potion"},{"floor":25.0,"key":"LiquidBronze"},{"floor":28.0,"key":"Weak Potion"},{"floor":31.0,"key":"SkillPotion"},{"floor":33.0,"key":"Block Potion"},{"floor":35.0,"key":"Weak Potion"},{"floor":37.0,"key":"Weak Potion"},{"floor":38.0,"key":"Fire Potion"},{"floor":41.0,"key":"LiquidBronze"},{"floor":42.0,"key":"SkillPotion"},{"floor":44.0,"key":"Regen Potion"},{"floor":47.0,"key":"Explosive Potion"},{"floor":48.0,"key":"Ancient Potion"},{"floor":54.0,"key":"Explosive Potion"}],"is_trial":false,"path_per_floor":["M","M","M","M","M","E","R","?","T","M","E","R","M","?","R","B",null,"M","M","$","?","M","E","R","E","T","R","M","?","R","E","R","B",null,"M","?","M","M","$","R","E","M","T","E","$","?","M","E","R","B",null,"R","$","E","B"],"character_chosen":"DEFECT","items_purchased":["Blizzard","Happy Flower","Anchor","Defragment","Explosive Potion"],"campfire_rested":2,"item_purchase_floors":[20,20,45,45,53],"current_hp_per_floor":[67,67,64,63,63,52,52,52,52,49,33,33,25,22,44,43,67,57,57,57,57,53,42,42,32,32,32,32,32,32,4,26,26,63,63,63,63,62,62,62,62,62,62,49,49,49,58,58,58,58,71,71,71,64,0],"gold":40,"neow_bonus":"REMOVE_TWO","is_prod":false,"is_daily":false,"chose_seed":false,"campfire_upgraded":7,"win_rate":0,"timestamp":1553642553,"path_taken":["M","?","M","M","?","E","R","?","T","M","E","R","M","?","R","BOSS","M","M","$","?","M","E","R","E","T","R","M","?","R","E","R","BOSS","M","?","M","M","$","R","E","M","T","E","$","?","M","E","R","BOSS","R","$","E","BOSS"],"build_version":"2019-01-23","purchased_purges":4,"victory":false,"max_hp_per_floor":[75,75,75,75,75,75,75,75,75,75,75,75,75,75,75,75,75,75,75,75,75,75,75,75,75,75,75,75,75,75,75,75,75,75,75,75,75,75,75,75,75,75,75,75,75,75,75,75,75,75,75,75,75,75,75],"card_choices":[{"not_picked":["Go for the Eyes","Beam Cell"],"picked":"Chill","floor":1.0},{"not_picked":["Rip and Tear","Double Energy"],"picked":"Loop","floor":2.0},{"not_picked":["Chaos","Compile Driver"],"picked":"Chill","floor":3.0},{"not_picked":["Sweeping Beam","Compile Driver"],"picked":"Barrage","floor":4.0},{"not_picked":["Auto Shields","All For One"],"picked":"White Noise","floor":5.0},{"not_picked":["Fusion","Amplify"],"picked":"Defragment","floor":6.0},{"not_picked":["Go for the Eyes","Sunder","Aggregate"],"picked":"SKIP","floor":10.0},{"not_picked":["Leap","Streamline","Rebound"],"picked":"SKIP","floor":11.0},{"not_picked":["Melter","FTL"],"picked":"Coolheaded","floor":13.0},{"not_picked":["Skim","Hello World"],"picked":"White Noise","floor":15.0},{"not_picked":["Creative AI","All For One"],"picked":"Core Surge","floor":16.0},{"not_picked":["Force Field","Conserve Battery"],"picked":"Coolheaded+1","floor":18.0},{"not_picked":["Ball Lightning","Streamline"],"picked":"Cold Snap","floor":19.0},{"not_picked":["Compile Driver+1","White Noise"],"picked":"Conserve Battery","floor":22.0},{"not_picked":["Go for the Eyes","Streamline+1","Rebound"],"picked":"SKIP","floor":23.0},{"not_picked":["Rebound","Leap"],"picked":"Defragment","floor":25.0},{"not_picked":["Beam Cell","Loop+1","Ball Lightning"],"picked":"SKIP","floor":28.0},{"not_picked":["Stack","Loop","Creative AI"],"picked":"SKIP","floor":31.0},{"not_picked":["FTL","Hologram+1"],"picked":"White Noise+1","floor":32.0},{"not_picked":[],"picked":"Blizzard","floor":35.0},{"not_picked":[],"picked":"Secret Technique+1","floor":36.0},{"not_picked":["Fusion+1"],"picked":"SKIP","floor":37.0},{"not_picked":["Consume+1"],"picked":"SKIP","floor":38.0},{"not_picked":["Consume+1"],"picked":"SKIP","floor":41.0},{"not_picked":[],"picked":"Coolheaded+1","floor":42.0},{"not_picked":["Go for the Eyes+1"],"picked":"SKIP","floor":44.0},{"not_picked":[],"picked":"Go for the Eyes+1","floor":44.0},{"not_picked":["Turbo+1"],"picked":"SKIP","floor":47.0},{"not_picked":["Lockon"],"picked":"SKIP","floor":48.0},{"not_picked":["Consume+1"],"picked":"SKIP","floor":54.0}],"player_experience":151861,"relics_obtained":[{"floor":6.0,"key":"Bottled Flame"},{"floor":9.0,"key":"Mummified Hand"},{"floor":11.0,"key":"Du-Vu Doll"},{"floor":23.0,"key":"Torii"},{"floor":25.0,"key":"Art of War"},{"floor":26.0,"key":"War Paint"},{"floor":31.0,"key":"Toxic Egg 2"},{"floor":41.0,"key":"Oddly Smooth Stone"},{"floor":44.0,"key":"Smiling Mask"},{"floor":48.0,"key":"Bag of Preparation"},{"floor":54.0,"key":"Blood Vial"}],"event_choices":[{"damage_healed":0.0,"max_hp_gain":0.0,"max_hp_loss":0.0,"gold_gain":0.0,"event_name":"Living Wall","player_choice":"Grow","floor":8.0,"gold_loss":0.0,"damage_taken":0.0,"cards_upgraded":["Barrage"]},{"damage_healed":0.0,"max_hp_gain":0.0,"max_hp_loss":0.0,"gold_gain":0.0,"event_name":"Scrap Ooze","player_choice":"Success","floor":14.0,"gold_loss":0.0,"damage_taken":3.0,"relics_obtained":["Dream Catcher"]},{"damage_healed":0.0,"max_hp_gain":0.0,"max_hp_loss":0.0,"gold_gain":0.0,"event_name":"Ghosts","player_choice":"Ignored","floor":21.0,"gold_loss":0.0,"damage_taken":0.0},{"damage_healed":0.0,"max_hp_gain":0.0,"max_hp_loss":0.0,"gold_gain":0.0,"cards_transformed":["Defend_B"],"event_name":"Transmorgrifier","player_choice":"Transformed","floor":29.0,"gold_loss":0.0,"damage_taken":0.0,"cards_obtained":["Leap"]},{"damage_healed":0.0,"max_hp_gain":0.0,"max_hp_loss":0.0,"gold_gain":0.0,"event_name":"SensoryStone","player_choice":"Memory 1","floor":36.0,"gold_loss":0.0,"damage_taken":0.0},{"cards_removed":["Zap"],"damage_healed":0.0,"max_hp_gain":0.0,"max_hp_loss":0.0,"gold_gain":0.0,"event_name":"Falling","player_choice":"Removed Skill","floor":46.0,"gold_loss":0.0,"damage_taken":0.0}],"is_beta":false,"boss_relics":[{"not_picked":["FrozenCore","Snecko Eye"],"picked":"White Beast Statue"},{"not_picked":["Coffee Dripper","Empty Cage"],"picked":"Busted Crown"}],"items_purged_floors":[20,39,45,53],"is_endless":false,"potions_floor_spawned":[1,6,10,13,18,19,22,23,25,28,31,33,35,37,38,41,42,44,47,48,54],"killed_by":"The Heart","ascension_level":7}