{"gold_per_floor":[119,69,69,79,79,79,111,111,111,111,111,138,157,29,29,131,131,147,72,72,90,107,107,142,152,209,20,20,46,46,60,60,155,155,169,169,7,7,27,27,53,53],"floor_reached":42,"playtime":4561,"items_purged":["Strike_G"],"score":545,"play_id":"80b55d53-db00-4faa-81a2-653f728c244c","local_time":"20190514232653","is_ascension_mode":false,"campfire_choices":[{"data":"PiercingWail","floor":6,"key":"SMITH"},{"floor":8,"key":"REST"},{"floor":10,"key":"REST"},{"floor":15,"key":"REST"},{"floor":23,"key":"REST"},{"floor":28,"key":"REST"},{"floor":30,"key":"REST"},{"floor":32,"key":"REST"},{"floor":40,"key":"REST"}],"neow_cost":"NONE","seed_source_timestamp":1494190939539055,"circlet_count":0,"master_deck":["Defend_G","Defend_G","Strike_G","Strike_G","Survivor","Neutralize","Poisoned Stab","PiercingWail+1","Backflip","Regret","Flying Knee+1","Doppelganger","Flying Knee+1","Dagger Spray+1","Corpse Explosion","Dagger Spray+1","Noxious Fumes","Bane+1","Quick Slash+1","Masterful Stab+1","Panache","Backstab+1","Footwork","Tools of the Trade","Calculated Gamble+1","Unload+1","Unload+1","Madness","Madness","All Out Attack+1","Enlightenment","Jack Of All Trades","Enlightenment","Enlightenment","Slice+1","Poisoned Stab+1"],"relics":["Ring of the Snake","Ancient Tea Set","Bag of Marbles","Molten Egg 2","Snake Skull","CultistMask","Vajra","Busted Crown","Mercury Hourglass","Tiny Chest","Meat on the Bone","Astrolabe","Centennial Puzzle"],"potions_floor_usage":[7,16,33,33,41,41],"damage_taken":[{"damage":0,"enemies":"2 Louse","floor":1,"turns":4},{"damage":0,"enemies":"Small Slimes","floor":4,"turns":4},{"damage":64,"enemies":"Lagavulin","floor":7,"turns":13},{"damage":4,"enemies":"3 Sentries","floor":12,"turns":10},{"damage":0,"enemies":"Cultist","floor":13,"turns":3},{"damage":61,"enemies":"Hexaghost","floor":16,"turns":10},{"damage":17,"enemies":"Shell Parasite","floor":18,"turns":5},{"damage":8,"enemies":"Chosen","floor":21,"turns":4},{"damage":12,"enemies":"Snecko","floor":22,"turns":3},{"damage":0,"enemies":"Gremlin Leader","floor":24,"turns":4},{"damage":11,"enemies":"Snake Plant","floor":25,"turns":3},{"damage":19,"enemies":"Book of Stabbing","floor":29,"turns":4},{"damage":2,"enemies":"Centurion and Healer","floor":31,"turns":3},{"damage":78,"enemies":"Automaton","floor":33,"turns":7},{"damage":7,"enemies":"3 Darklings","floor":35,"turns":3},{"damage":0,"enemies":"3 Shapes","floor":39,"turns":2},{"damage":75,"enemies":"Giant Head","floor":41,"turns":7},{"damage":35,"enemies":"Transient","floor":42,"turns":4}],"seed_played":"405432378940514194","potions_obtained":[{"floor":4,"key":"PowerPotion"},{"floor":12,"key":"Fire Potion"},{"floor":18,"key":"Regen Potion"},{"floor":24,"key":"Regen Potion"},{"floor":31,"key":"LiquidBronze"},{"floor":39,"key":"Poison Potion"}],"is_trial":false,"path_per_floor":["M","?","?","M","?","R","E","R","T","R","?","E","M","$","R","B",null,"M","?","?","M","M","R","E","M","T","$","R","E","R","M","R","B",null,"M","?","$","?","M","R","E","M"],"character_chosen":"THE_SILENT","items_purchased":["Dagger Spray+1","Panache","All Out Attack+1","Enlightenment"],"campfire_rested":8,"item_purchase_floors":[14,27,37,37],"current_hp_per_floor":[70,70,70,70,70,70,6,27,27,48,48,44,44,44,65,4,70,53,53,40,32,20,42,42,31,31,31,53,34,56,54,75,21,75,68,59,59,49,49,71,23,0],"gold":53,"neow_bonus":"RANDOM_COMMON_RELIC","is_prod":false,"is_daily":false,"chose_seed":false,"campfire_upgraded":1,"win_rate":0.0,"timestamp":1557890813,"path_taken":["M","?","?","?","?","R","E","R","T","R","?","E","?","$","R","BOSS","M","?","?","M","M","R","E","M","T","?","R","E","R","M","R","BOSS","M","?","$","?","M","R","E","M"],"build_version":"2019-01-23","purchased_purges":1,"victory":false,"max_hp_per_floor":[70,70,70,70,70,70,70,70,70,70,70,70,70,70,70,70,70,70,70,75,75,75,75,75,75,75,75,75,75,75,75,75,75,75,75,75,75,75,75,75,75,75],"card_choices":[{"not_picked":["Quick Slash","Backflip"],"picked":"Poisoned Stab","floor":1},{"not_picked":["Dagger Throw","Deflect"],"picked":"Backflip","floor":4},{"not_picked":["Bouncing Flask","Well Laid Plans"],"picked":"Flying Knee","floor":7},{"not_picked":["Reflex","Expertise"],"picked":"Doppelganger","floor":12},{"not_picked":["Quick Slash+1","Backflip"],"picked":"Flying Knee+1","floor":13},{"not_picked":["Wraith Form v2","Phantasmal Killer"],"picked":"Corpse Explosion","floor":16},{"not_picked":[],"picked":"Dagger Spray+1","floor":18},{"not_picked":[],"picked":"Noxious Fumes","floor":21},{"not_picked":[],"picked":"Bane+1","floor":22},{"not_picked":[],"picked":"Quick Slash+1","floor":24},{"not_picked":[],"picked":"Masterful Stab+1","floor":25},{"not_picked":[],"picked":"Backstab+1","floor":29},{"not_picked":[],"picked":"Footwork","floor":31},{"not_picked":[],"picked":"Tools of the Trade","floor":33},{"not_picked":["Cloak And Dagger+1"],"picked":"SKIP","floor":35},{"not_picked":[],"picked":"Jack Of All Trades","floor":38},{"not_picked":[],"picked":"Enlightenment","floor":38},{"not_picked":[],"picked":"Enlightenment","floor":38},{"not_picked":[],"picked":"Slice+1","floor":39},{"not_picked":[],"picked":"Poisoned Stab+1","floor":41}],"player_experience":728279,"relics_obtained":[{"floor":7,"key":"Molten Egg 2"},{"floor":9,"key":"Snake Skull"},{"floor":12,"key":"Vajra"},{"floor":24,"key":"Mercury Hourglass"},{"floor":26,"key":"Tiny Chest"},{"floor":29,"key":"Meat on the Bone"},{"floor":41,"key":"Centennial Puzzle"}],"event_choices":[{"cards_removed":["Strike_G"],"damage_healed":0,"gold_gain":0,"player_choice":"Card Removal","damage_taken":0,"max_hp_gain":0,"max_hp_loss":0,"event_name":"The Cleric","floor":2,"gold_loss":50},{"damage_healed":0,"gold_gain":0,"player_choice":"1 cards matched","damage_taken":0,"max_hp_gain":0,"max_hp_loss":0,"event_name":"Match and Keep!","floor":3,"gold_loss":0,"cards_obtained":["PiercingWail"]},{"damage_healed":0,"gold_gain":0,"player_choice":"Box","damage_taken":0,"relics_obtained":["Bag of Marbles"],"max_hp_gain":0,"max_hp_loss":0,"event_name":"Big Fish","floor":5,"gold_loss":0,"cards_obtained":["Regret"]},{"damage_healed":0,"gold_gain":0,"player_choice":"Trade","damage_taken":0,"relics_obtained":["CultistMask"],"max_hp_gain":0,"max_hp_loss":0,"event_name":"FaceTrader","floor":11,"gold_loss":0},{"cards_removed":["Defend_G"],"damage_healed":0,"gold_gain":0,"player_choice":"Gave Gold","damage_taken":0,"max_hp_gain":0,"max_hp_loss":0,"event_name":"Beggar","floor":19,"gold_loss":75},{"damage_healed":0,"gold_gain":0,"player_choice":"Shed Blood","damage_taken":18,"max_hp_gain":5,"max_hp_loss":0,"event_name":"Forgotten Altar","floor":20,"gold_loss":0},{"damage_healed":0,"gold_gain":0,"player_choice":"Embrace Madness","damage_taken":9,"max_hp_gain":0,"max_hp_loss":0,"event_name":"Winding Halls","floor":36,"gold_loss":0,"cards_obtained":["Madness","Madness"]},{"damage_healed":0,"gold_gain":0,"player_choice":"Memory 3","damage_taken":10,"max_hp_gain":0,"max_hp_loss":0,"event_name":"SensoryStone","floor":38,"gold_loss":0}],"is_beta":false,"boss_relics":[{"not_picked":["Fusion Hammer","Orrery"],"picked":"Busted Crown"},{"not_picked":["Runic Dome","Lizard Tail"],"picked":"Astrolabe"}],"items_purged_floors":[14],"is_endless":false,"potions_floor_spawned":[4,12,18,24,31,39],"killed_by":"Transient","ascension_level":0}