{"gold_per_floor":[118,118,134,152,13,13,38,77,103,130,142,174,186,231,243,376,388,416,449,461,22,22,53,53,70,70,70,96,96,47,78,78,182,182,194,211,211,211],"floor_reached":38,"playtime":2268,"items_purged":["Strike_B"],"score":654,"play_id":"e89c84b3-705d-47a9-b9d2-b8a351d1022a","local_time":"20190506204500","is_ascension_mode":true,"campfire_choices":[{"data":"Aggregate","floor":6.0,"key":"SMITH"},{"data":"Meteor Strike","floor":13.0,"key":"SMITH"},{"data":"Hologram","floor":15.0,"key":"SMITH"},{"data":"Thinking Ahead","floor":27,"key":"SMITH"},{"data":"Chill","floor":29,"key":"SMITH"},{"floor":32,"key":"REST"}],"neow_cost":"NONE","seed_source_timestamp":0,"circlet_count":0,"master_deck":["AscendersBane","Strike_B+1","Strike_B+1","Defend_B+1","Defend_B+1","Defend_B+1","Zap","Meteor Strike+1","Hologram+1","Conserve Battery","Aggregate+1","Go for the Eyes","Double Energy","Sweeping Beam","FTL","Machine Learning","Rebound+1","Undo","Machine Learning","Double Energy","Sunder","Thinking Ahead+1","Chill+1","Beam Cell","Auto Shields","Beam Cell+1"],"special_seed":0,"relics":["Cracked Core","Bloody Idol","Oddly Smooth Stone","MawBank","Strawberry","Peace Pipe","Sozu","Orichalcum","Juzu Bracelet","Mummified Hand","Omamori","Empty Cage"],"potions_floor_usage":[31],"damage_taken":[{"damage":9.0,"enemies":"Small Slimes","floor":1.0,"turns":3.0},{"damage":2.0,"enemies":"2 Louse","floor":3.0,"turns":2.0},{"damage":2.0,"enemies":"Jaw Worm","floor":4.0,"turns":4.0},{"damage":9.0,"enemies":"Blue Slaver","floor":7.0,"turns":3.0},{"damage":20.0,"enemies":"Lagavulin","floor":8.0,"turns":4.0},{"damage":4.0,"enemies":"Large Slime","floor":10.0,"turns":5.0},{"damage":2.0,"enemies":"Looter","floor":12.0,"turns":2.0},{"damage":4.0,"enemies":"3 Sentries","floor":14.0,"turns":5.0},{"damage":16.0,"enemies":"The Guardian","floor":16.0,"turns":11.0},{"damage":3,"enemies":"Chosen","floor":18,"turns":4},{"damage":5,"enemies":"Shell Parasite","floor":19,"turns":6},{"damage":7,"enemies":"Book of Stabbing","floor":23,"turns":5},{"damage":0,"enemies":"Centurion and Healer","floor":25,"turns":6},{"damage":34,"enemies":"Gremlin Leader","floor":31,"turns":10},{"damage":29,"enemies":"Champ","floor":33,"turns":10},{"damage":16,"enemies":"3 Shapes","floor":35,"turns":5},{"damage":33,"enemies":"3 Darklings","floor":36,"turns":7},{"damage":36,"enemies":"Transient","floor":38,"turns":4}],"seed_played":"-4988446987752634325","potions_obtained":[{"floor":3.0,"key":"FearPotion"},{"floor":8.0,"key":"SkillPotion"},{"floor":12.0,"key":"Swift Potion"},{"floor":16.0,"key":"SkillPotion"}],"is_trial":false,"path_per_floor":["M","?","M","M","$","R","M","E","T","M","?","M","R","E","R","B",null,"M","M","?","$","?","E","?","M","T","R","T","R","$","E","R","B",null,"M","M","?","M"],"character_chosen":"DEFECT","items_purchased":["Aggregate","Energy Potion","Go for the Eyes","Orichalcum","Sunder","Thinking Ahead","Beam Cell"],"campfire_rested":1,"item_purchase_floors":[5,5,5,21,21,21,30],"current_hp_per_floor":[59,59,57,55,55,55,46,26,26,22,26,24,24,20,20,4,58,55,50,50,50,50,43,43,48,48,48,53,53,53,24,46,22,63,52,24,24,0],"gold":211,"neow_bonus":"ONE_RANDOM_RARE_CARD","is_prod":false,"is_daily":false,"chose_seed":false,"campfire_upgraded":5,"win_rate":0,"timestamp":1557168300,"path_taken":["M","?","M","M","$","R","M","E","T","M","?","M","R","E","R","BOSS","M","M","?","$","?","E","?","M","T","R","?","R","?","E","R","BOSS","M","M","?","M"],"build_version":"2019-01-23","purchased_purges":1,"victory":false,"max_hp_per_floor":[75,69,69,69,69,69,69,69,69,69,76,76,76,76,76,76,76,76,76,76,76,76,76,76,76,76,76,76,76,76,76,76,76,76,76,76,76,76],"card_choices":[{"not_picked":["Redo","Cold Snap"],"picked":"Hologram","floor":1.0},{"not_picked":["Rip and Tear","Darkness"],"picked":"Conserve Battery","floor":3.0},{"not_picked":["Reprogram","Heatsinks","Cold Snap"],"picked":"SKIP","floor":4.0},{"not_picked":["Sweeping Beam","Scrape"],"picked":"Double Energy","floor":7.0},{"not_picked":["Reinforced Body","Beam Cell"],"picked":"Turbo","floor":8.0},{"not_picked":["Ball Lightning","Thunder Strike","Rebound"],"picked":"SKIP","floor":10.0},{"not_picked":["Fusion","Steam"],"picked":"Sweeping Beam","floor":12.0},{"not_picked":["Force Field","Heatsinks"],"picked":"FTL","floor":14.0},{"not_picked":["Echo Form","Reboot"],"picked":"Machine Learning","floor":16.0},{"not_picked":["Leap+1","Sweeping Beam"],"picked":"Rebound+1","floor":18},{"not_picked":["Barrage","Ball Lightning"],"picked":"Undo","floor":19},{"not_picked":["Sunder+1","Turbo"],"picked":"Chill","floor":23},{"not_picked":["Hello World","Barrage","Undo+1"],"picked":"SKIP","floor":25},{"not_picked":["Skim+1","Gash"],"picked":"Auto Shields","floor":31},{"not_picked":["Leap","Steam"],"picked":"Beam Cell+1","floor":35},{"not_picked":["Turbo","Coolheaded+1","Chill"],"picked":"SKIP","floor":36}],"player_experience":258803,"relics_obtained":[{"floor":8.0,"key":"Oddly Smooth Stone"},{"floor":9.0,"key":"MawBank"},{"floor":14.0,"key":"Peace Pipe"},{"floor":23,"key":"Juzu Bracelet"},{"floor":26,"key":"Mummified Hand"},{"floor":31,"key":"Omamori"}],"event_choices":[{"damage_healed":0.0,"max_hp_gain":0.0,"max_hp_loss":6.0,"gold_gain":0.0,"event_name":"Golden Idol","player_choice":"Lose Max HP","floor":2.0,"gold_loss":0.0,"damage_taken":0.0,"relics_obtained":["Golden Idol"]},{"damage_healed":0.0,"max_hp_gain":0.0,"max_hp_loss":0.0,"gold_gain":0.0,"event_name":"Scrap Ooze","player_choice":"Success","floor":11.0,"gold_loss":0.0,"damage_taken":3.0,"relics_obtained":["Strawberry"]},{"damage_healed":0,"gold_gain":0,"cards_transformed":["Turbo","Dualcast"],"player_choice":"Became Test Subject","damage_taken":0,"max_hp_gain":0,"max_hp_loss":0,"event_name":"Drug Dealer","floor":20,"gold_loss":0,"cards_obtained":["Machine Learning","Double Energy"]},{"damage_healed":0,"gold_gain":0,"player_choice":"Simplicity","damage_taken":0,"max_hp_gain":0,"max_hp_loss":0,"event_name":"Back to Basics","floor":22,"gold_loss":0,"cards_upgraded":["Strike_B","Strike_B","Strike_B","Defend_B","Defend_B","Defend_B","Defend_B"]},{"damage_healed":0,"gold_gain":0,"player_choice":"Gave Idol","damage_taken":0,"relics_obtained":["Bloody Idol"],"max_hp_gain":0,"max_hp_loss":0,"event_name":"Forgotten Altar","floor":24,"relics_lost":["Golden Idol"],"gold_loss":0},{"damage_healed":0,"gold_gain":0,"player_choice":"Ignored","damage_taken":0,"max_hp_gain":0,"max_hp_loss":0,"event_name":"Mysterious Sphere","floor":37,"gold_loss":0}],"is_beta":false,"boss_relics":[{"not_picked":["Ectoplasm","Philosopher\u0027s Stone"],"picked":"Sozu"},{"not_picked":["Snecko Eye","Eternal Feather"],"picked":"Empty Cage"}],"items_purged_floors":[21],"is_endless":false,"potions_floor_spawned":[3,7,8,12,16,19,33],"killed_by":"Transient","ascension_level":11}