{"gold_per_floor":[110,30,43,58,77,77,77,77,77,91,103,117,128,155,155,258,258,268,281,124,142,154,154,154,154,154,166,180,180,194,194,194,297,297,307,407,407,66,66,94,94,106,130,80,100,100,120,131,131,131],"floor_reached":51,"playtime":1458,"items_purged":["Strike_R","Strike_R"],"score":785,"play_id":"86020583-7600-49cb-b6ce-73038f4a294a","local_time":"20190524235515","is_ascension_mode":false,"campfire_choices":[{"data":"Bludgeon","floor":6,"key":"SMITH"},{"data":"Bash","floor":8,"key":"SMITH"},{"data":"Fiend Fire","floor":15,"key":"SMITH"},{"data":"Heavy Blade","floor":23,"key":"SMITH"},{"floor":25,"key":"REST"},{"data":"Rage","floor":29,"key":"SMITH"},{"data":"RitualDagger","floor":32,"key":"SMITH"},{"floor":41,"key":"REST"},{"data":"Flame Barrier","floor":46,"key":"SMITH"},{"floor":49,"key":"REST"}],"neow_cost":"NONE","seed_source_timestamp":625558208713375,"circlet_count":0,"master_deck":["Strike_R","Strike_R","Strike_R","Defend_R","Defend_R","Defend_R","Bash+1","Spot Weakness","Carnage","Bludgeon+1","Intimidate","Inflame","Inflame","Thunderclap+1","Fiend Fire+1","Demon Form","Heavy Blade+1","Clothesline","Blind","Rage+1","Reaper+1","True Grit+1","Hemokinesis+1","RitualDagger+1","Seeing Red+1","Flame Barrier+1","Inflame"],"relics":["Runic Pyramid","FossilizedHelix","StoneCalendar","Anchor","Velvet Choker","Enchiridion","Matryoshka","Eternal Feather","Du-Vu Doll","Whetstone","Omamori","Pen Nib","Gremlin Horn","Smiling Mask"],"potions_floor_usage":[14,14,50,50],"damage_taken":[{"damage":6,"enemies":"Cultist","floor":1,"turns":3},{"damage":8,"enemies":"Jaw Worm","floor":3,"turns":3},{"damage":4,"enemies":"Small Slimes","floor":4,"turns":4},{"damage":5,"enemies":"Looter","floor":5,"turns":3},{"damage":18,"enemies":"Lots of Slimes","floor":10,"turns":5},{"damage":0,"enemies":"2 Fungi Beasts","floor":11,"turns":3},{"damage":0,"enemies":"Blue Slaver","floor":12,"turns":2},{"damage":0,"enemies":"3 Louse","floor":13,"turns":3},{"damage":9,"enemies":"3 Sentries","floor":14,"turns":7},{"damage":0,"enemies":"Slime Boss","floor":16,"turns":7},{"damage":5,"enemies":"3 Byrds","floor":18,"turns":6},{"damage":0,"enemies":"Spheric Guardian","floor":19,"turns":3},{"damage":14,"enemies":"Shelled Parasite and Fungi","floor":21,"turns":4},{"damage":6,"enemies":"3 Cultists","floor":22,"turns":5},{"damage":6,"enemies":"Chosen and Byrds","floor":27,"turns":4},{"damage":21,"enemies":"Sentry and Sphere","floor":28,"turns":4},{"damage":0,"enemies":"Centurion and Healer","floor":30,"turns":4},{"damage":10,"enemies":"Champ","floor":33,"turns":8},{"damage":24,"enemies":"3 Darklings","floor":35,"turns":5},{"damage":15,"enemies":"Mind Bloom Boss Battle","floor":36,"turns":7},{"damage":4,"enemies":"Nemesis","floor":40,"turns":5},{"damage":0,"enemies":"3 Shapes","floor":42,"turns":3},{"damage":13,"enemies":"Jaw Worm Horde","floor":45,"turns":3},{"damage":26,"enemies":"4 Shapes","floor":47,"turns":4},{"damage":27,"enemies":"3 Darklings","floor":48,"turns":4},{"damage":49,"enemies":"Donu and Deca","floor":50,"turns":6}],"seed_played":"1193922136708348291","potions_obtained":[{"floor":3,"key":"Strength Potion"},{"floor":10,"key":"LiquidBronze"},{"floor":13,"key":"SkillPotion"},{"floor":14,"key":"SpeedPotion"},{"floor":18,"key":"Weak Potion"},{"floor":28,"key":"BloodPotion"}],"is_trial":false,"path_per_floor":["M","$","M","M","M","R","?","R","T","M","M","M","M","E","R","B",null,"M","M","$","M","M","R","?","R","T","M","M","R","M","?","R","B",null,"M","?","?","$","?","E","R","M","T","$","M","R","M","M","R","B",null],"character_chosen":"IRONCLAD","items_purchased":["Spot Weakness","Blind","Flame Barrier","Whetstone","Omamori"],"campfire_rested":3,"item_purchase_floors":[2,20,38,38,38],"current_hp_per_floor":[74,74,66,62,57,57,54,54,54,36,36,36,36,27,27,27,80,75,75,75,61,55,55,39,63,63,70,49,49,67,61,61,67,80,64,49,49,49,49,45,80,80,80,80,67,80,54,42,80,31],"gold":131,"neow_bonus":"BOSS_RELIC","is_prod":false,"is_daily":false,"chose_seed":false,"campfire_upgraded":7,"win_rate":0,"timestamp":1558734915,"path_taken":["M","$","?","M","M","R","?","R","T","M","M","M","M","E","R","BOSS","M","M","$","M","M","R","?","R","T","M","M","R","M","?","R","BOSS","M","?","?","$","?","E","R","M","T","$","M","R","M","?","R","BOSS"],"build_version":"2019-01-23","purchased_purges":2,"victory":true,"max_hp_per_floor":[80,80,80,80,80,80,80,80,80,80,80,80,80,80,80,80,80,80,80,80,80,80,80,80,80,80,80,80,80,80,80,80,80,80,80,80,80,80,80,80,80,80,80,80,80,80,80,80,80,80],"card_choices":[{"not_picked":["Wild Strike","Entrench","Thunderclap"],"picked":"SKIP","floor":1},{"not_picked":["Feel No Pain","True Grit"],"picked":"Carnage","floor":3},{"not_picked":["Clash","Shrug It Off","Headbutt"],"picked":"SKIP","floor":4},{"not_picked":["Clothesline","Flex"],"picked":"Bludgeon","floor":5},{"not_picked":["Infernal Blade","Spot Weakness"],"picked":"Intimidate","floor":10},{"not_picked":["Clash","Sever Soul"],"picked":"Inflame","floor":11},{"not_picked":["Anger","Armaments"],"picked":"Inflame","floor":12},{"not_picked":["Thunderclap","Body Slam","Spot Weakness"],"picked":"SKIP","floor":13},{"not_picked":["Body Slam","Spot Weakness"],"picked":"Thunderclap","floor":13},{"not_picked":["Anger","Spot Weakness"],"picked":"Fiend Fire","floor":14},{"not_picked":["Barricade","Feed"],"picked":"Demon Form","floor":16},{"not_picked":["Shrug It Off","Blood for Blood"],"picked":"Heavy Blade","floor":18},{"not_picked":["Armaments","Battle Trance"],"picked":"Clothesline","floor":19},{"not_picked":["Anger","Thunderclap"],"picked":"Rage","floor":21},{"not_picked":["Heavy Blade","Clash+1"],"picked":"Reaper","floor":22},{"not_picked":["Rupture","Thunderclap","Anger"],"picked":"SKIP","floor":27},{"not_picked":["Metallicize","Rupture"],"picked":"True Grit+1","floor":28},{"not_picked":["Thunderclap","Anger+1"],"picked":"Hemokinesis+1","floor":30},{"not_picked":["Wild Strike+1","Shrug It Off","Perfected Strike+1"],"picked":"SKIP","floor":35},{"not_picked":["Havoc","Wild Strike+1"],"picked":"Seeing Red+1","floor":36},{"not_picked":["Flame Barrier","Searing Blow+1"],"picked":"Inflame","floor":40},{"not_picked":["Armaments","Heavy Blade","Warcry"],"picked":"SKIP","floor":42},{"not_picked":["Armaments+1","Rupture","Berserk"],"picked":"SKIP","floor":45},{"not_picked":["Headbutt+1","Shrug It Off","Fire Breathing"],"picked":"SKIP","floor":47},{"not_picked":["Searing Blow+1","Twin Strike+1","Inflame"],"picked":"SKIP","floor":48}],"player_experience":397097,"relics_obtained":[{"floor":9,"key":"StoneCalendar"},{"floor":14,"key":"Anchor"},{"floor":24,"key":"Enchiridion"},{"floor":26,"key":"Matryoshka"},{"floor":36,"key":"Du-Vu Doll"},{"floor":40,"key":"Pen Nib"},{"floor":43,"key":"Gremlin Horn"},{"floor":43,"key":"Smiling Mask"}],"event_choices":[{"damage_healed":0,"gold_gain":0,"player_choice":"Success","damage_taken":3,"relics_obtained":["FossilizedHelix"],"max_hp_gain":0,"max_hp_loss":0,"event_name":"Scrap Ooze","floor":7,"gold_loss":0},{"damage_healed":0,"gold_gain":0,"player_choice":"Obtained Book","damage_taken":16,"max_hp_gain":0,"max_hp_loss":0,"event_name":"Cursed Tome","floor":24,"gold_loss":0},{"damage_healed":0,"gold_gain":0,"player_choice":"Joined the Cult","damage_taken":6,"max_hp_gain":0,"max_hp_loss":0,"event_name":"Nest","floor":31,"gold_loss":0,"cards_obtained":["RitualDagger"]},{"damage_healed":0,"gold_gain":0,"player_choice":"Fight","damage_taken":0,"max_hp_gain":0,"max_hp_loss":0,"event_name":"MindBloom","floor":36,"gold_loss":0},{"cards_removed":["Defend_R"],"damage_healed":0,"gold_gain":0,"player_choice":"Removed Skill","damage_taken":0,"max_hp_gain":0,"max_hp_loss":0,"event_name":"Falling","floor":37,"gold_loss":0},{"damage_healed":0,"gold_gain":0,"player_choice":"Ignored","damage_taken":0,"max_hp_gain":0,"max_hp_loss":0,"event_name":"NoteForYourself","floor":39,"gold_loss":0}],"is_beta":false,"boss_relics":[{"not_picked":["Runic Dome","Astrolabe"],"picked":"Velvet Choker"},{"not_picked":["Mark of Pain","Busted Crown"],"picked":"Eternal Feather"}],"items_purged_floors":[20,44],"is_endless":false,"potions_floor_spawned":[3,10,13,14,18,22,28,36,40,47],"ascension_level":0}