{"gold_per_floor":[19,37,50,63,81,110,127,146,169,203,203,203,222,295,295,416,416,437,458,458,250,273,304,304,40,108,108,108,136,147,162,162,264,264,282,299,299,27,38,38,38,70,118,40,52,75,87,118,130,142,154,166,28,28],"floor_reached":54,"playtime":3882,"items_purged":["Injury","Defend_R","Strike_R","Parasite"],"score":746,"play_id":"9518cc3b-0904-40ea-a709-bc8801c6f87e","local_time":"20190327182023","is_ascension_mode":false,"campfire_choices":[{"data":"Body Slam","floor":12,"key":"SMITH"},{"data":"Uppercut","floor":15,"key":"SMITH"},{"floor":28,"key":"REST"},{"floor":32,"key":"REST"},{"data":"Barricade","floor":40,"key":"SMITH"},{"floor":45,"key":"RECALL"},{"data":"Entrench","floor":47,"key":"SMITH"},{"data":"J.A.X.","floor":49,"key":"SMITH"},{"data":"PanicButton","floor":52,"key":"SMITH"}],"neow_cost":"NO_GOLD","seed_source_timestamp":341406145262000,"circlet_count":0,"master_deck":["Strike_R","Strike_R+1","Defend_R+1","Defend_R","Defend_R","Bash+1","Reaper","Shrug It Off","Body Slam+1","Headbutt","Uppercut+1","Inflame","Barricade+1","Iron Wave+1","J.A.X.+1","PanicButton+1","Shrug It Off","Impervious","Impatience","Entrench+1"],"relics":["Burning Blood","Whetstone","Happy Flower","Blue Candle","Bloody Idol","Pantograph","Mark of Pain","Bag of Marbles","Strawberry","Lizard Tail","Bag of Preparation","Art of War","MawBank"],"potions_floor_usage":[6,10,10,18,19,23,29,33,33,42,50,54],"damage_taken":[{"damage":6,"enemies":"Jaw Worm","floor":1,"turns":5},{"damage":0,"enemies":"2 Louse","floor":2,"turns":3},{"damage":10,"enemies":"Small Slimes","floor":3,"turns":4},{"damage":8,"enemies":"2 Fungi Beasts","floor":4,"turns":4},{"damage":19,"enemies":"Lots of Slimes","floor":5,"turns":6},{"damage":37,"enemies":"Lagavulin","floor":6,"turns":9},{"damage":6,"enemies":"Blue Slaver","floor":7,"turns":5},{"damage":12,"enemies":"3 Louse","floor":8,"turns":4},{"damage":12,"enemies":"Gremlin Nob","floor":10,"turns":3},{"damage":13,"enemies":"Lots of Slimes","floor":13,"turns":4},{"damage":15,"enemies":"3 Sentries","floor":14,"turns":9},{"damage":59,"enemies":"Hexaghost","floor":16,"turns":9},{"damage":13,"enemies":"2 Thieves","floor":18,"turns":4},{"damage":23,"enemies":"3 Byrds","floor":19,"turns":7},{"damage":48,"enemies":"3 Cultists","floor":22,"turns":7},{"damage":26,"enemies":"Book of Stabbing","floor":23,"turns":6},{"damage":45,"enemies":"Slavers","floor":29,"turns":7},{"damage":7,"enemies":"Chosen and Byrds","floor":30,"turns":7},{"damage":28,"enemies":"Shelled Parasite and Fungi","floor":31,"turns":4},{"damage":80,"enemies":"Automaton","floor":33,"turns":11},{"damage":28,"enemies":"3 Darklings","floor":35,"turns":6},{"damage":11,"enemies":"3 Shapes","floor":36,"turns":7},{"damage":33,"enemies":"Maw","floor":39,"turns":10},{"damage":26,"enemies":"Reptomancer","floor":42,"turns":8},{"damage":35,"enemies":"Writhing Mass","floor":46,"turns":3},{"damage":41,"enemies":"3 Darklings","floor":48,"turns":12},{"damage":134,"enemies":"Donu and Deca","floor":50,"turns":14},{"damage":143,"enemies":"Shield and Spear","floor":54,"turns":9}],"seed_played":"1801782972017921567","potions_obtained":[{"floor":2,"key":"Fire Potion"},{"floor":3,"key":"Ancient Potion"},{"floor":4,"key":"Regen Potion"},{"floor":8,"key":"PowerPotion"},{"floor":13,"key":"Strength Potion"},{"floor":18,"key":"GamblersBrew"},{"floor":22,"key":"Poison Potion"},{"floor":23,"key":"Ancient Potion"},{"floor":29,"key":"Ancient Potion"},{"floor":33,"key":"SteroidPotion"},{"floor":35,"key":"FearPotion"},{"floor":39,"key":"Swift Potion"},{"floor":46,"key":"EssenceOfSteel"}],"is_trial":false,"path_per_floor":["M","M","M","M","M","E","M","M","T","E","?","R","M","?","R","B",null,"M","M","?","$","M","E","?","$","T","?","R","E","M","M","R","B",null,"M","M","?","$","M","R","?","E","T","?","R","M","R","M","R","B",null,"R","$","E"],"character_chosen":"IRONCLAD","items_purchased":["PanicButton","Shrug It Off","Impervious","Bag of Preparation"],"campfire_rested":2,"item_purchase_floors":[21,21,25,38],"current_hp_per_floor":[80,80,80,80,76,59,65,71,71,65,65,65,70,73,73,36,80,73,63,63,63,37,26,26,26,31,31,55,40,53,36,62,33,87,87,87,87,87,71,71,71,75,80,85,87,63,68,60,65,38,87,87,84,0],"gold":28,"neow_bonus":"THREE_RARE_CARDS","is_prod":false,"is_daily":false,"chose_seed":false,"campfire_upgraded":6,"win_rate":0,"timestamp":1553736023,"path_taken":["M","M","M","M","M","E","M","M","T","E","?","R","M","?","R","BOSS","M","M","?","$","M","E","?","$","T","?","R","E","M","?","R","BOSS","M","M","?","$","M","R","?","E","T","?","R","?","R","M","R","BOSS","R","$","E"],"build_version":"2019-01-23","purchased_purges":4,"victory":false,"max_hp_per_floor":[80,80,80,80,80,80,80,80,80,80,80,80,80,80,80,80,80,80,80,80,80,80,80,80,80,80,80,80,87,87,87,87,87,87,87,87,87,87,87,87,87,87,87,87,87,87,87,87,87,87,87,87,84,84],"card_choices":[{"not_picked":["Juggernaut","Impervious"],"picked":"Reaper","floor":0},{"not_picked":["Clothesline","Combust"],"picked":"Shrug It Off","floor":1},{"not_picked":["Rampage","Sentinel"],"picked":"Body Slam","floor":2},{"not_picked":["Sentinel","Perfected Strike"],"picked":"Headbutt","floor":3},{"not_picked":["Clothesline","Twin Strike"],"picked":"Uppercut","floor":4},{"not_picked":["Searing Blow","Dropkick","Thunderclap"],"picked":"SKIP","floor":5},{"not_picked":["Shockwave","Battle Trance"],"picked":"Inflame","floor":6},{"not_picked":["Wild Strike","Corruption","Clash"],"picked":"SKIP","floor":7},{"not_picked":["Pommel Strike","Whirlwind","Searing Blow"],"picked":"SKIP","floor":8},{"not_picked":["Berserk","Seeing Red","Infernal Blade"],"picked":"SKIP","floor":10},{"not_picked":["Infernal Blade","Warcry","Iron Wave"],"picked":"SKIP","floor":13},{"not_picked":["Exhume","Impervious"],"picked":"Barricade","floor":16},{"not_picked":["Clothesline","Iron Wave+1","Twin Strike"],"picked":"SKIP","floor":18},{"not_picked":["Sword Boomerang","Wild Strike+1"],"picked":"Iron Wave+1","floor":19},{"not_picked":["Bloodletting","Clash","Fiend Fire"],"picked":"SKIP","floor":22},{"not_picked":["Shrug It Off+1","Blood for Blood+1","Pummel"],"picked":"SKIP","floor":23},{"not_picked":["Sentinel","Searing Blow+1","Havoc"],"picked":"SKIP","floor":29},{"not_picked":["Thunderclap+1","Warcry","Twin Strike"],"picked":"SKIP","floor":30},{"not_picked":["Reckless Charge","Armaments+1","Ghostly Armor"],"picked":"SKIP","floor":31},{"not_picked":["Inflame+1","Pommel Strike+1","Sword Boomerang+1"],"picked":"SKIP","floor":35},{"not_picked":["Sentinel","Clash+1","Spot Weakness+1"],"picked":"SKIP","floor":36},{"not_picked":["Dark Shackles","Metamorphosis"],"picked":"Impatience","floor":37},{"not_picked":["Heavy Blade","Clash+1","Perfected Strike"],"picked":"SKIP","floor":39},{"not_picked":["Ghostly Armor+1","Fire Breathing+1"],"picked":"Entrench","floor":42},{"not_picked":["Fire Breathing+1","Whirlwind+1","Sword Boomerang+1"],"picked":"SKIP","floor":46},{"not_picked":["Clash","Intimidate","Wild Strike"],"picked":"SKIP","floor":48}],"player_experience":172488,"relics_obtained":[{"floor":6,"key":"Whetstone"},{"floor":9,"key":"Happy Flower"},{"floor":10,"key":"Blue Candle"},{"floor":23,"key":"Bag of Marbles"},{"floor":29,"key":"Strawberry"},{"floor":42,"key":"Art of War"},{"floor":43,"key":"MawBank"}],"event_choices":[{"damage_healed":0,"gold_gain":0,"player_choice":"Take Wound","damage_taken":0,"relics_obtained":["Golden Idol"],"max_hp_gain":0,"max_hp_loss":0,"event_name":"Golden Idol","floor":11,"gold_loss":0,"cards_obtained":["Injury"]},{"damage_healed":0,"gold_gain":0,"player_choice":"Searched \u00272\u0027 times","damage_taken":0,"relics_obtained":["Pantograph"],"max_hp_gain":0,"max_hp_loss":0,"event_name":"Dead Adventurer","floor":14,"gold_loss":0},{"damage_healed":0,"gold_gain":0,"player_choice":"Obtain J.A.X.","damage_taken":0,"max_hp_gain":0,"max_hp_loss":0,"event_name":"Drug Dealer","floor":20,"gold_loss":0,"cards_obtained":["J.A.X."]},{"damage_healed":0,"gold_gain":0,"player_choice":"Gave Idol","damage_taken":0,"relics_obtained":["Bloody Idol"],"max_hp_gain":0,"max_hp_loss":0,"event_name":"Forgotten Altar","floor":24,"relics_lost":["Golden Idol"],"gold_loss":0},{"damage_healed":0,"gold_gain":0,"player_choice":"Ignored","damage_taken":0,"max_hp_gain":0,"max_hp_loss":0,"event_name":"NoteForYourself","floor":27,"gold_loss":0},{"damage_healed":0,"gold_gain":0,"player_choice":"Memory 1","damage_taken":0,"max_hp_gain":0,"max_hp_loss":0,"event_name":"SensoryStone","floor":37,"gold_loss":0},{"cards_removed":["Strike_R"],"damage_healed":0,"gold_gain":0,"player_choice":"Removed Attack","damage_taken":0,"max_hp_gain":0,"max_hp_loss":0,"event_name":"Falling","floor":41,"gold_loss":0},{"cards_removed":["Strike_R"],"damage_healed":0,"gold_gain":0,"player_choice":"Upgrade and Remove","damage_taken":0,"max_hp_gain":0,"max_hp_loss":0,"event_name":"Designer","floor":44,"gold_loss":90,"cards_upgraded":["Defend_R"]}],"is_beta":false,"boss_relics":[{"not_picked":["White Beast Statue","Fusion Hammer"],"picked":"Mark of Pain"},{"not_picked":["Astrolabe","Black Star"],"picked":"Lizard Tail"}],"items_purged_floors":[21,25,38,53],"is_endless":false,"potions_floor_spawned":[2,3,4,8,13,18,22,23,29,33,35,39,46],"killed_by":"Shield and Spear","ascension_level":0}