{"gold_per_floor":[112,130,130,150,160,186,186,205,228,8,8,24,24,24,24,24],"floor_reached":16,"playtime":599,"items_purged":["Strike_B"],"score":138,"play_id":"61e0f4aa-20b2-48c0-a444-c634b5adefd9","local_time":"20190523194657","is_ascension_mode":true,"campfire_choices":[{"data":"Zap","floor":7,"key":"SMITH"},{"data":"Fusion","floor":11,"key":"SMITH"},{"data":"Dualcast","floor":13,"key":"SMITH"},{"floor":15,"key":"REST"}],"neow_cost":"NONE","seed_source_timestamp":533480354881900,"circlet_count":0,"master_deck":["Strike_B","Strike_B","Strike_B","Defend_B","Defend_B","Defend_B","Defend_B","Zap+1","Dualcast+1","Barrage","Darkness","Leap","Ball Lightning","Stack","Fusion+1","Redo","Dark Shackles","Undo"],"relics":["Cracked Core","Bag of Marbles","Pen Nib"],"potions_floor_usage":[6,12],"damage_taken":[{"damage":0,"enemies":"Cultist","floor":1,"turns":4},{"damage":0,"enemies":"2 Louse","floor":2,"turns":3},{"damage":0,"enemies":"Small Slimes","floor":4,"turns":2},{"damage":6,"enemies":"Looter","floor":5,"turns":4},{"damage":35,"enemies":"3 Sentries","floor":6,"turns":6},{"damage":2,"enemies":"Large Slime","floor":8,"turns":6},{"damage":0,"enemies":"3 Louse","floor":12,"turns":3},{"damage":33,"enemies":"Slime Boss","floor":16,"turns":7}],"seed_played":"-5434120230049378224","potions_obtained":[{"floor":2,"key":"Explosive Potion"},{"floor":4,"key":"FearPotion"},{"floor":8,"key":"SkillPotion"}],"is_trial":false,"path_per_floor":["M","M","?","M","M","E","R","M","T","$","R","M","R","?","R","B"],"character_chosen":"DEFECT","items_purchased":["Redo","Dark Shackles"],"campfire_rested":1,"item_purchase_floors":[10,10],"current_hp_per_floor":[75,75,75,75,69,34,34,32,32,32,32,32,32,7,31,0],"gold":24,"neow_bonus":"TEN_PERCENT_HP_BONUS","is_prod":false,"is_daily":false,"chose_seed":false,"campfire_upgraded":3,"win_rate":0,"timestamp":1558666017,"path_taken":["M","?","?","M","?","E","R","M","T","$","R","M","R","?","R","BOSS"],"build_version":"2019-01-23","purchased_purges":1,"victory":false,"max_hp_per_floor":[82,82,82,82,82,82,82,82,82,82,82,82,82,82,82,82],"card_choices":[{"not_picked":["Turbo","Storm"],"picked":"Barrage","floor":1},{"not_picked":["Ball Lightning","Gash"],"picked":"Darkness","floor":2},{"not_picked":["Barrage","Compile Driver"],"picked":"Leap","floor":4},{"not_picked":["Double Energy","Beam Cell"],"picked":"Ball Lightning","floor":5},{"not_picked":["Lockon","Storm"],"picked":"Stack","floor":6},{"not_picked":["Recycle","Double Energy"],"picked":"Fusion","floor":8},{"not_picked":["Aggregate","Coolheaded"],"picked":"Undo","floor":12}],"player_experience":342167,"relics_obtained":[{"floor":6,"key":"Bag of Marbles"},{"floor":9,"key":"Pen Nib"}],"event_choices":[{"damage_healed":0,"gold_gain":0,"player_choice":"Bought 0 Potions","damage_taken":0,"max_hp_gain":0,"max_hp_loss":0,"event_name":"The Woman in Blue","floor":3,"gold_loss":0},{"damage_healed":0,"gold_gain":0,"player_choice":"Fled","damage_taken":25,"max_hp_gain":0,"max_hp_loss":0,"event_name":"Scrap Ooze","floor":14,"gold_loss":0}],"is_beta":false,"boss_relics":[],"items_purged_floors":[10],"is_endless":false,"potions_floor_spawned":[2,4,8],"killed_by":"Slime Boss","ascension_level":7}