{"gold_per_floor":[10,21,31,31,58,89,43,343,343,357,357,367,367,380,380,485,485,499,516,516,219,229,229,244,276,299,319,333,344,20,20,20,119,119,129,182,195,42,61,91,191,223,250,275,275,275,307,335,335,335],"floor_reached":51,"playtime":2027,"items_purged":["Strike_R","Strike_R"],"score":1359,"play_id":"bd18f772-20ae-4036-8f44-6c2be9c1545b","local_time":"20190617184453","is_ascension_mode":true,"campfire_choices":[{"floor":11,"key":"REST"},{"floor":13,"key":"REST"},{"data":"Demon Form","floor":15,"key":"SMITH"},{"data":"Heavy Blade","floor":23,"key":"SMITH"},{"data":"Dual Wield","floor":32,"key":"SMITH"},{"data":"Carnage","floor":45,"key":"SMITH"},{"data":"Immolate","floor":49,"key":"SMITH"}],"neow_cost":"NO_GOLD","seed_source_timestamp":508115709344988,"circlet_count":0,"master_deck":["Bash","Shrug It Off","Shockwave","Iron Wave","Demon Form+1","Heavy Blade+1","True Grit","Dual Wield+1","Immolate+1","Heavy Blade+1","Impervious","Shockwave+1","Flame Barrier","Immolate+1","Barricade","Rampage","Havoc","Corruption","Carnage+1","Sword Boomerang","Wild Strike","Cleave","Heavy Blade+1","Magnetism"],"relics":["Burning Blood","Du-Vu Doll","Turnip","PreservedInsect","Shuriken","Old Coin","Mummified Hand","Snecko Eye","MutagenicStrength","Bag of Preparation","Champion Belt","Centennial Puzzle","Vajra","Pocketwatch","Pandora\u0027s Box","WingedGreaves","Whetstone","Boot","StoneCalendar","The Courier","Pen Nib","Ginger","Oddly Smooth Stone","Bottled Tornado"],"potions_floor_usage":[10,22,25,33],"damage_taken":[{"damage":8,"enemies":"2 Louse","floor":1,"turns":4},{"damage":5,"enemies":"Jaw Worm","floor":2,"turns":5},{"damage":0,"enemies":"Small Slimes","floor":3,"turns":4},{"damage":32,"enemies":"3 Sentries","floor":6,"turns":8},{"damage":0,"enemies":"2 Fungi Beasts","floor":10,"turns":4},{"damage":40,"enemies":"Exordium Wildlife","floor":12,"turns":6},{"damage":11,"enemies":"Large Slime","floor":14,"turns":7},{"damage":24,"enemies":"The Guardian","floor":16,"turns":11},{"damage":5,"enemies":"Shell Parasite","floor":18,"turns":3},{"damage":0,"enemies":"Spheric Guardian","floor":19,"turns":1},{"damage":0,"enemies":"Centurion and Healer","floor":22,"turns":3},{"damage":1,"enemies":"Chosen and Byrds","floor":24,"turns":4},{"damage":0,"enemies":"Slavers","floor":25,"turns":3},{"damage":19,"enemies":"Cultist and Chosen","floor":27,"turns":5},{"damage":13,"enemies":"Snake Plant","floor":28,"turns":3},{"damage":0,"enemies":"Centurion and Healer","floor":29,"turns":3},{"damage":10,"enemies":"Collector","floor":33,"turns":5},{"damage":12,"enemies":"3 Shapes","floor":35,"turns":1},{"damage":8,"enemies":"2 Orb Walkers","floor":36,"turns":2},{"damage":0,"enemies":"Orb Walker","floor":37,"turns":2},{"damage":0,"enemies":"Transient","floor":39,"turns":5},{"damage":13,"enemies":"Giant Head","floor":40,"turns":4},{"damage":0,"enemies":"Mind Bloom Boss Battle","floor":41,"turns":1},{"damage":0,"enemies":"Nemesis","floor":42,"turns":1},{"damage":0,"enemies":"Giant Head","floor":44,"turns":3},{"damage":0,"enemies":"Nemesis","floor":47,"turns":3},{"damage":0,"enemies":"Reptomancer","floor":48,"turns":2},{"damage":9,"enemies":"Time Eater","floor":50,"turns":4}],"seed_played":"-2352531031439444378","potions_obtained":[{"floor":6,"key":"SkillPotion"},{"floor":16,"key":"EssenceOfSteel"},{"floor":18,"key":"SpeedPotion"},{"floor":19,"key":"AttackPotion"},{"floor":28,"key":"Explosive Potion"},{"floor":36,"key":"Strength Potion"},{"floor":39,"key":"Block Potion"}],"is_trial":false,"path_per_floor":["M","M","M","?","T","E","?","T","T","M","R","M","R","M","R","B",null,"M","M","?","$","M","R","M","E","T","M","M","M","$","?","R","B",null,"M","?","M","$","M","E","?","E","T","E","R","?","E","E","R","B",null],"character_chosen":"IRONCLAD","items_purchased":["Impervious","Bag of Preparation","Vajra","Immolate","Whetstone"],"campfire_rested":2,"item_purchase_floors":[21,21,30,30,38],"current_hp_per_floor":[70,71,77,52,52,26,26,26,26,32,56,22,46,41,41,23,66,67,73,73,73,79,79,80,80,80,67,60,66,66,66,66,62,76,70,68,74,74,80,73,79,80,80,80,80,80,80,80,80,77],"gold":335,"neow_bonus":"ONE_RARE_RELIC","is_prod":false,"is_daily":false,"chose_seed":false,"campfire_upgraded":5,"win_rate":0,"timestamp":1560815093,"path_taken":["M","M","M","?","?","E","?","?","T","M","R","M","R","M","R","BOSS","M","M","?","$","M","R","M","E","T","M","M","M","$","?","R","BOSS","M","?","M","$","M","E","?","E","T","E","R","?","E","E","R","BOSS"],"build_version":"2019-01-23","purchased_purges":2,"victory":true,"max_hp_per_floor":[80,80,80,80,80,80,80,80,80,80,80,80,80,80,80,80,80,80,80,80,80,80,80,80,80,80,80,80,80,80,80,80,80,80,80,80,80,80,80,80,80,80,80,80,80,80,80,80,80,80],"card_choices":[{"not_picked":["Perfected Strike","Shockwave"],"picked":"Shrug It Off","floor":1},{"not_picked":["Sword Boomerang","Armaments"],"picked":"Shockwave","floor":2},{"not_picked":["Combust","True Grit"],"picked":"Iron Wave","floor":3},{"not_picked":["Exhume","Warcry"],"picked":"Demon Form","floor":6},{"not_picked":["Hemokinesis","Body Slam"],"picked":"Heavy Blade","floor":10},{"not_picked":["Sentinel","Wild Strike"],"picked":"True Grit","floor":12},{"not_picked":["Entrench","Headbutt"],"picked":"Dual Wield","floor":14},{"not_picked":["Double Tap","Bludgeon"],"picked":"Immolate","floor":16},{"not_picked":["Pommel Strike","Twin Strike+1","Headbutt"],"picked":"SKIP","floor":18},{"not_picked":["Metallicize","Power Through+1"],"picked":"Heavy Blade","floor":19},{"not_picked":["Wild Strike","Iron Wave+1"],"picked":"Shockwave+1","floor":22},{"not_picked":["Pummel","Rage+1","Reckless Charge+1"],"picked":"SKIP","floor":24},{"not_picked":["Clash","Shrug It Off","Burning Pact"],"picked":"SKIP","floor":25},{"not_picked":["True Grit","Warcry","Flex+1"],"picked":"SKIP","floor":27},{"not_picked":["Offering","Twin Strike"],"picked":"Flame Barrier","floor":28},{"not_picked":["Ghostly Armor","Infernal Blade","Wild Strike"],"picked":"SKIP","floor":29},{"not_picked":["Fiend Fire","Offering"],"picked":"Barricade","floor":33},{"not_picked":["True Grit","Intimidate+1","Power Through"],"picked":"SKIP","floor":35},{"not_picked":["Iron Wave+1","Rupture","Sever Soul"],"picked":"SKIP","floor":37},{"not_picked":["Inflame+1","Perfected Strike","Metallicize+1"],"picked":"SKIP","floor":39},{"not_picked":["Exhume","Headbutt+1","Thunderclap+1"],"picked":"SKIP","floor":40},{"not_picked":["Corruption","Sword Boomerang"],"picked":"Heavy Blade+1","floor":42},{"not_picked":["Anger+1","Fire Breathing+1","Cleave"],"picked":"SKIP","floor":44},{"not_picked":["Violence","Swift Strike"],"picked":"Magnetism","floor":46},{"not_picked":["Twin Strike+1","Cleave+1","Flex"],"picked":"SKIP","floor":47},{"not_picked":["Thunderclap","Twin Strike","Armaments"],"picked":"SKIP","floor":48}],"player_experience":206526,"relics_obtained":[{"floor":5,"key":"PreservedInsect"},{"floor":6,"key":"Shuriken"},{"floor":8,"key":"Old Coin"},{"floor":9,"key":"Mummified Hand"},{"floor":25,"key":"Champion Belt"},{"floor":26,"key":"Centennial Puzzle"},{"floor":36,"key":"WingedGreaves"},{"floor":40,"key":"Boot"},{"floor":41,"key":"StoneCalendar"},{"floor":42,"key":"The Courier"},{"floor":43,"key":"Pen Nib"},{"floor":44,"key":"Ginger"},{"floor":47,"key":"Oddly Smooth Stone"},{"floor":48,"key":"Bottled Tornado"}],"event_choices":[{"damage_healed":0,"gold_gain":0,"player_choice":"Success","damage_taken":25,"relics_obtained":["Turnip"],"max_hp_gain":0,"max_hp_loss":0,"event_name":"Scrap Ooze","floor":4,"gold_loss":0},{"damage_healed":0,"gold_gain":0,"player_choice":"Left Gold","damage_taken":0,"max_hp_gain":0,"max_hp_loss":0,"event_name":"World of Goop","floor":7,"gold_loss":46},{"damage_healed":0,"gold_gain":0,"player_choice":"Inject Mutagens","damage_taken":0,"relics_obtained":["MutagenicStrength"],"max_hp_gain":0,"max_hp_loss":0,"event_name":"Drug Dealer","floor":20,"gold_loss":0},{"damage_healed":0,"gold_gain":0,"player_choice":"Opened","damage_taken":0,"relics_obtained":["Pocketwatch"],"max_hp_gain":0,"max_hp_loss":0,"event_name":"The Mausoleum","floor":31,"gold_loss":0},{"damage_healed":0,"gold_gain":0,"player_choice":"Fight","damage_taken":0,"max_hp_gain":0,"max_hp_loss":0,"event_name":"Mysterious Sphere","floor":36,"gold_loss":0},{"damage_healed":0,"gold_gain":0,"player_choice":"Fight","damage_taken":0,"max_hp_gain":0,"max_hp_loss":0,"event_name":"MindBloom","floor":41,"gold_loss":0},{"damage_healed":0,"gold_gain":0,"player_choice":"Memory 1","damage_taken":0,"max_hp_gain":0,"max_hp_loss":0,"event_name":"SensoryStone","floor":46,"gold_loss":0}],"is_beta":false,"boss_relics":[{"not_picked":["Runic Dome","Black Star"],"picked":"Snecko Eye"},{"not_picked":["Tiny House","Sozu"],"picked":"Pandora\u0027s Box"}],"items_purged_floors":[21,30],"is_endless":false,"potions_floor_spawned":[6,16,18,19,28,36,39,44,48],"ascension_level":8}