{"gold_per_floor":[116,134,134,134,134,134,159,178,178,221,221,265,86,116,116,244,244,264,214,234,0,0,0,0,15,15,15],"floor_reached":27,"playtime":1310,"items_purged":["Regret"],"score":330,"play_id":"07f2e696-c580-4795-8dc5-8c10c4b078ea","local_time":"20190504030753","is_ascension_mode":true,"campfire_choices":[{"data":"Dualcast","floor":6.0,"key":"SMITH"},{"floor":11.0,"key":"REST"},{"data":"Streamline","floor":15,"key":"SMITH"},{"data":"Fusion","floor":23,"key":"SMITH"}],"neow_cost":"NONE","seed_source_timestamp":2266256138900,"circlet_count":0,"master_deck":["Strike_B","Strike_B+1","Strike_B","Defend_B+1","Defend_B","Defend_B","Zap+1","Dualcast+1","Leap","Undo","Streamline+1","Gash","Chaos","FTL","Gash","Stack","Hologram","Meteor Strike","FTL","Turbo","Defragment","Fusion+1"],"special_seed":0,"relics":["Cracked Core","Omamori","Golden Idol","Matryoshka","Oddly Smooth Stone","Bottled Flame","Odd Mushroom","Empty Cage","DataDisk","Darkstone Periapt","Molten Egg 2"],"potions_floor_usage":[18,18,24,27],"damage_taken":[{"damage":2.0,"enemies":"Jaw Worm","floor":1.0,"turns":2.0},{"damage":4.0,"enemies":"2 Louse","floor":2.0,"turns":2.0},{"damage":3.0,"enemies":"Small Slimes","floor":7.0,"turns":3.0},{"damage":6.0,"enemies":"2 Fungi Beasts","floor":8.0,"turns":3.0},{"damage":16.0,"enemies":"3 Sentries","floor":10.0,"turns":8.0},{"damage":0.0,"enemies":"Gremlin Nob","floor":12.0,"turns":3.0},{"damage":6,"enemies":"The Mushroom Lair","floor":14,"turns":5},{"damage":21,"enemies":"Hexaghost","floor":16,"turns":10},{"damage":2,"enemies":"2 Thieves","floor":18,"turns":4},{"damage":9,"enemies":"3 Byrds","floor":20,"turns":5},{"damage":15,"enemies":"Gremlin Leader","floor":24,"turns":4},{"damage":9,"enemies":"3 Cultists","floor":25,"turns":6},{"damage":29,"enemies":"Book of Stabbing","floor":27,"turns":3}],"seed_played":"7440368993744488370","potions_obtained":[{"floor":2.0,"key":"GamblersBrew"},{"floor":8.0,"key":"FearPotion"},{"floor":10.0,"key":"SmokeBomb"},{"floor":14,"key":"SkillPotion"},{"floor":16,"key":"SkillPotion"},{"floor":25,"key":"SkillPotion"}],"is_trial":false,"path_per_floor":["M","M","?","?","?","R","M","M","T","E","R","E","$","?","R","B",null,"M","?","M","$","?","R","E","M","T","E"],"character_chosen":"DEFECT","items_purchased":["Gash","Stack","DataDisk","Defragment"],"campfire_rested":1,"item_purchase_floors":[13,13,21,21],"current_hp_per_floor":[73,69,69,69,54,54,51,45,45,29,51,51,51,45,45,24,62,60,60,51,51,51,51,36,27,27,0],"gold":15,"neow_bonus":"UPGRADE_CARD","is_prod":false,"is_daily":false,"chose_seed":false,"campfire_upgraded":3,"win_rate":0,"timestamp":1556964473,"path_taken":["M","M","?","?","?","R","M","M","T","E","R","E","$","?","R","BOSS","M","?","?","$","?","R","E","M","T","E"],"build_version":"2019-01-23","purchased_purges":1,"victory":false,"max_hp_per_floor":[75,75,75,75,75,75,75,75,75,75,75,75,75,75,75,75,75,75,75,75,75,75,75,75,75,75,75],"card_choices":[{"not_picked":["Sweeping Beam","Compile Driver"],"picked":"Leap","floor":1.0},{"not_picked":["Gash","Conserve Battery"],"picked":"Undo","floor":2.0},{"not_picked":["Beam Cell","Hologram"],"picked":"Streamline","floor":7.0},{"not_picked":["Recycle","Stack"],"picked":"Gash","floor":8.0},{"not_picked":["Genetic Algorithm","Beam Cell"],"picked":"Chaos","floor":10.0},{"not_picked":["Multi-Cast","Stack"],"picked":"FTL","floor":12},{"not_picked":["Streamline","Reprogram"],"picked":"Hologram","floor":14},{"not_picked":["Electrodynamics","Creative AI"],"picked":"Meteor Strike","floor":16},{"not_picked":["Sweeping Beam","Leap"],"picked":"FTL","floor":18},{"not_picked":["Barrage","Streamline"],"picked":"Turbo","floor":20},{"not_picked":["Fusion","Beam Cell","Genetic Algorithm"],"picked":"SKIP","floor":25}],"player_experience":295175,"relics_obtained":[{"floor":9.0,"key":"Matryoshka"},{"floor":10.0,"key":"Oddly Smooth Stone"},{"floor":12,"key":"Bottled Flame"},{"floor":14,"key":"Odd Mushroom"},{"floor":26,"key":"Darkstone Periapt"},{"floor":26,"key":"Molten Egg 2"}],"event_choices":[{"damage_healed":0.0,"max_hp_gain":0.0,"max_hp_loss":0.0,"gold_gain":0.0,"event_name":"Big Fish","player_choice":"Box","floor":3.0,"gold_loss":0.0,"damage_taken":0.0,"relics_obtained":["Omamori"],"cards_obtained":["Regret"]},{"damage_healed":0.0,"max_hp_gain":0.0,"max_hp_loss":0.0,"gold_gain":0.0,"event_name":"Golden Idol","player_choice":"Take Wound","floor":4.0,"gold_loss":0.0,"damage_taken":0.0,"relics_obtained":["Golden Idol"],"cards_obtained":["Injury"]},{"damage_healed":0.0,"max_hp_gain":0.0,"max_hp_loss":0.0,"gold_gain":0.0,"event_name":"Shining Light","player_choice":"Entered Light","floor":5.0,"gold_loss":0.0,"damage_taken":15.0,"cards_upgraded":["Defend_B","Strike_B"]},{"damage_healed":0,"gold_gain":0,"player_choice":"Fought Mushrooms","damage_taken":0,"max_hp_gain":0,"max_hp_loss":0,"event_name":"Mushrooms","floor":14,"gold_loss":0},{"damage_healed":0,"gold_gain":0,"player_choice":"Bet on Owner","damage_taken":0,"max_hp_gain":0,"max_hp_loss":0,"event_name":"The Joust","floor":19,"gold_loss":50},{"damage_healed":0,"gold_gain":0,"player_choice":"Read","damage_taken":0,"max_hp_gain":0,"max_hp_loss":0,"event_name":"The Library","floor":22,"gold_loss":0,"cards_obtained":["Fusion"]}],"is_beta":false,"boss_relics":[{"not_picked":["Fusion Hammer","White Beast Statue"],"picked":"Empty Cage"}],"items_purged_floors":[13],"is_endless":false,"potions_floor_spawned":[2,8,10,14,16,25],"killed_by":"Book of Stabbing","ascension_level":5}