{"gold_per_floor":[117,50,50,69,0,0,25,35,83,100,100,114,64,89,89,184,184,197,208,218,218],"floor_reached":21,"playtime":762,"items_purged":["Strike_B"],"score":335,"play_id":"c3e72ed1-5b56-490e-ac79-15dcd5152bbd","local_time":"20190506000749","is_ascension_mode":true,"campfire_choices":[{"data":"Zap","floor":6.0,"key":"SMITH"},{"floor":11.0,"key":"REST"},{"data":"Redo","floor":15.0,"key":"SMITH"}],"neow_cost":"NONE","seed_source_timestamp":1603690699168724,"circlet_count":0,"master_deck":["AscendersBane","Strike_B","Strike_B","Defend_B","Defend_B","Defend_B","Defend_B","Zap+1","Dualcast","Multi-Cast","Redo+1","Chaos","Rainbow","Doom and Gloom","Auto Shields","Auto Shields","Buffer","Self Repair"],"special_seed":0,"relics":["Cracked Core","Smiling Mask","Pen Nib","PreservedInsect","Velvet Choker"],"potions_floor_usage":[],"damage_taken":[{"damage":1.0,"enemies":"2 Louse","floor":1.0,"turns":3.0},{"damage":3.0,"enemies":"Cultist","floor":4.0,"turns":6.0},{"damage":45.0,"enemies":"Gremlin Nob","floor":7.0,"turns":5.0},{"damage":2.0,"enemies":"Jaw Worm","floor":8.0,"turns":2.0},{"damage":6.0,"enemies":"3 Louse","floor":10.0,"turns":2.0},{"damage":2.0,"enemies":"Exordium Wildlife","floor":12.0,"turns":3.0},{"damage":0.0,"enemies":"Lagavulin","floor":14.0,"turns":6.0},{"damage":9.0,"enemies":"The Guardian","floor":16.0,"turns":9.0},{"damage":0.0,"enemies":"Chosen","floor":18.0,"turns":3.0},{"damage":11.0,"enemies":"Spheric Guardian","floor":19.0,"turns":4.0},{"damage":29.0,"enemies":"Centurion and Healer","floor":20.0,"turns":7.0},{"damage":32,"enemies":"Snake Plant","floor":21,"turns":3}],"seed_played":"8807660883707390560","potions_obtained":[{"floor":8.0,"key":"Explosive Potion"},{"floor":12.0,"key":"LiquidBronze"},{"floor":18.0,"key":"Poison Potion"},{"floor":19.0,"key":"Regen Potion"}],"is_trial":false,"path_per_floor":["M","$","?","M","$","R","E","M","T","M","R","M","$","E","R","B",null,"M","M","M","M"],"character_chosen":"DEFECT","items_purchased":["Chaos","Rainbow"],"campfire_rested":1,"item_purchase_floors":[2,5],"current_hp_per_floor":[67,67,67,64,64,64,19,17,17,11,33,31,31,31,31,22,62,62,51,27,0],"gold":218,"neow_bonus":"ONE_RANDOM_RARE_CARD","is_prod":false,"is_daily":false,"chose_seed":false,"campfire_upgraded":2,"win_rate":0,"timestamp":1557094069,"path_taken":["M","$","?","?","?","R","E","M","T","M","R","M","$","E","R","BOSS","M","M","?","M"],"build_version":"2019-01-23","purchased_purges":1,"victory":false,"max_hp_per_floor":[75,75,75,75,75,75,75,75,75,75,75,75,75,75,75,75,75,75,75,75,75],"card_choices":[{"not_picked":["Turbo","Steam Power"],"picked":"Redo","floor":1.0},{"not_picked":["Heatsinks","Hologram","Barrage"],"picked":"SKIP","floor":4.0},{"not_picked":["Glacier","Chaos"],"picked":"Doom and Gloom","floor":7.0},{"not_picked":["Stack","Turbo"],"picked":"Auto Shields","floor":8.0},{"not_picked":["Steam","Redo","Streamline"],"picked":"SKIP","floor":10.0},{"not_picked":["Capacitor","Rainbow","Barrage"],"picked":"SKIP","floor":12.0},{"not_picked":["Genetic Algorithm","Capacitor"],"picked":"Auto Shields","floor":14.0},{"not_picked":["All For One","Core Surge"],"picked":"Buffer","floor":16.0},{"not_picked":["Leap","Force Field","Sunder+1"],"picked":"SKIP","floor":18.0},{"not_picked":["Beam Cell+1","Coolheaded","Scrape+1"],"picked":"SKIP","floor":19.0},{"not_picked":["Conserve Battery","Rebound"],"picked":"Self Repair","floor":20}],"player_experience":253924,"relics_obtained":[{"floor":7.0,"key":"Smiling Mask"},{"floor":9.0,"key":"Pen Nib"},{"floor":14.0,"key":"PreservedInsect"}],"event_choices":[{"cards_removed":["Strike_B"],"damage_healed":0.0,"max_hp_gain":0.0,"max_hp_loss":0.0,"gold_gain":0.0,"event_name":"Purifier","player_choice":"Purged","floor":3.0,"gold_loss":0.0,"damage_taken":0.0}],"is_beta":false,"boss_relics":[{"not_picked":["Coffee Dripper","White Beast Statue"],"picked":"Velvet Choker"}],"items_purged_floors":[13],"is_endless":false,"potions_floor_spawned":[8,12,14,18,19],"killed_by":"Snake Plant","ascension_level":11}