{"gold_per_floor":[109,109,34,309,326,326,355,355,355,384,201,211,221,234,234,339,339,353,353,371,383,482,514,532,532,532,567,567,596,95,20,20,122,122,135,152,152,152,152,180,197,232,232,232,232],"floor_reached":45,"playtime":3227,"items_purged":["Defend_G","Regret","Strike_G"],"score":667,"play_id":"1f117c48-c3a1-4e05-a41f-af88becea1e2","local_time":"20190306225059","is_ascension_mode":true,"campfire_choices":[{"data":"Reflex","floor":6.0,"key":"SMITH"},{"data":"Dagger Spray","floor":8.0,"key":"SMITH"},{"floor":15.0,"key":"REST"},{"floor":25.0,"key":"REST"},{"data":"Prepared","floor":28.0,"key":"SMITH"},{"floor":32.0,"key":"REST"},{"floor":44,"key":"REST"}],"neow_cost":"NONE","seed_source_timestamp":427941192939600,"circlet_count":0,"master_deck":["Defend_G+1","Defend_G","Defend_G","Defend_G+1","Strike_G+1","Strike_G","Strike_G","Survivor+1","Neutralize","Reflex+1","PiercingWail","Dagger Spray+1","Prepared+1","Acrobatics","Footwork","Caltrops","Blade Dance+1","Underhanded Strike","Escape Plan","Corpse Explosion","Underhanded Strike","Endless Agony+1","Dodge and Roll","Eviscerate","Dagger Throw+1","Caltrops","Leg Sweep","Well Laid Plans","Blade Dance+1","Madness","Madness","Bandage Up","Prepared+1"],"special_seed":0,"relics":["Ring of the Snake","Pear","Kunai","Prayer Wheel","Philosopher\u0027s Stone","Letter Opener","Bag of Marbles","War Paint","Blood Vial","Mango","White Beast Statue","Torii","Tingsha"],"potions_floor_usage":[42,45,45],"damage_taken":[{"damage":0.0,"enemies":"Jaw Worm","floor":1.0,"turns":5.0},{"damage":3.0,"enemies":"Cultist","floor":5.0,"turns":3.0},{"damage":22.0,"enemies":"Gremlin Nob","floor":7.0,"turns":4.0},{"damage":32.0,"enemies":"Lagavulin","floor":10.0,"turns":10.0},{"damage":0.0,"enemies":"2 Louse","floor":12.0,"turns":1.0},{"damage":2.0,"enemies":"Red Slaver","floor":13.0,"turns":5.0},{"damage":0.0,"enemies":"Blue Slaver","floor":14.0,"turns":4.0},{"damage":16.0,"enemies":"Hexaghost","floor":16.0,"turns":13.0},{"damage":2.0,"enemies":"2 Thieves","floor":18.0,"turns":3.0},{"damage":0.0,"enemies":"Chosen","floor":20.0,"turns":4.0},{"damage":28.0,"enemies":"Snake Plant","floor":21.0,"turns":6.0},{"damage":9.0,"enemies":"Gremlin Leader","floor":23.0,"turns":9.0},{"damage":22.0,"enemies":"Shelled Parasite and Fungi","floor":24.0,"turns":4.0},{"damage":18.0,"enemies":"Slavers","floor":27.0,"turns":4.0},{"damage":28.0,"enemies":"Gremlin Leader","floor":29.0,"turns":7.0},{"damage":38.0,"enemies":"Collector","floor":33.0,"turns":10.0},{"damage":8.0,"enemies":"3 Darklings","floor":35.0,"turns":4.0},{"damage":1.0,"enemies":"Orb Walker","floor":36.0,"turns":4.0},{"damage":57.0,"enemies":"Nemesis","floor":40.0,"turns":9.0},{"damage":6.0,"enemies":"Jaw Worm Horde","floor":41.0,"turns":5.0},{"damage":34,"enemies":"Reptomancer","floor":42,"turns":10},{"damage":57,"enemies":"Nemesis","floor":45,"turns":4}],"seed_played":"-6343446149450601243","potions_obtained":[{"floor":5.0,"key":"Fire Potion"},{"floor":12.0,"key":"SkillPotion"},{"floor":14.0,"key":"GhostInAJar"},{"floor":16.0,"key":"FearPotion"},{"floor":21.0,"key":"AttackPotion"},{"floor":24.0,"key":"SpeedPotion"},{"floor":27.0,"key":"FearPotion"},{"floor":33.0,"key":"Regen Potion"},{"floor":35.0,"key":"Swift Potion"},{"floor":36.0,"key":"PowerPotion"},{"floor":40.0,"key":"PowerPotion"},{"floor":41.0,"key":"Poison Potion"},{"floor":42,"key":"Poison Potion"}],"is_trial":false,"path_per_floor":["M","?","$","?","M","R","E","R","T","E","$","M","M","M","R","B",null,"M","?","M","M","?","E","M","R","T","E","R","E","$","?","R","B",null,"M","M","?","?","?","E","M","E","T","R","E"],"character_chosen":"THE_SILENT","items_purchased":["Acrobatics","Footwork","Mango","Well Laid Plans"],"campfire_rested":4,"item_purchase_floors":[11,11,30,30],"current_hp_per_floor":[77,62,62,62,59,59,47,47,47,15,15,15,13,13,39,23,87,85,85,85,57,57,48,26,52,52,34,34,6,20,20,50,14,101,93,94,81,81,81,45,45,17,17,47,0],"gold":232,"neow_bonus":"TEN_PERCENT_HP_BONUS","is_prod":false,"is_daily":false,"chose_seed":false,"campfire_upgraded":3,"win_rate":0,"timestamp":1551909059,"path_taken":["M","?","$","?","M","R","E","R","T","E","$","M","M","?","R","BOSS","M","?","?","M","?","E","M","R","T","E","R","E","$","?","R","BOSS","M","M","?","?","?","E","M","E","T","R","E"],"build_version":"2019-01-23","purchased_purges":3,"victory":false,"max_hp_per_floor":[77,77,77,77,77,77,87,87,87,87,87,87,87,87,87,87,87,87,87,87,87,87,87,87,87,87,87,87,87,101,101,101,101,101,101,101,101,101,101,101,101,101,101,101,101],"card_choices":[{"not_picked":["Outmaneuver","Acrobatics"],"picked":"Reflex","floor":1.0},{"not_picked":["Finisher","Sucker Punch"],"picked":"PiercingWail","floor":5.0},{"not_picked":["Poisoned Stab","Outmaneuver"],"picked":"Dagger Spray","floor":7.0},{"not_picked":["Catalyst","Flying Knee"],"picked":"Prepared","floor":10.0},{"not_picked":["Outmaneuver","Prepared"],"picked":"Caltrops","floor":12.0},{"not_picked":["Bane","Glass Knife"],"picked":"Blade Dance","floor":12.0},{"not_picked":["Eviscerate","Catalyst"],"picked":"Underhanded Strike","floor":13.0},{"not_picked":["Deflect","Bouncing Flask","Outmaneuver"],"picked":"SKIP","floor":13.0},{"not_picked":["Deadly Poison","Acrobatics"],"picked":"Escape Plan","floor":14.0},{"not_picked":["Distraction","Wraith Form v2","Bouncing Flask"],"picked":"SKIP","floor":14.0},{"not_picked":["After Image","Burst"],"picked":"Corpse Explosion","floor":16.0},{"not_picked":["Prepared","Acrobatics+1"],"picked":"Underhanded Strike","floor":18.0},{"not_picked":["Slice","Backflip","Dagger Spray"],"picked":"SKIP","floor":18.0},{"not_picked":["Sucker Punch+1","Crippling Poison"],"picked":"Endless Agony+1","floor":20.0},{"not_picked":["Expertise","Masterful Stab"],"picked":"Dodge and Roll","floor":20.0},{"not_picked":["Doppelganger","Sucker Punch+1"],"picked":"Eviscerate","floor":21.0},{"not_picked":["Heel Hook","Bouncing Flask","PiercingWail"],"picked":"SKIP","floor":21.0},{"not_picked":["Heel Hook","Bouncing Flask","PiercingWail"],"picked":"SKIP","floor":21.0},{"not_picked":["Skewer+1","Footwork+1"],"picked":"Dagger Throw+1","floor":23.0},{"not_picked":["Crippling Poison+1","Flying Knee","Dodge and Roll"],"picked":"SKIP","floor":24.0},{"not_picked":["Acrobatics","Eviscerate","Slice+1"],"picked":"SKIP","floor":24.0},{"not_picked":["Expertise","Slice"],"picked":"Caltrops","floor":27.0},{"not_picked":["Quick Slash","Blade Dance"],"picked":"Leg Sweep","floor":29.0},{"not_picked":["Flechettes","Dagger Throw","Eviscerate+1"],"picked":"SKIP","floor":35.0},{"not_picked":["Footwork","Bouncing Flask+1","Masterful Stab"],"picked":"SKIP","floor":35.0},{"not_picked":["Infinite Blades+1","Deflect+1"],"picked":"Blade Dance+1","floor":36.0},{"not_picked":["Catalyst+1","Quick Slash+1","Leg Sweep"],"picked":"SKIP","floor":36.0},{"not_picked":["HandOfGreed","Impatience"],"picked":"Bandage Up","floor":38.0},{"not_picked":["Backstab","Masterful Stab","Bane+1"],"picked":"SKIP","floor":40.0},{"not_picked":["Blade Dance+1","Poisoned Stab","PiercingWail+1"],"picked":"SKIP","floor":41.0},{"not_picked":["Eviscerate","Dagger Throw+1","Masterful Stab"],"picked":"SKIP","floor":41.0},{"not_picked":["Eviscerate+1","Deadly Poison+1"],"picked":"Prepared+1","floor":42}],"player_experience":19211,"relics_obtained":[{"floor":7.0,"key":"Pear"},{"floor":9.0,"key":"Kunai"},{"floor":10.0,"key":"Prayer Wheel"},{"floor":23.0,"key":"Letter Opener"},{"floor":26.0,"key":"Bag of Marbles"},{"floor":27.0,"key":"War Paint"},{"floor":29.0,"key":"Blood Vial"},{"floor":40.0,"key":"Torii"},{"floor":42,"key":"Tingsha"}],"event_choices":[{"damage_healed":0.0,"max_hp_gain":0.0,"max_hp_loss":0.0,"gold_gain":0.0,"event_name":"Shining Light","player_choice":"Entered Light","floor":2.0,"gold_loss":0.0,"damage_taken":15.0,"cards_upgraded":["Survivor","Strike_G"]},{"damage_healed":0.0,"max_hp_gain":0.0,"max_hp_loss":0.0,"gold_gain":275.0,"event_name":"Golden Shrine","player_choice":"Desecrate","floor":4.0,"gold_loss":0.0,"damage_taken":0.0,"cards_obtained":["Regret"]},{"damage_healed":0.0,"max_hp_gain":0.0,"max_hp_loss":0.0,"gold_gain":0.0,"event_name":"Accursed Blacksmith","player_choice":"Forge","floor":19.0,"gold_loss":0.0,"damage_taken":0.0,"cards_upgraded":["Blade Dance"]},{"damage_healed":0.0,"max_hp_gain":0.0,"max_hp_loss":0.0,"gold_gain":99.0,"event_name":"Nest","player_choice":"Stole From Cult","floor":22.0,"gold_loss":0.0,"damage_taken":0.0},{"cards_removed":["Strike_G"],"damage_healed":0.0,"max_hp_gain":0.0,"max_hp_loss":0.0,"gold_gain":0.0,"event_name":"Beggar","player_choice":"Gave Gold","floor":31.0,"gold_loss":75.0,"damage_taken":0.0},{"damage_healed":0.0,"max_hp_gain":0.0,"max_hp_loss":0.0,"gold_gain":0.0,"event_name":"Winding Halls","player_choice":"Embrace Madness","floor":37.0,"gold_loss":0.0,"damage_taken":13.0,"cards_obtained":["Madness","Madness"]},{"damage_healed":0.0,"max_hp_gain":0.0,"max_hp_loss":0.0,"gold_gain":0.0,"event_name":"SensoryStone","player_choice":"Memory 1","floor":38.0,"gold_loss":0.0,"damage_taken":0.0},{"damage_healed":0.0,"max_hp_gain":0.0,"max_hp_loss":0.0,"gold_gain":0.0,"event_name":"The Woman in Blue","player_choice":"Bought 0 Potions","floor":39.0,"gold_loss":0.0,"damage_taken":0.0}],"is_beta":false,"boss_relics":[{"not_picked":["Empty Cage","Ring of the Serpent"],"picked":"Philosopher\u0027s Stone"},{"not_picked":["Runic Dome","Velvet Choker"],"picked":"White Beast Statue"}],"items_purged_floors":[3,11,30],"is_endless":false,"potions_floor_spawned":[5,12,14,16,21,24,27,33,35,36,40,41,42],"killed_by":"Nemesis","ascension_level":1}