{"gold_per_floor":[112,112,112,128,138,168,179,256,324,10,10,10,28,44,44,141,141,157,177,31,49,49,49,49,49,49,61,71,19,19,48,48,145,145,158,158,0,10,24,24,24,44,97,110,110,35,35,47,47,47],"floor_reached":51,"playtime":3965,"items_purged":["Shame"],"score":719,"play_id":"f589013f-a678-4ae4-a9ee-81963e45930a","local_time":"20190624200543","is_ascension_mode":false,"campfire_choices":[{"data":"Infernal Blade","floor":15,"key":"SMITH"},{"floor":23,"key":"REST"},{"data":"Flex","floor":25,"key":"SMITH"},{"data":"Double Tap","floor":32,"key":"SMITH"},{"floor":40,"key":"REST"},{"floor":45,"key":"REST"},{"floor":47,"key":"REST"},{"floor":49,"key":"REST"}],"neow_cost":"NONE","seed_source_timestamp":1385280856971491,"circlet_count":0,"master_deck":["Strike_R","Strike_R","Strike_R","Strike_R","Strike_R","Defend_R","Defend_R","Defend_R","Defend_R","Bash","Purity","Anger+1","Pommel Strike","Heavy Blade","Battle Trance","Infernal Blade+1","Intimidate","Trip","Cleave","Feel No Pain","Impervious","Spot Weakness","Havoc+1","Flex+1","Shrug It Off","Uppercut+1","Double Tap+1","Double Tap","Pommel Strike+1","Madness","Madness","Perfected Strike+1","Thunderclap+1","Doubt","Armaments","Injury","Flex","Wild Strike+1"],"relics":["Burning Blood","Charon\u0027s Ashes","Pen Nib","Pear","Anchor","Lantern","Cursed Key","Bottled Tornado","Ice Cream","Philosopher\u0027s Stone","Red Mask","Potion Belt"],"potions_floor_usage":[16,16,27,33,33,39,44,48,50],"damage_taken":[{"damage":3,"enemies":"Jaw Worm","floor":1,"turns":5},{"damage":0,"enemies":"Small Slimes","floor":4,"turns":3},{"damage":1,"enemies":"Cultist","floor":5,"turns":3},{"damage":50,"enemies":"Gremlin Nob","floor":6,"turns":6},{"damage":0,"enemies":"Large Slime","floor":7,"turns":4},{"damage":4,"enemies":"Lots of Slimes","floor":13,"turns":3},{"damage":0,"enemies":"Gremlin Gang","floor":14,"turns":1},{"damage":67,"enemies":"The Guardian","floor":16,"turns":9},{"damage":6,"enemies":"3 Byrds","floor":18,"turns":5},{"damage":19,"enemies":"Shell Parasite","floor":19,"turns":5},{"damage":5,"enemies":"Snake Plant","floor":21,"turns":3},{"damage":0,"enemies":"Shelled Parasite and Fungi","floor":27,"turns":4},{"damage":0,"enemies":"Centurion and Healer","floor":28,"turns":3},{"damage":9,"enemies":"Book of Stabbing","floor":31,"turns":5},{"damage":91,"enemies":"Collector","floor":33,"turns":11},{"damage":25,"enemies":"3 Darklings","floor":35,"turns":5},{"damage":4,"enemies":"3 Shapes","floor":38,"turns":3},{"damage":44,"enemies":"3 Darklings","floor":39,"turns":4},{"damage":62,"enemies":"Sphere and 2 Shapes","floor":42,"turns":5},{"damage":17,"enemies":"Jaw Worm Horde","floor":44,"turns":5},{"damage":16,"enemies":"3 Darklings","floor":48,"turns":5},{"damage":111,"enemies":"Donu and Deca","floor":50,"turns":11}],"seed_played":"2131100667068436912","potions_obtained":[{"floor":4,"key":"GamblersBrew"},{"floor":7,"key":"FearPotion"},{"floor":14,"key":"GamblersBrew"},{"floor":16,"key":"SpeedPotion"},{"floor":19,"key":"Block Potion"},{"floor":24,"key":"EssenceOfSteel"},{"floor":33,"key":"EssenceOfSteel"},{"floor":38,"key":"Dexterity Potion"},{"floor":42,"key":"AttackPotion"},{"floor":44,"key":"Explosive Potion"}],"is_trial":false,"path_per_floor":["M","?","?","M","M","E","M","?","T","$","?","?","M","M","R","B",null,"M","M","$","M","?","R","?","R","T","M","M","$","?","E","R","B",null,"M","?","?","M","M","R","?","M","T","M","R","$","R","M","R","B",null],"character_chosen":"IRONCLAD","items_purchased":["Anchor","Intimidate","Trip","Swift Potion","FairyPotion","Explosive Potion"],"campfire_rested":5,"item_purchase_floors":[10,10,10,20,20,29],"current_hp_per_floor":[80,62,62,68,73,29,35,35,45,45,75,75,77,83,83,22,90,90,77,77,78,60,88,88,88,88,94,95,95,95,92,92,7,95,76,64,64,66,28,56,95,39,39,28,56,56,84,74,95,15],"gold":47,"neow_bonus":"RANDOM_COLORLESS","is_prod":false,"is_daily":false,"chose_seed":false,"campfire_upgraded":3,"win_rate":0,"timestamp":1561421143,"path_taken":["M","?","?","M","?","E","M","?","T","$","?","?","M","M","R","BOSS","M","M","?","?","?","R","?","R","T","?","M","$","?","E","R","BOSS","M","?","?","?","M","R","?","M","T","M","R","$","R","M","R","BOSS"],"build_version":"2019-01-23","purchased_purges":1,"victory":true,"max_hp_per_floor":[80,80,80,80,80,80,80,80,90,90,90,90,90,90,90,90,90,90,90,90,90,95,95,95,95,95,95,95,95,95,95,95,95,95,95,95,95,95,95,95,95,95,95,95,95,95,95,95,95,95],"card_choices":[{"not_picked":["Battle Trance","Perfected Strike"],"picked":"Anger","floor":1},{"not_picked":["Warcry","Sword Boomerang"],"picked":"Pommel Strike","floor":4},{"not_picked":["Warcry","Pommel Strike"],"picked":"Heavy Blade","floor":5},{"not_picked":["Heavy Blade","Corruption"],"picked":"Battle Trance","floor":6},{"not_picked":["Disarm","Headbutt"],"picked":"Infernal Blade","floor":7},{"not_picked":["True Grit","Heavy Blade"],"picked":"Cleave","floor":13},{"not_picked":["Hemokinesis","Searing Blow"],"picked":"Feel No Pain","floor":14},{"not_picked":["Immolate","Berserk"],"picked":"Impervious","floor":16},{"not_picked":["Perfected Strike","Corruption+1"],"picked":"Spot Weakness","floor":18},{"not_picked":["Thunderclap","Clothesline"],"picked":"Havoc+1","floor":19},{"not_picked":["Perfected Strike","Dual Wield"],"picked":"Flex","floor":21},{"not_picked":["Uppercut","Thunderclap"],"picked":"Shrug It Off","floor":27},{"not_picked":["Reckless Charge","Burning Pact"],"picked":"Uppercut+1","floor":28},{"not_picked":["Flame Barrier","Spot Weakness"],"picked":"Double Tap","floor":31},{"not_picked":["Exhume","Berserk"],"picked":"Double Tap","floor":33},{"not_picked":["Dual Wield","Warcry+1"],"picked":"Pommel Strike+1","floor":35},{"not_picked":["Iron Wave","Heavy Blade"],"picked":"Perfected Strike+1","floor":38},{"not_picked":["Evolve","Sentinel+1"],"picked":"Thunderclap+1","floor":39},{"not_picked":["Sword Boomerang","Burning Pact"],"picked":"Armaments","floor":42},{"not_picked":["Warcry","Perfected Strike"],"picked":"Flex","floor":44},{"not_picked":["Feel No Pain+1","Armaments"],"picked":"Wild Strike+1","floor":48}],"player_experience":1207234,"relics_obtained":[{"floor":6,"key":"Pen Nib"},{"floor":9,"key":"Pear"},{"floor":26,"key":"Bottled Tornado"},{"floor":31,"key":"Ice Cream"},{"floor":43,"key":"Potion Belt"}],"event_choices":[{"damage_healed":0,"gold_gain":0,"player_choice":"Success","damage_taken":18,"relics_obtained":["Charon\u0027s Ashes"],"max_hp_gain":0,"max_hp_loss":0,"event_name":"Scrap Ooze","floor":2,"gold_loss":0},{"damage_healed":0,"gold_gain":0,"player_choice":"Forge","damage_taken":0,"max_hp_gain":0,"max_hp_loss":0,"event_name":"Accursed Blacksmith","floor":3,"gold_loss":0,"cards_upgraded":["Anger"]},{"damage_healed":0,"gold_gain":77,"player_choice":"Gained Gold","damage_taken":0,"max_hp_gain":0,"max_hp_loss":0,"event_name":"Golden Wing","floor":8,"gold_loss":0},{"damage_healed":30,"gold_gain":0,"player_choice":"Banana","damage_taken":0,"max_hp_gain":0,"max_hp_loss":0,"event_name":"Big Fish","floor":11,"gold_loss":0},{"damage_healed":0,"gold_gain":0,"player_choice":"Gave Potion","damage_taken":0,"relics_obtained":["Lantern"],"max_hp_gain":0,"max_hp_loss":0,"event_name":"WeMeetAgain","floor":12,"gold_loss":0},{"damage_healed":0,"gold_gain":0,"player_choice":"Shed Blood","damage_taken":23,"max_hp_gain":5,"max_hp_loss":0,"event_name":"Forgotten Altar","floor":22,"gold_loss":0},{"damage_healed":0,"gold_gain":0,"player_choice":"Got Potions","damage_taken":0,"max_hp_gain":0,"max_hp_loss":0,"event_name":"Lab","floor":24,"gold_loss":0},{"damage_healed":0,"gold_gain":0,"player_choice":"Ignored","damage_taken":0,"max_hp_gain":0,"max_hp_loss":0,"event_name":"Beggar","floor":30,"gold_loss":0},{"damage_healed":0,"gold_gain":0,"player_choice":"Embrace Madness","damage_taken":12,"max_hp_gain":0,"max_hp_loss":0,"event_name":"Winding Halls","floor":36,"gold_loss":0,"cards_obtained":["Madness","Madness"]},{"damage_healed":0,"gold_gain":0,"player_choice":"Paid","damage_taken":0,"relics_obtained":["Red Mask"],"max_hp_gain":0,"max_hp_loss":0,"event_name":"Tomb of Lord Red Mask","floor":37,"gold_loss":158},{"damage_healed":39,"gold_gain":0,"player_choice":"Heal","damage_taken":0,"max_hp_gain":0,"max_hp_loss":0,"event_name":"MindBloom","floor":41,"gold_loss":0,"cards_obtained":["Doubt"]}],"is_beta":false,"boss_relics":[{"not_picked":["Snecko Eye","Orrery"],"picked":"Cursed Key"},{"not_picked":["Coffee Dripper","Black Blood"],"picked":"Philosopher\u0027s Stone"}],"items_purged_floors":[46],"is_endless":false,"potions_floor_spawned":[4,7,14,16,19,33,38,42,44],"ascension_level":0}