{"gold_per_floor":[217,167,242,8,8,8,40,40,40,71,71,71],"floor_reached":12,"playtime":492,"items_purged":[],"score":90,"play_id":"d86a1cdd-8b8e-4936-9547-c0e63f5b9e30","local_time":"20190308120706","is_ascension_mode":true,"campfire_choices":[{"data":"Leg Sweep","floor":6,"key":"SMITH"},{"data":"Bouncing Flask","floor":8,"key":"SMITH"},{"floor":11,"key":"REST"}],"neow_cost":"NONE","seed_source_timestamp":564910148932703,"circlet_count":0,"master_deck":["Defend_G","Defend_G","Defend_G","Strike_G","Strike_G","Strike_G","Strike_G","Strike_G","Survivor","Neutralize","PiercingWail","Leg Sweep+1","Bouncing Flask+1","Catalyst"],"relics":["Ring of the Snake","Snake Skull","Smiling Mask","Bottled Lightning","Girya"],"potions_floor_usage":[12],"damage_taken":[{"damage":0,"enemies":"2 Louse","floor":1,"turns":3},{"damage":32,"enemies":"3 Sentries","floor":7,"turns":18},{"damage":18,"enemies":"Lagavulin","floor":10,"turns":5},{"damage":26,"enemies":"3 Sentries","floor":12,"turns":6}],"seed_played":"512559461013528423","potions_obtained":[{"floor":10,"key":"Explosive Potion"}],"is_trial":false,"path_per_floor":["M","?","?","$","?","R","E","R","T","E","R","E"],"character_chosen":"THE_SILENT","items_purchased":["Snake Skull","Leg Sweep"],"campfire_rested":1,"item_purchase_floors":[4,4],"current_hp_per_floor":[70,70,59,59,52,52,20,20,20,2,23,0],"gold":71,"neow_bonus":"HUNDRED_GOLD","is_prod":false,"is_daily":false,"chose_seed":false,"campfire_upgraded":2,"win_rate":0,"timestamp":1552043226,"path_taken":["M","?","?","$","?","R","E","R","T","E","R","E"],"build_version":"2019-01-23","purchased_purges":0,"victory":false,"max_hp_per_floor":[70,70,70,70,70,70,70,70,70,70,70,70],"card_choices":[{"not_picked":["Eviscerate","Predator"],"picked":"PiercingWail","floor":1},{"not_picked":["Slice","Riddle With Holes"],"picked":"Bouncing Flask","floor":7},{"not_picked":["Infinite Blades","Footwork"],"picked":"Catalyst","floor":10}],"player_experience":33817,"relics_obtained":[{"floor":7,"key":"Smiling Mask"},{"floor":9,"key":"Bottled Lightning"},{"floor":10,"key":"Girya"}],"event_choices":[{"cards_removed":["Defend_G"],"damage_healed":0,"gold_gain":0,"player_choice":"Card Removal","damage_taken":0,"max_hp_gain":0,"max_hp_loss":0,"event_name":"The Cleric","floor":2,"gold_loss":50},{"damage_healed":0,"gold_gain":75,"player_choice":"Gather Gold","damage_taken":11,"max_hp_gain":0,"max_hp_loss":0,"event_name":"World of Goop","floor":3,"gold_loss":0},{"cards_removed":["Defend_G"],"damage_healed":0,"gold_gain":0,"player_choice":"Card Removal","damage_taken":7,"max_hp_gain":0,"max_hp_loss":0,"event_name":"Golden Wing","floor":5,"gold_loss":0}],"is_beta":false,"boss_relics":[],"items_purged_floors":[],"is_endless":false,"potions_floor_spawned":[10],"killed_by":"3 Sentries","ascension_level":2}