{"gold_per_floor":[114,114,114,39,58,58,71,81,104,129,129,146,157,191,191,269,269,282,299,318,218,230,259,259,273,351,351,378,378,390,97,97,97],"floor_reached":33,"playtime":1454,"items_purged":["Shame","Strike_B","Doom and Gloom"],"score":530,"play_id":"43628c4e-8ced-4609-8ae3-bb3938fade6a","local_time":"20190607113651","is_ascension_mode":true,"campfire_choices":[{"floor":6.0,"key":"REST"},{"data":"Sunder","floor":11.0,"key":"SMITH"},{"data":"Reinforced Body","floor":15.0,"key":"SMITH"},{"data":"Zap","floor":24.0,"key":"SMITH"},{"data":"Dualcast","floor":27.0,"key":"SMITH"},{"floor":32.0,"key":"REST"}],"neow_cost":"CURSE","seed_source_timestamp":215885596581162,"circlet_count":0,"master_deck":["AscendersBane","Defend_B","Defend_B","Defend_B","Zap+1","Dualcast+1","Electrodynamics","Defragment+1","Genetic Algorithm","Sunder+1","Reinforced Body+1","Self Repair","Thunder Strike+1","Echo Form","Core Surge+1","Hologram+1","Auto Shields+1","Steam","Ball Lightning+1","Conserve Battery","Sunder+1","Leap+1"],"special_seed":0,"relics":["Cracked Core","Blood Vial","Lantern","Omamori","Pear","Astrolabe","Ancient Tea Set","Letter Opener","Red Mask","Whetstone"],"potions_floor_usage":[],"damage_taken":[{"damage":12.0,"enemies":"Small Slimes","floor":1.0,"turns":2.0},{"damage":1.0,"enemies":"Cultist","floor":5.0,"turns":3.0},{"damage":3.0,"enemies":"2 Louse","floor":7.0,"turns":3.0},{"damage":1.0,"enemies":"Exordium Wildlife","floor":8.0,"turns":2.0},{"damage":15.0,"enemies":"3 Sentries","floor":10.0,"turns":5.0},{"damage":0.0,"enemies":"Looter","floor":12.0,"turns":2.0},{"damage":6.0,"enemies":"Red Slaver","floor":13.0,"turns":3.0},{"damage":8.0,"enemies":"Gremlin Nob","floor":14.0,"turns":3.0},{"damage":40.0,"enemies":"The Guardian","floor":16.0,"turns":12.0},{"damage":17.0,"enemies":"2 Thieves","floor":18.0,"turns":4.0},{"damage":12.0,"enemies":"Chosen","floor":19.0,"turns":5.0},{"damage":14.0,"enemies":"Snake Plant","floor":20.0,"turns":4.0},{"damage":17.0,"enemies":"Snecko","floor":22.0,"turns":5.0},{"damage":22.0,"enemies":"Gremlin Leader","floor":23.0,"turns":7.0},{"damage":0.0,"enemies":"Chosen and Byrds","floor":25.0,"turns":6.0},{"damage":39.0,"enemies":"Masked Bandits","floor":28.0,"turns":4.0},{"damage":9.0,"enemies":"Snake Plant","floor":30.0,"turns":4.0},{"damage":68,"enemies":"Collector","floor":33,"turns":6}],"seed_played":"-7409983662169513477","potions_obtained":[{"floor":1.0,"key":"SteroidPotion"},{"floor":8.0,"key":"Strength Potion"},{"floor":10.0,"key":"Energy Potion"},{"floor":13.0,"key":"PowerPotion"},{"floor":14.0,"key":"LiquidBronze"},{"floor":18.0,"key":"Block Potion"},{"floor":19.0,"key":"SkillPotion"},{"floor":28.0,"key":"Fire Potion"}],"is_trial":false,"path_per_floor":["M","?","?","$","M","R","M","M","T","E","R","M","M","E","R","B",null,"M","M","M","$","M","E","R","M","T","R","?","?","M","$","R","B"],"character_chosen":"DEFECT","items_purchased":["Whetstone"],"campfire_rested":2,"item_purchase_floors":[31],"current_hp_per_floor":[52,26,26,26,27,48,47,48,48,35,35,37,33,44,44,13,64,56,53,48,48,40,34,34,43,43,43,13,13,13,13,37,0],"gold":97,"neow_bonus":"THREE_RARE_CARDS","is_prod":false,"is_daily":false,"chose_seed":false,"campfire_upgraded":4,"win_rate":0,"timestamp":1559900211,"path_taken":["M","?","?","$","M","R","M","?","T","E","R","M","M","E","R","BOSS","M","M","M","$","M","E","R","M","T","R","?","?","M","$","R","BOSS"],"build_version":"2019-01-23","purchased_purges":3,"victory":false,"max_hp_per_floor":[71,71,71,71,71,71,71,71,71,71,71,71,71,81,81,81,81,81,81,81,81,81,81,81,81,81,81,81,81,81,81,81,81],"card_choices":[{"not_picked":["Multi-Cast","All For One"],"picked":"Electrodynamics","floor":0.0},{"not_picked":["Streamline","Scrape"],"picked":"Defragment","floor":1.0},{"not_picked":["Heatsinks","Leap"],"picked":"Genetic Algorithm","floor":5.0},{"not_picked":["Melter","Double Energy"],"picked":"Sunder","floor":7.0},{"not_picked":["Streamline","Recycle"],"picked":"Reinforced Body","floor":8.0},{"not_picked":["Streamline","Barrage","Beam Cell"],"picked":"SKIP","floor":10.0},{"not_picked":["Cold Snap","Genetic Algorithm","Rebound"],"picked":"SKIP","floor":12.0},{"not_picked":["Compile Driver","Beam Cell"],"picked":"Self Repair","floor":13.0},{"not_picked":["Gash","Barrage"],"picked":"Thunder Strike","floor":14.0},{"not_picked":["Thunder Strike","Rainbow"],"picked":"Echo Form","floor":16.0},{"not_picked":["Sweeping Beam","FTL+1"],"picked":"Steam","floor":18.0},{"not_picked":["Undo","Chaos+1"],"picked":"Ball Lightning+1","floor":19.0},{"not_picked":["Gash","Self Repair"],"picked":"Turbo","floor":20.0},{"not_picked":["Ball Lightning","Defragment","Recycle"],"picked":"SKIP","floor":22.0},{"not_picked":["Coolheaded","Hologram"],"picked":"Conserve Battery","floor":23.0},{"not_picked":["Doom and Gloom","Go for the Eyes","Capacitor"],"picked":"SKIP","floor":25.0},{"not_picked":["Rebound","Hologram"],"picked":"Leap+1","floor":30.0}],"player_experience":535210,"relics_obtained":[{"floor":9.0,"key":"Lantern"},{"floor":10.0,"key":"Omamori"},{"floor":14.0,"key":"Pear"},{"floor":23.0,"key":"Ancient Tea Set"},{"floor":26.0,"key":"Letter Opener"},{"floor":28.0,"key":"Red Mask"}],"event_choices":[{"damage_healed":0.0,"max_hp_gain":0.0,"max_hp_loss":0.0,"gold_gain":0.0,"event_name":"Scrap Ooze","player_choice":"Success","floor":2.0,"gold_loss":0.0,"damage_taken":26.0,"relics_obtained":["Blood Vial"]},{"damage_healed":0.0,"max_hp_gain":0.0,"max_hp_loss":0.0,"gold_gain":0.0,"event_name":"Upgrade Shrine","player_choice":"Upgraded","floor":3.0,"gold_loss":0.0,"damage_taken":0.0,"cards_upgraded":["Defragment"]},{"damage_healed":0.0,"max_hp_gain":0.0,"max_hp_loss":0.0,"gold_gain":0.0,"event_name":"Masked Bandits","player_choice":"Fought Bandits","floor":28.0,"gold_loss":0.0,"damage_taken":0.0},{"damage_healed":0.0,"max_hp_gain":0.0,"max_hp_loss":0.0,"gold_gain":0.0,"cards_transformed":["Turbo","Defend_B"],"event_name":"Drug Dealer","player_choice":"Became Test Subject","floor":29.0,"gold_loss":0.0,"damage_taken":0.0,"cards_obtained":["Doom and Gloom","Sunder"]}],"is_beta":false,"boss_relics":[{"not_picked":["Pandora\u0027s Box","Inserter"],"picked":"Astrolabe"}],"items_purged_floors":[4,21,31],"is_endless":false,"potions_floor_spawned":[1,8,10,13,14,18,19,28],"killed_by":"Collector","ascension_level":18}