{"gold_per_floor":[116,128,139,139,156,156,191,191,191,191,202,202,229,184,184,281,281,295,311,327,341,108,108,108,135,135,135,150,178,178,196,196,291,291,303,650,650,670,688,717,734,734,759,759,774,786,799,526,526,526],"floor_reached":50,"playtime":2926,"items_purged":["Strike_G","Strike_G"],"score":714,"play_id":"45b05b49-0498-474d-8690-23ebd0a3088a","local_time":"20190608111522","is_ascension_mode":true,"campfire_choices":[{"data":"Sucker Punch","floor":6,"key":"SMITH"},{"data":"Neutralize","floor":8,"key":"SMITH"},{"data":"Footwork","floor":10,"key":"SMITH"},{"floor":12,"key":"REST"},{"data":"Infinite Blades","floor":15,"key":"SMITH"},{"floor":23,"key":"REST"},{"data":"Glass Knife","floor":27,"key":"SMITH"},{"data":"Caltrops","floor":32,"key":"SMITH"},{"floor":42,"key":"REST"},{"floor":44,"key":"REST"},{"floor":49,"key":"RECALL"}],"neow_cost":"NONE","seed_source_timestamp":81951992904643,"circlet_count":0,"master_deck":["Defend_G","Defend_G","Defend_G","Defend_G","Defend_G","Strike_G","Strike_G","Strike_G","Survivor","Neutralize+1","Footwork+1","Sucker Punch+1","Dagger Throw","Poisoned Stab","Infinite Blades+1","Cloak And Dagger","Corpse Explosion","Backflip","Bane+1","Crippling Poison+1","Noxious Fumes+1","Glass Knife+1","Caltrops+1","Shame","Footwork","Envenom","Blur+1","Calculated Gamble","Noxious Fumes+1","Leg Sweep+1","Adrenaline","Secret Weapon"],"relics":["Ring of the Snake","Mummified Hand","Pen Nib","Sozu","Orichalcum","Ninja Scroll","Darkstone Periapt","Matryoshka","Lizard Tail","Old Coin","Girya","Ancient Tea Set","Bag of Marbles"],"potions_floor_usage":[7,19,40],"damage_taken":[{"damage":0,"enemies":"Small Slimes","floor":1,"turns":5},{"damage":1,"enemies":"Jaw Worm","floor":2,"turns":7},{"damage":0,"enemies":"Cultist","floor":3,"turns":4},{"damage":20,"enemies":"Gremlin Gang","floor":5,"turns":6},{"damage":17,"enemies":"Lagavulin","floor":7,"turns":9},{"damage":1,"enemies":"Blue Slaver","floor":11,"turns":5},{"damage":16,"enemies":"3 Sentries","floor":13,"turns":7},{"damage":9,"enemies":"The Guardian","floor":16,"turns":16},{"damage":12,"enemies":"Chosen","floor":18,"turns":5},{"damage":14,"enemies":"2 Thieves","floor":19,"turns":4},{"damage":12,"enemies":"Centurion and Healer","floor":20,"turns":4},{"damage":5,"enemies":"Shelled Parasite and Fungi","floor":21,"turns":3},{"damage":13,"enemies":"Book of Stabbing","floor":25,"turns":6},{"damage":0,"enemies":"3 Cultists","floor":28,"turns":3},{"damage":1,"enemies":"Gremlin Leader","floor":29,"turns":5},{"damage":0,"enemies":"Cultist and Chosen","floor":31,"turns":3},{"damage":19,"enemies":"Collector","floor":33,"turns":7},{"damage":3,"enemies":"3 Darklings","floor":35,"turns":3},{"damage":50,"enemies":"2 Orb Walkers","floor":36,"turns":5},{"damage":4,"enemies":"3 Shapes","floor":38,"turns":5},{"damage":10,"enemies":"Spire Growth","floor":39,"turns":5},{"damage":10,"enemies":"Giant Head","floor":40,"turns":9},{"damage":11,"enemies":"Sphere and 2 Shapes","floor":41,"turns":4},{"damage":12,"enemies":"3 Darklings","floor":45,"turns":5},{"damage":0,"enemies":"Jaw Worm Horde","floor":46,"turns":3},{"damage":22,"enemies":"Spire Growth","floor":47,"turns":4},{"damage":37,"enemies":"Awakened One","floor":50,"turns":2}],"seed_played":"-5886915605544387240","potions_obtained":[{"floor":2,"key":"PowerPotion"},{"floor":13,"key":"GhostInAJar"},{"floor":16,"key":"Energy Potion"}],"is_trial":false,"path_per_floor":["M","M","M","?","M","R","E","R","T","R","M","R","E","$","R","B",null,"M","M","M","M","$","R","?","E","T","R","M","E","?","M","R","B",null,"M","?","?","M","M","E","M","R","T","R","M","M","M","$","R","B"],"character_chosen":"THE_SILENT","items_purchased":["Cloak And Dagger","Glass Knife","Secret Weapon"],"campfire_rested":4,"item_purchase_floors":[14,22,48],"current_hp_per_floor":[77,76,76,76,56,56,39,39,39,39,38,61,45,45,45,36,67,55,41,29,24,24,47,47,34,34,34,34,33,39,39,39,20,67,64,14,14,10,41,31,20,44,44,68,56,56,34,34,34,0],"gold":526,"neow_bonus":"TEN_PERCENT_HP_BONUS","is_prod":false,"is_daily":false,"chose_seed":false,"campfire_upgraded":6,"win_rate":0,"timestamp":1560010522,"path_taken":["M","M","M","?","M","R","E","R","T","R","M","R","E","?","R","BOSS","M","M","M","M","$","R","?","E","T","R","?","E","?","M","R","BOSS","M","?","?","?","M","E","M","R","T","R","M","M","M","$","R","BOSS"],"build_version":"2019-01-23","purchased_purges":2,"victory":false,"max_hp_per_floor":[77,77,77,77,77,77,77,77,77,77,77,77,77,77,77,77,77,77,77,77,77,77,77,77,77,77,77,77,77,83,83,83,83,83,83,83,83,83,83,83,83,83,83,83,83,83,83,83,83,83],"card_choices":[{"not_picked":["Bane","Leg Sweep"],"picked":"Footwork","floor":1},{"not_picked":["Outmaneuver","Slice"],"picked":"Sucker Punch","floor":2},{"not_picked":["Escape Plan","Setup","Blade Dance"],"picked":"SKIP","floor":3},{"not_picked":["Footwork","Underhanded Strike"],"picked":"Dagger Throw","floor":5},{"not_picked":["Storm of Steel","Quick Slash","Catalyst"],"picked":"SKIP","floor":7},{"not_picked":["Deflect","Dagger Spray"],"picked":"Poisoned Stab","floor":11},{"not_picked":["Distraction","Bane"],"picked":"Infinite Blades","floor":13},{"not_picked":["Glass Knife","Wraith Form v2"],"picked":"Corpse Explosion","floor":16},{"not_picked":["Poisoned Stab","Acrobatics"],"picked":"Backflip","floor":18},{"not_picked":["Backflip","Cloak And Dagger"],"picked":"Bane+1","floor":19},{"not_picked":["Riddle With Holes+1","Finisher+1"],"picked":"Crippling Poison+1","floor":20},{"not_picked":["Acrobatics","Dodge and Roll"],"picked":"Noxious Fumes+1","floor":21},{"not_picked":["Doppelganger","Setup","Cloak And Dagger"],"picked":"SKIP","floor":25},{"not_picked":["Deadly Poison+1","Finisher","Setup"],"picked":"SKIP","floor":28},{"not_picked":["Deflect","Dodge and Roll"],"picked":"Caltrops","floor":29},{"not_picked":["Choke","PiercingWail"],"picked":"Footwork","floor":31},{"not_picked":["Adrenaline","Burst"],"picked":"Envenom","floor":33},{"not_picked":["Heel Hook","Acrobatics+1"],"picked":"Blur+1","floor":35},{"not_picked":["Flechettes+1","Skewer+1"],"picked":"Calculated Gamble","floor":36},{"not_picked":["Dodge and Roll+1","Deadly Poison+1"],"picked":"Noxious Fumes+1","floor":38},{"not_picked":["Quick Slash","Prepared+1","Footwork"],"picked":"SKIP","floor":39},{"not_picked":["Outmaneuver","Slice+1","Riddle With Holes"],"picked":"SKIP","floor":40},{"not_picked":["Eviscerate","Outmaneuver"],"picked":"Leg Sweep+1","floor":41},{"not_picked":["Masterful Stab","Slice+1","Dodge and Roll"],"picked":"SKIP","floor":45},{"not_picked":["All Out Attack","Underhanded Strike","Dagger Throw"],"picked":"SKIP","floor":46},{"not_picked":["Flechettes+1","Acrobatics"],"picked":"Adrenaline","floor":47}],"player_experience":131269,"relics_obtained":[{"floor":7,"key":"Mummified Hand"},{"floor":13,"key":"Pen Nib"},{"floor":25,"key":"Orichalcum"},{"floor":26,"key":"Ninja Scroll"},{"floor":29,"key":"Darkstone Periapt"},{"floor":36,"key":"Old Coin"},{"floor":40,"key":"Girya"},{"floor":43,"key":"Ancient Tea Set"},{"floor":43,"key":"Bag of Marbles"}],"event_choices":[{"damage_healed":0,"gold_gain":0,"player_choice":"Ignored","damage_taken":0,"max_hp_gain":0,"max_hp_loss":0,"event_name":"Golden Wing","floor":4,"gold_loss":0},{"damage_healed":0,"gold_gain":0,"player_choice":"Bought 0 Potions","damage_taken":0,"max_hp_gain":0,"max_hp_loss":0,"event_name":"The Woman in Blue","floor":24,"gold_loss":0},{"damage_healed":0,"gold_gain":0,"player_choice":"Stole Relic","damage_taken":0,"relics_obtained":["Matryoshka"],"max_hp_gain":0,"max_hp_loss":0,"event_name":"Addict","floor":30,"gold_loss":0,"cards_obtained":["Shame"]},{"damage_healed":0,"gold_gain":0,"player_choice":"Fight","damage_taken":0,"max_hp_gain":0,"max_hp_loss":0,"event_name":"Mysterious Sphere","floor":36,"gold_loss":0},{"damage_healed":0,"gold_gain":0,"player_choice":"Got Potions","damage_taken":0,"max_hp_gain":0,"max_hp_loss":0,"event_name":"Lab","floor":37,"gold_loss":0}],"is_beta":false,"boss_relics":[{"not_picked":["Astrolabe","Philosopher\u0027s Stone"],"picked":"Sozu"},{"not_picked":["White Beast Statue","Black Star"],"picked":"Lizard Tail"}],"items_purged_floors":[22,48],"is_endless":false,"potions_floor_spawned":[2,13,16,20,21,29,33,39,41,45,47],"killed_by":"Awakened One","ascension_level":5}