{"gold_per_floor":[115,115,126,126,149,149,33,33,33,33,69,69,108,135,135,224,224,239,282,305,321,344,344,367,367,391,391,391,76,76,119,119,215,215,229,562,110,332,348,348,381,392,392,406,406],"floor_reached":45,"playtime":1196,"items_purged":["Strike_R","Strike_R","Strike_R"],"score":1113,"play_id":"48ac5e1e-73dd-44ab-bad8-449b831fb84e","local_time":"20190617005312","is_ascension_mode":true,"campfire_choices":[{"data":"Bash","floor":6.0,"key":"SMITH"},{"data":"Inflame","floor":8.0,"key":"SMITH"},{"data":"Cleave","floor":12.0,"key":"SMITH"},{"data":"Immolate","floor":15.0,"key":"SMITH"},{"data":"Demon Form","floor":23.0,"key":"SMITH"},{"floor":25.0,"key":"REST"},{"data":"Defend_R","floor":27.0,"key":"SMITH"},{"data":"Defend_R","floor":32.0,"key":"SMITH"},{"floor":40.0,"key":"REST"}],"neow_cost":"NONE","seed_source_timestamp":204736798647841,"circlet_count":0,"master_deck":["AscendersBane","Strike_R","Defend_R","Defend_R+1","Defend_R","Defend_R+1","Bash+1","Headbutt","Inflame+1","Anger","Cleave+1","Immolate+1","Demon Form+1","Battle Trance","Fiend Fire","Twin Strike+1","Anger","Impervious","Flame Barrier","Flame Barrier","Shrug It Off+1"],"special_seed":0,"relics":["Black Blood","NeowsBlessing","Ornamental Fan","Champion Belt","PreservedInsect","Potion Belt","Strawberry","Red Mask","Lantern","Mummified Hand","Lee\u0027s Waffle","Smiling Mask","Fusion Hammer","Calipers","Girya","Sundial"],"potions_floor_usage":[42],"damage_taken":[{"damage":0.0,"enemies":"Small Slimes","floor":1.0,"turns":1.0},{"damage":0.0,"enemies":"Cultist","floor":3.0,"turns":1.0},{"damage":0.0,"enemies":"Jaw Worm","floor":5.0,"turns":1.0},{"damage":25.0,"enemies":"Gremlin Nob","floor":11.0,"turns":4.0},{"damage":15.0,"enemies":"3 Sentries","floor":13.0,"turns":5.0},{"damage":0.0,"enemies":"Slime Boss","floor":16.0,"turns":4.0},{"damage":19.0,"enemies":"Chosen","floor":18.0,"turns":5.0},{"damage":12.0,"enemies":"Masked Bandits","floor":19.0,"turns":2.0},{"damage":12.0,"enemies":"2 Thieves","floor":20.0,"turns":2.0},{"damage":12.0,"enemies":"Snecko","floor":21.0,"turns":4.0},{"damage":29.0,"enemies":"Snake Plant","floor":22.0,"turns":4.0},{"damage":24.0,"enemies":"Cultist and Chosen","floor":24.0,"turns":4.0},{"damage":0.0,"enemies":"Slavers","floor":31.0,"turns":1.0},{"damage":65.0,"enemies":"Automaton","floor":33.0,"turns":7.0},{"damage":0.0,"enemies":"Orb Walker","floor":35.0,"turns":3.0},{"damage":31.0,"enemies":"3 Shapes","floor":39.0,"turns":5.0},{"damage":80.0,"enemies":"Reptomancer","floor":41.0,"turns":6.0},{"damage":9,"enemies":"Maw","floor":42,"turns":6},{"damage":16,"enemies":"3 Darklings","floor":44,"turns":5},{"damage":24,"enemies":"Spire Growth","floor":45,"turns":2}],"seed_played":"4793961274391880229","potions_obtained":[{"floor":3.0,"key":"FearPotion"},{"floor":13.0,"key":"FearPotion"},{"floor":18.0,"key":"Swift Potion"},{"floor":19.0,"key":"FearPotion"},{"floor":22.0,"key":"FearPotion"},{"floor":35.0,"key":"LiquidBronze"},{"floor":41.0,"key":"Strength Potion"}],"is_trial":false,"path_per_floor":["M","?","M","?","M","R","$","R","T","?","E","R","E","T","R","B",null,"M","?","M","M","M","R","M","R","T","R","T","$","?","E","R","B",null,"M","?","$","?","M","R","E","M","T","M","M"],"character_chosen":"IRONCLAD","items_purchased":["Inflame","Lee\u0027s Waffle","Flame Barrier","Calipers"],"campfire_rested":2,"item_purchase_floors":[7,29,37,37],"current_hp_per_floor":[74,74,75,49,55,55,55,55,55,55,36,36,27,34,34,40,72,63,61,59,57,38,38,24,48,48,48,48,89,89,89,89,34,75,85,85,85,85,64,89,19,20,20,14,0],"gold":406,"neow_bonus":"THREE_ENEMY_KILL","is_prod":false,"is_daily":false,"chose_seed":false,"campfire_upgraded":7,"win_rate":0,"timestamp":1560725592,"path_taken":["M","?","?","?","M","R","$","R","T","?","E","R","E","?","R","BOSS","M","?","M","M","M","R","M","R","T","R","?","$","?","E","R","BOSS","M","?","$","?","M","R","E","M","T","M","M"],"build_version":"2019-01-23","purchased_purges":3,"victory":false,"max_hp_per_floor":[75,75,75,75,75,75,75,75,75,75,75,75,75,82,82,82,82,82,82,82,82,82,82,82,82,82,82,82,89,89,89,89,89,89,89,89,89,89,89,89,89,89,89,89,89],"card_choices":[{"not_picked":["Anger","Clash"],"picked":"True Grit","floor":1.0},{"not_picked":["Pommel Strike","Havoc"],"picked":"Headbutt","floor":3.0},{"not_picked":["Headbutt","Bloodletting","Entrench"],"picked":"SKIP","floor":5.0},{"not_picked":["Warcry","Clash"],"picked":"Cleave","floor":11.0},{"not_picked":["Sword Boomerang","Power Through"],"picked":"Immolate","floor":13.0},{"not_picked":["Offering","Berserk"],"picked":"Demon Form","floor":16.0},{"not_picked":["Infernal Blade","Flex","Havoc"],"picked":"SKIP","floor":18.0},{"not_picked":["Cleave","Combust+1"],"picked":"Battle Trance","floor":20.0},{"not_picked":["Metallicize","Wild Strike"],"picked":"Fiend Fire","floor":21.0},{"not_picked":["Cleave","Perfected Strike","Warcry"],"picked":"SKIP","floor":22.0},{"not_picked":["Bloodletting","True Grit+1"],"picked":"Twin Strike+1","floor":24.0},{"not_picked":["Body Slam+1","Rupture"],"picked":"Anger","floor":31.0},{"not_picked":["Double Tap","Juggernaut"],"picked":"Impervious","floor":33.0},{"not_picked":["Sword Boomerang","Sever Soul"],"picked":"Flame Barrier","floor":35.0},{"not_picked":["Perfected Strike","Sword Boomerang"],"picked":"Shrug It Off+1","floor":39.0},{"not_picked":["Juggernaut","Blood for Blood","Clothesline"],"picked":"SKIP","floor":41.0},{"not_picked":["Combust","Clash","Reckless Charge+1"],"picked":"SKIP","floor":42},{"not_picked":["Carnage","Sever Soul","Cleave"],"picked":"SKIP","floor":44}],"player_experience":582196,"relics_obtained":[{"floor":9.0,"key":"Champion Belt"},{"floor":11.0,"key":"PreservedInsect"},{"floor":13.0,"key":"Potion Belt"},{"floor":14.0,"key":"Strawberry"},{"floor":19.0,"key":"Red Mask"},{"floor":26.0,"key":"Lantern"},{"floor":28.0,"key":"Mummified Hand"},{"floor":31.0,"key":"Smiling Mask"},{"floor":41.0,"key":"Girya"},{"floor":43,"key":"Sundial"}],"event_choices":[{"cards_removed":["True Grit"],"damage_healed":0.0,"max_hp_gain":0.0,"max_hp_loss":0.0,"gold_gain":0.0,"event_name":"WeMeetAgain","player_choice":"Gave Card","floor":2.0,"gold_loss":0.0,"damage_taken":0.0,"relics_obtained":["Ornamental Fan"]},{"damage_healed":0.0,"max_hp_gain":0.0,"max_hp_loss":0.0,"gold_gain":0.0,"event_name":"Golden Idol","player_choice":"Take Damage","floor":4.0,"gold_loss":0.0,"damage_taken":26.0,"relics_obtained":["Golden Idol"]},{"damage_healed":0.0,"max_hp_gain":0.0,"max_hp_loss":0.0,"gold_gain":0.0,"cards_transformed":["Strike_R"],"event_name":"Living Wall","player_choice":"Change","floor":10.0,"gold_loss":0.0,"damage_taken":0.0,"cards_obtained":["Anger"]},{"damage_healed":0.0,"max_hp_gain":0.0,"max_hp_loss":0.0,"gold_gain":0.0,"event_name":"Masked Bandits","player_choice":"Fought Bandits","floor":19.0,"gold_loss":0.0,"damage_taken":0.0},{"damage_healed":0.0,"max_hp_gain":0.0,"max_hp_loss":0.0,"gold_gain":0.0,"event_name":"Cursed Tome","player_choice":"Ignored","floor":30.0,"gold_loss":0.0,"damage_taken":0.0},{"damage_healed":0.0,"max_hp_gain":0.0,"max_hp_loss":0.0,"gold_gain":333.0,"event_name":"The Moai Head","player_choice":"Gave Idol","floor":36.0,"relics_lost":["Golden Idol"],"gold_loss":0.0,"damage_taken":0.0},{"damage_healed":0.0,"max_hp_gain":0.0,"max_hp_loss":0.0,"gold_gain":222.0,"event_name":"Tomb of Lord Red Mask","player_choice":"Wore Mask","floor":38.0,"gold_loss":0.0,"damage_taken":0.0}],"is_beta":false,"boss_relics":[{"not_picked":["Lizard Tail","Runic Cube"],"picked":"Black Blood"},{"not_picked":["Black Star","Orrery"],"picked":"Fusion Hammer"}],"items_purged_floors":[7,29,37],"is_endless":false,"potions_floor_spawned":[3,13,18,19,22,35,41],"killed_by":"Spire Growth","ascension_level":20}