{"gold_per_floor":[210,9,22,39,62,62,87,87,87,117,117,42,55,88,88,167,167,182,198,33,33,50,50,68,68,149,167,167,194,15,28,28,103,103,116,75,0,10,85,85,85,111,137,170,180,209,219,233,233,233,233,233,233,7,38,38],"floor_reached":57,"playtime":5895,"items_purged":["Strike_B","Strike_B"],"score":2685,"play_id":"6f2bfb9c-2e31-4d9c-a88a-39928452e607","local_time":"20190628224103","is_ascension_mode":true,"campfire_choices":[{"data":"Barrage","floor":6.0,"key":"SMITH"},{"data":"Zap","floor":8.0,"key":"SMITH"},{"data":"Self Repair","floor":11.0,"key":"SMITH"},{"data":"Conserve Battery","floor":15.0,"key":"SMITH"},{"data":"Defragment","floor":23.0,"key":"SMITH"},{"data":"Undo","floor":25.0,"key":"SMITH"},{"data":"Coolheaded","floor":28.0,"key":"SMITH"},{"floor":32.0,"key":"RECALL"},{"data":"Force Field","floor":40.0,"key":"SMITH"},{"data":"Panacea","floor":49.0,"key":"SMITH"},{"data":"Biased Cognition","floor":53.0,"key":"SMITH"}],"neow_cost":"NONE","seed_source_timestamp":96988036863507,"circlet_count":0,"master_deck":["AscendersBane","Strike_B","Defend_B","Defend_B","Defend_B","Defend_B","Zap+1","Dualcast","Echo Form","Glacier","Cold Snap","Conserve Battery+1","Barrage+1","Compile Driver+1","Self Repair+1","Compile Driver+1","Compile Driver+1","Electrodynamics","FTL+1","Coolheaded+1","Undo+1","Defragment+1","Go for the Eyes+1","BootSequence+1","Turbo+1","Biased Cognition+1","FTL+1","Force Field+1","Steam","Finesse","Finesse","Panacea+1","Heatsinks+1","Steam+1","Reinforced Body+1","Hologram+1","Go for the Eyes+1","Chill+1","Force Field+1","Steam+1"],"special_seed":0,"relics":["Cracked Core","Potion Belt","Molten Egg 2","DataDisk","Kunai","Coffee Dripper","Cables","Letter Opener","Inserter","Red Mask","Frozen Egg 2","Toxic Egg 2","Bronze Scales","Omamori","Boot","Bag of Preparation"],"potions_floor_usage":[56,56],"damage_taken":[{"damage":0.0,"enemies":"Cultist","floor":1.0,"turns":3.0},{"damage":2.0,"enemies":"Jaw Worm","floor":3.0,"turns":5.0},{"damage":1.0,"enemies":"Small Slimes","floor":4.0,"turns":4.0},{"damage":24.0,"enemies":"3 Sentries","floor":7.0,"turns":16.0},{"damage":7.0,"enemies":"Lagavulin","floor":10.0,"turns":7.0},{"damage":10.0,"enemies":"Exordium Wildlife","floor":13.0,"turns":7.0},{"damage":14.0,"enemies":"3 Sentries","floor":14.0,"turns":9.0},{"damage":20.0,"enemies":"Slime Boss","floor":16.0,"turns":10.0},{"damage":9.0,"enemies":"2 Thieves","floor":18.0,"turns":3.0},{"damage":12.0,"enemies":"3 Byrds","floor":19.0,"turns":3.0},{"damage":20.0,"enemies":"Centurion and Healer","floor":22.0,"turns":7.0},{"damage":0.0,"enemies":"3 Cultists","floor":24.0,"turns":3.0},{"damage":11.0,"enemies":"Chosen and Byrds","floor":27.0,"turns":6.0},{"damage":19.0,"enemies":"Book of Stabbing","floor":29.0,"turns":5.0},{"damage":11.0,"enemies":"Shelled Parasite and Fungi","floor":31.0,"turns":6.0},{"damage":17.0,"enemies":"Collector","floor":33.0,"turns":11.0},{"damage":8.0,"enemies":"3 Shapes","floor":35.0,"turns":4.0},{"damage":0.0,"enemies":"3 Darklings","floor":38.0,"turns":5.0},{"damage":11.0,"enemies":"Giant Head","floor":42.0,"turns":10.0},{"damage":3.0,"enemies":"Reptomancer","floor":44.0,"turns":4.0},{"damage":0.0,"enemies":"Transient","floor":45.0,"turns":6.0},{"damage":25.0,"enemies":"Nemesis","floor":46.0,"turns":11.0},{"damage":1.0,"enemies":"Sphere and 2 Shapes","floor":47.0,"turns":6.0},{"damage":0.0,"enemies":"Spire Growth","floor":48.0,"turns":4.0},{"damage":9.0,"enemies":"Awakened One","floor":50.0,"turns":15.0},{"damage":35.0,"enemies":"Donu and Deca","floor":51.0,"turns":15.0},{"damage":33.0,"enemies":"Shield and Spear","floor":55.0,"turns":6.0},{"damage":43,"enemies":"The Heart","floor":56,"turns":13}],"seed_played":"1413923329154288774","potions_obtained":[{"floor":3.0,"key":"Weak Potion"},{"floor":4.0,"key":"SteroidPotion"},{"floor":10.0,"key":"Ancient Potion"},{"floor":14.0,"key":"GamblersBrew"},{"floor":16.0,"key":"FearPotion"},{"floor":18.0,"key":"SteroidPotion"},{"floor":31.0,"key":"Ancient Potion"},{"floor":35.0,"key":"Weak Potion"},{"floor":45.0,"key":"SpeedPotion"}],"is_trial":false,"path_per_floor":["M","$","M","M","T","R","E","R","T","E","R","?","M","E","R","B",null,"M","M","$","?","M","R","M","R","T","M","R","E","$","M","R","B",null,"M","$","?","M","T","R","?","E","T","E","M","E","M","M","R","B","B",null,"R","$","E","B",null],"character_chosen":"DEFECT","items_purchased":["Echo Form","Glacier","Cold Snap","Undo","Regen Potion","Force Field","Chill+1","PowerPotion","Force Field+1"],"campfire_rested":0,"item_purchase_floors":[2,2,2,20,30,36,54,54,54],"current_hp_per_floor":[64,64,62,61,61,61,37,37,37,30,30,30,40,46,46,46,65,66,64,64,57,57,57,67,67,67,71,71,71,71,70,70,63,69,71,71,71,71,71,71,61,60,60,67,71,56,65,71,71,71,56,67,67,67,44,11],"gold":38,"neow_bonus":"HUNDRED_GOLD","is_prod":false,"is_daily":false,"chose_seed":false,"campfire_upgraded":10,"win_rate":0,"timestamp":1561786863,"path_taken":["M","$","M","M","?","R","E","R","T","E","R","?","M","E","R","BOSS","M","M","$","?","M","R","?","R","T","?","R","E","?","M","R","BOSS","M","$","?","M","?","R","?","E","T","E","M","E","M","M","R","BOSS","BOSS","R","$","E","BOSS"],"build_version":"2019-06-28","purchased_purges":2,"victory":true,"max_hp_per_floor":[71,71,71,71,71,71,71,71,71,71,71,71,71,71,71,71,71,71,71,71,71,71,71,71,71,71,71,71,71,71,71,71,71,71,71,71,71,71,71,71,71,71,71,71,71,71,71,71,71,71,71,71,71,71,71,71],"card_choices":[{"not_picked":["Hologram","Stack","Fusion"],"picked":"SKIP","floor":1.0},{"not_picked":["Steam","Auto Shields"],"picked":"Conserve Battery","floor":3.0},{"not_picked":["Chill","Hologram"],"picked":"Barrage","floor":4.0},{"not_picked":["Lockon","Melter"],"picked":"Compile Driver","floor":7.0},{"not_picked":["Rainbow","Turbo"],"picked":"Self Repair","floor":10.0},{"not_picked":["Steam","Hologram"],"picked":"Compile Driver+1","floor":13.0},{"not_picked":["Conserve Battery","Machine Learning"],"picked":"Compile Driver+1","floor":14.0},{"not_picked":["Seek","Multi-Cast"],"picked":"Electrodynamics","floor":16.0},{"not_picked":["Turbo","Sweeping Beam+1"],"picked":"FTL+1","floor":18.0},{"not_picked":["Rebound+1","Barrage+1"],"picked":"Coolheaded","floor":19.0},{"not_picked":["Stack","White Noise"],"picked":"Defragment","floor":22.0},{"not_picked":["Leap","Sweeping Beam+1","Cold Snap+1"],"picked":"SKIP","floor":24.0},{"not_picked":["Glacier","Rebound+1"],"picked":"Go for the Eyes+1","floor":27.0},{"not_picked":["Gash+1","Streamline+1"],"picked":"BootSequence+1","floor":29.0},{"not_picked":["Steam+1","Blizzard+1"],"picked":"Turbo+1","floor":31.0},{"not_picked":["Thunder Strike+1","Reboot"],"picked":"Biased Cognition","floor":33.0},{"not_picked":["Sweeping Beam+1","Genetic Algorithm"],"picked":"FTL+1","floor":35.0},{"not_picked":["Recycle","Rebound+1"],"picked":"Steam","floor":38.0},{"not_picked":["PanicButton","Trip"],"picked":"Finesse","floor":41.0},{"not_picked":["Blind","Magnetism+1"],"picked":"Finesse","floor":41.0},{"not_picked":["Sadistic Nature+1","Madness"],"picked":"Panacea","floor":41.0},{"not_picked":["Turbo+1","White Noise"],"picked":"Heatsinks+1","floor":42.0},{"not_picked":["Heatsinks+1","Aggregate+1"],"picked":"Steam+1","floor":44.0},{"not_picked":["Storm+1","Blizzard+1","Sunder+1"],"picked":"SKIP","floor":45.0},{"not_picked":["Rebound+1","Beam Cell+1"],"picked":"Reinforced Body+1","floor":46.0},{"not_picked":["Streamline+1","Blizzard+1"],"picked":"Hologram+1","floor":47.0},{"not_picked":["Ball Lightning+1","Aggregate+1"],"picked":"Go for the Eyes+1","floor":48.0},{"not_picked":["Hello World+1","Turbo+1"],"picked":"Steam+1","floor":55.0}],"player_experience":1703558,"relics_obtained":[{"floor":5.0,"key":"Potion Belt"},{"floor":7.0,"key":"Molten Egg 2"},{"floor":10.0,"key":"DataDisk"},{"floor":14.0,"key":"Kunai"},{"floor":26.0,"key":"Cables"},{"floor":29.0,"key":"Letter Opener"},{"floor":39.0,"key":"Frozen Egg 2"},{"floor":42.0,"key":"Toxic Egg 2"},{"floor":43.0,"key":"Bronze Scales"},{"floor":44.0,"key":"Omamori"},{"floor":46.0,"key":"Boot"},{"floor":55.0,"key":"Bag of Preparation"}],"event_choices":[{"cards_removed":["Strike_B"],"damage_healed":0.0,"max_hp_gain":0.0,"max_hp_loss":0.0,"gold_gain":0.0,"event_name":"The Cleric","player_choice":"Card Removal","floor":12.0,"gold_loss":75.0,"damage_taken":0.0},{"damage_healed":0.0,"max_hp_gain":0.0,"max_hp_loss":0.0,"gold_gain":0.0,"event_name":"Knowing Skull","player_choice":"","floor":21.0,"potions_obtained":[],"gold_loss":0.0,"damage_taken":7.0,"cards_obtained":[]},{"damage_healed":0.0,"max_hp_gain":0.0,"max_hp_loss":0.0,"gold_gain":0.0,"event_name":"Tomb of Lord Red Mask","player_choice":"Paid","floor":37.0,"gold_loss":75.0,"damage_taken":0.0,"relics_obtained":["Red Mask"]},{"damage_healed":0.0,"max_hp_gain":0.0,"max_hp_loss":0.0,"gold_gain":0.0,"event_name":"SensoryStone","player_choice":"Memory 3","floor":41.0,"gold_loss":0.0,"damage_taken":10.0}],"is_beta":true,"boss_relics":[{"not_picked":["Pandora\u0027s Box","Eternal Feather"],"picked":"Coffee Dripper"},{"not_picked":["White Beast Statue","Black Star"],"picked":"Inserter"}],"items_purged_floors":[20,30],"is_endless":false,"potions_floor_spawned":[3,4,10,14,16,18,27,31,35,42,45,47],"ascension_level":20}