{"gold_per_floor":[118,118,130,80,96,125,144,144,144,177,177,77,90,90,90,193,193,213,213,113,125,139,139,159,258,258,293,293,128,128,143,143,240,240,251,264,264,264,114,139,139,152,152,182,182,282,282,107,107,107],"floor_reached":51,"playtime":2698,"items_purged":["Defend_B","Strike_B","Defend_B","Strike_B","Defend_B"],"score":1074,"play_id":"3222aa06-19f3-41c1-ab18-f21da6e93966","local_time":"20190403173151","is_ascension_mode":true,"campfire_choices":[{"data":"Zap","floor":8.0,"key":"SMITH"},{"floor":11.0,"key":"REST"},{"data":"Barrage","floor":15.0,"key":"SMITH"},{"data":"Dualcast","floor":23.0,"key":"SMITH"},{"floor":28.0,"key":"REST"},{"floor":32.0,"key":"REST"},{"floor":41,"key":"REST"},{"data":"Reinforced Body","floor":49,"key":"SMITH"}],"neow_cost":"NONE","seed_source_timestamp":425190556910506,"circlet_count":0,"master_deck":["Strike_B","Zap+1","Dualcast+1","Ball Lightning","Auto Shields","Ball Lightning","Reinforced Body+1","Sweeping Beam","Glacier","Barrage+1","Barrage","Rainbow","Capacitor+1","Capacitor+1","Conserve Battery+1","Defragment+1","Gash+1","Meteor Strike+1","Madness","Madness"],"special_seed":0,"relics":["Lizard Tail","Vajra","Blue Candle","Frozen Egg 2","Anchor","Runic Pyramid","Bottled Flame","Juzu Bracelet","Snecko Eye","PreservedInsect","Mummified Hand","Mercury Hourglass","Thread and Needle"],"potions_floor_usage":[40,40,44,50],"damage_taken":[{"damage":0.0,"enemies":"2 Louse","floor":1.0,"turns":2.0},{"damage":4.0,"enemies":"Jaw Worm","floor":3.0,"turns":3.0},{"damage":0.0,"enemies":"Small Slimes","floor":5.0,"turns":3.0},{"damage":24.0,"enemies":"3 Sentries","floor":6.0,"turns":7.0},{"damage":13.0,"enemies":"Blue Slaver","floor":7.0,"turns":3.0},{"damage":10.0,"enemies":"Gremlin Nob","floor":10.0,"turns":3.0},{"damage":9.0,"enemies":"3 Louse","floor":13.0,"turns":3.0},{"damage":14.0,"enemies":"Slime Boss","floor":16.0,"turns":8.0},{"damage":9.0,"enemies":"3 Byrds","floor":18.0,"turns":4.0},{"damage":9.0,"enemies":"2 Thieves","floor":21.0,"turns":4.0},{"damage":21.0,"enemies":"Snake Plant","floor":22.0,"turns":6.0},{"damage":4.0,"enemies":"Centurion and Healer","floor":24.0,"turns":6.0},{"damage":18.0,"enemies":"Gremlin Leader","floor":27.0,"turns":7.0},{"damage":3.0,"enemies":"Colosseum Slavers","floor":30.0,"turns":5.0},{"damage":0.0,"enemies":"Snecko","floor":31.0,"turns":6.0},{"damage":2.0,"enemies":"Champ","floor":33.0,"turns":8.0},{"damage":0.0,"enemies":"3 Shapes","floor":35.0,"turns":4.0},{"damage":6.0,"enemies":"3 Darklings","floor":36.0,"turns":4.0},{"damage":44,"enemies":"Nemesis","floor":40,"turns":9},{"damage":6,"enemies":"Maw","floor":42,"turns":6},{"damage":0,"enemies":"Giant Head","floor":44,"turns":5},{"damage":12,"enemies":"Mind Bloom Boss Battle","floor":46,"turns":8},{"damage":18,"enemies":"Time Eater","floor":50,"turns":7}],"seed_played":"6749941610365721468","potions_obtained":[{"floor":7.0,"key":"Swift Potion"},{"floor":10.0,"key":"Strength Potion"},{"floor":13.0,"key":"Weak Potion"},{"floor":16.0,"key":"GamblersBrew"},{"floor":18.0,"key":"Dexterity Potion"},{"floor":21.0,"key":"Regen Potion"},{"floor":31.0,"key":"Poison Potion"},{"floor":35.0,"key":"EssenceOfSteel"},{"floor":36.0,"key":"Block Potion"},{"floor":44,"key":"FearPotion"},{"floor":46,"key":"SpeedPotion"}],"is_trial":false,"path_per_floor":["M","?","M","?","M","E","M","R","T","E","R","$","M","?","R","B",null,"M","?","$","M","M","R","M","?","T","E","R","$","?","M","R","B",null,"M","M","?","?","$","E","R","M","T","E","?","?","?","$","R","B",null],"character_chosen":"DEFECT","items_purchased":["Barrage","Defragment+1"],"campfire_rested":4,"item_purchase_floors":[12,29],"current_hp_per_floor":[68,61,57,57,57,33,20,20,20,10,32,32,23,23,23,9,59,50,50,50,41,35,35,31,31,31,13,35,35,32,32,54,52,69,69,63,54,54,54,10,32,26,26,26,26,14,66,66,66,48],"gold":107,"neow_bonus":"BOSS_RELIC","is_prod":false,"is_daily":false,"chose_seed":false,"campfire_upgraded":4,"win_rate":0,"timestamp":1554305511,"path_taken":["M","?","M","?","M","E","?","R","T","E","R","$","M","?","R","BOSS","M","?","$","M","M","R","M","?","T","E","R","$","?","M","R","BOSS","M","M","?","?","$","E","R","M","T","E","?","?","?","$","R","BOSS"],"build_version":"2019-01-23","purchased_purges":5,"victory":true,"max_hp_per_floor":[75,75,75,75,75,75,75,75,75,75,75,75,75,75,75,75,75,75,75,75,75,75,75,75,75,75,75,75,75,75,75,75,75,75,75,75,75,75,75,75,75,75,75,75,75,75,66,66,66,66],"card_choices":[{"not_picked":["Redo","BootSequence"],"picked":"Ball Lightning","floor":1.0},{"not_picked":["Turbo","Cold Snap"],"picked":"Auto Shields","floor":3.0},{"not_picked":["Reprogram","Rebound"],"picked":"Ball Lightning","floor":5.0},{"not_picked":["Static Discharge","Steam"],"picked":"Reinforced Body","floor":6.0},{"not_picked":["Sunder","Go for the Eyes"],"picked":"Sweeping Beam","floor":7.0},{"not_picked":["Turbo","Hello World+1"],"picked":"Glacier","floor":10.0},{"not_picked":["Force Field","Amplify"],"picked":"Barrage","floor":13.0},{"not_picked":["Meteor Strike","Hyperbeam"],"picked":"Rainbow","floor":16.0},{"not_picked":["Compile Driver","Leap"],"picked":"Capacitor+1","floor":18.0},{"not_picked":["Doom and Gloom+1","Steam Power","Beam Cell"],"picked":"SKIP","floor":21.0},{"not_picked":["Sweeping Beam","Beam Cell","Compile Driver+1"],"picked":"SKIP","floor":22.0},{"not_picked":["Capacitor+1","Darkness"],"picked":"Conserve Battery+1","floor":24.0},{"not_picked":["Consume+1","Amplify","Compile Driver"],"picked":"SKIP","floor":27.0},{"not_picked":["Steam+1","Machine Learning+1"],"picked":"Gash+1","floor":31.0},{"not_picked":["Fission","Core Surge"],"picked":"Meteor Strike","floor":33.0},{"not_picked":["Redo","Reprogram+1","Skim+1"],"picked":"SKIP","floor":35.0},{"not_picked":["Consume","Loop+1","Coolheaded+1"],"picked":"SKIP","floor":36.0},{"not_picked":["Hello World+1","White Noise+1","Hologram+1"],"picked":"SKIP","floor":40},{"not_picked":["Stack+1","Streamline+1","Glacier"],"picked":"SKIP","floor":42},{"not_picked":["Streamline","Stack+1","Heatsinks+1"],"picked":"SKIP","floor":44}],"player_experience":193877,"relics_obtained":[{"floor":6.0,"key":"Blue Candle"},{"floor":9.0,"key":"Frozen Egg 2"},{"floor":10.0,"key":"Anchor"},{"floor":26.0,"key":"Bottled Flame"},{"floor":27.0,"key":"Juzu Bracelet"},{"floor":40,"key":"PreservedInsect"},{"floor":43,"key":"Mummified Hand"},{"floor":44,"key":"Mercury Hourglass"},{"floor":46,"key":"Thread and Needle"}],"event_choices":[{"damage_healed":0.0,"max_hp_gain":0.0,"max_hp_loss":0.0,"gold_gain":0.0,"event_name":"Scrap Ooze","player_choice":"Success","floor":2.0,"gold_loss":0.0,"damage_taken":7.0,"relics_obtained":["Vajra"]},{"cards_removed":["Defend_B"],"damage_healed":0.0,"max_hp_gain":0.0,"max_hp_loss":0.0,"gold_gain":0.0,"event_name":"The Cleric","player_choice":"Card Removal","floor":4.0,"gold_loss":50.0,"damage_taken":0.0},{"cards_removed":["Strike_B"],"damage_healed":0.0,"max_hp_gain":0.0,"max_hp_loss":0.0,"gold_gain":0.0,"event_name":"Living Wall","player_choice":"Forget","floor":14.0,"gold_loss":0.0,"damage_taken":0.0},{"damage_healed":0.0,"max_hp_gain":0.0,"max_hp_loss":0.0,"gold_gain":0.0,"event_name":"The Library","player_choice":"Read","floor":19.0,"gold_loss":0.0,"damage_taken":0.0,"cards_obtained":["Capacitor"]},{"damage_healed":0.0,"max_hp_gain":0.0,"max_hp_loss":0.0,"gold_gain":99.0,"event_name":"Nest","player_choice":"Stole From Cult","floor":25.0,"gold_loss":0.0,"damage_taken":0.0},{"damage_healed":0.0,"max_hp_gain":0.0,"max_hp_loss":0.0,"gold_gain":0.0,"event_name":"Colosseum","player_choice":"Fight","floor":30.0,"gold_loss":0.0,"damage_taken":0.0},{"damage_healed":0.0,"max_hp_gain":0.0,"max_hp_loss":0.0,"gold_gain":0.0,"event_name":"Colosseum","player_choice":"Fled From Nobs","floor":30.0,"gold_loss":0.0,"damage_taken":0.0},{"damage_healed":0.0,"max_hp_gain":0.0,"max_hp_loss":0.0,"gold_gain":0.0,"event_name":"Winding Halls","player_choice":"Embrace Madness","floor":37.0,"gold_loss":0.0,"damage_taken":9.0,"cards_obtained":["Madness","Madness"]},{"damage_healed":0.0,"max_hp_gain":0.0,"max_hp_loss":0.0,"gold_gain":0.0,"event_name":"Mysterious Sphere","player_choice":"Ignored","floor":38.0,"gold_loss":0.0,"damage_taken":0.0},{"damage_healed":0,"gold_gain":0,"player_choice":"Forge","damage_taken":0,"max_hp_gain":0,"max_hp_loss":0,"event_name":"Accursed Blacksmith","floor":45,"gold_loss":0,"cards_upgraded":["Meteor Strike"]},{"damage_healed":0,"gold_gain":0,"player_choice":"Fight","damage_taken":0,"max_hp_gain":0,"max_hp_loss":0,"event_name":"MindBloom","floor":46,"gold_loss":0},{"damage_healed":66,"gold_gain":0,"player_choice":"Heal","damage_taken":0,"max_hp_gain":0,"max_hp_loss":9,"event_name":"The Moai Head","floor":47,"gold_loss":0}],"is_beta":false,"boss_relics":[{"not_picked":["Empty Cage","White Beast Statue"],"picked":"Runic Pyramid"},{"not_picked":["Pandora\u0027s Box","Black Star"],"picked":"Snecko Eye"}],"items_purged_floors":[12,20,29,39,48],"is_endless":false,"potions_floor_spawned":[7,10,13,16,18,21,30,31,35,36,44,46],"ascension_level":9}