{"gold_per_floor":[13,13,13,13,38,58,96,96,96,139,139,64,82,161,161,292,292,307,327,75,174,174,218,218,254,254,277,292,292,292,330,330,451,451,469,594,118,218,243,243,278,297,373,393,393,424,36,77,77,77,77,77,27,60,60],"floor_reached":55,"playtime":3666,"items_purged":["Strike_B","Strike_B","Defend_B"],"score":953,"play_id":"b20b07a2-6e55-4b0e-826e-b9d69450a04d","local_time":"20190308195353","is_ascension_mode":true,"campfire_choices":[{"data":"Zap","floor":8.0,"key":"SMITH"},{"data":"Barrage","floor":11.0,"key":"SMITH"},{"floor":15.0,"key":"DIG"},{"data":"Buffer","floor":24.0,"key":"SMITH"},{"data":"Reinforced Body","floor":29.0,"key":"SMITH"},{"data":"Undo","floor":32.0,"key":"SMITH"},{"data":"1","floor":40.0,"key":"LIFT"},{"floor":49,"key":"RECALL"},{"data":"2","floor":52,"key":"LIFT"}],"neow_cost":"NO_GOLD","seed_source_timestamp":589653124739879,"circlet_count":0,"master_deck":["Strike_B","Strike_B","Defend_B+1","Defend_B","Defend_B","Zap+1","Dualcast","Electrodynamics","Barrage+1","Sweeping Beam","Ball Lightning","Leap","Undo+1","Buffer+1","Core Surge+1","Reinforced Body+1","Skim+1","Glacier+1","Fission+1","Defragment","Lockon+1","Biased Cognition"],"special_seed":0,"relics":["Cracked Core","Golden Idol","Gambling Chip","Shovel","Vajra","Molten Egg 2","Dodecahedron","Velvet Choker","WingedGreaves","Art of War","Ancient Tea Set","Busted Crown","Girya","Chemical X","War Paint","Happy Flower","Bottled Lightning","Pear","Cables","Bird Faced Urn","Sundial"],"potions_floor_usage":[46,50,50,50,55],"damage_taken":[{"damage":0.0,"enemies":"Small Slimes","floor":1.0,"turns":2.0},{"damage":8.0,"enemies":"2 Louse","floor":5.0,"turns":3.0},{"damage":4.0,"enemies":"Jaw Worm","floor":6.0,"turns":3.0},{"damage":16.0,"enemies":"Lagavulin","floor":7.0,"turns":6.0},{"damage":9.0,"enemies":"3 Sentries","floor":10.0,"turns":4.0},{"damage":1.0,"enemies":"Exordium Wildlife","floor":13.0,"turns":3.0},{"damage":3.0,"enemies":"Slime Boss","floor":16.0,"turns":6.0},{"damage":0.0,"enemies":"3 Byrds","floor":18.0,"turns":2.0},{"damage":0.0,"enemies":"Shell Parasite","floor":19.0,"turns":4.0},{"damage":9.0,"enemies":"Slavers","floor":23.0,"turns":4.0},{"damage":14.0,"enemies":"Gremlin Leader","floor":25.0,"turns":7.0},{"damage":0.0,"enemies":"Centurion and Healer","floor":27.0,"turns":3.0},{"damage":0.0,"enemies":"3 Cultists","floor":28.0,"turns":3.0},{"damage":0.0,"enemies":"Book of Stabbing","floor":31.0,"turns":8.0},{"damage":51.0,"enemies":"Champ","floor":33.0,"turns":16.0},{"damage":0.0,"enemies":"3 Shapes","floor":35.0,"turns":2.0},{"damage":0.0,"enemies":"Mind Bloom Boss Battle","floor":36.0,"turns":4.0},{"damage":0.0,"enemies":"3 Darklings","floor":39.0,"turns":2.0},{"damage":0.0,"enemies":"Nemesis","floor":41.0,"turns":11.0},{"damage":0.0,"enemies":"Transient","floor":42.0,"turns":5.0},{"damage":0,"enemies":"4 Shapes","floor":44,"turns":2},{"damage":0,"enemies":"Giant Head","floor":46,"turns":11},{"damage":21,"enemies":"Reptomancer","floor":48,"turns":6},{"damage":35,"enemies":"Time Eater","floor":50,"turns":13},{"damage":28,"enemies":"Shield and Spear","floor":54,"turns":6},{"damage":75,"enemies":"The Heart","floor":55,"turns":8}],"seed_played":"-8175058619300363604","potions_obtained":[{"floor":5.0,"key":"AttackPotion"},{"floor":10.0,"key":"Regen Potion"},{"floor":16.0,"key":"Swift Potion"},{"floor":18.0,"key":"Energy Potion"},{"floor":25.0,"key":"Dexterity Potion"},{"floor":28.0,"key":"Energy Potion"},{"floor":35.0,"key":"LiquidBronze"},{"floor":41.0,"key":"Dexterity Potion"},{"floor":46,"key":"Ancient Potion"}],"is_trial":false,"path_per_floor":["M","?","?","?","M","M","E","R","T","E","R","$","M","T","R","B",null,"M","M","$","?","?","E","R","E","T","M","M","R","?","E","R","B",null,"M","?","$","?","M","R","E","M","T","M","?","E","$","E","R","B",null,"R","$","E","B"],"character_chosen":"DEFECT","items_purchased":["Core Surge+1","Chemical X","War Paint","Defragment","Lockon+1","Cables","PowerPotion"],"campfire_rested":0,"item_purchase_floors":[20,37,37,47,47,47,53],"current_hp_per_floor":[75,57,62,62,54,50,34,34,34,25,25,25,33,33,33,30,80,80,80,80,80,80,71,71,57,57,57,57,57,57,57,57,6,80,80,80,80,80,80,80,80,80,80,80,76,86,86,65,65,38,86,86,86,62,0],"gold":60,"neow_bonus":"THREE_RARE_CARDS","is_prod":false,"is_daily":false,"chose_seed":false,"campfire_upgraded":5,"win_rate":0,"timestamp":1552071233,"path_taken":["M","?","?","?","M","M","E","R","T","E","R","$","?","?","R","BOSS","M","M","$","?","?","E","R","E","T","?","M","R","?","E","R","BOSS","M","?","$","?","M","R","E","?","T","M","?","E","$","E","R","BOSS","R","$","E","BOSS"],"build_version":"2019-01-23","purchased_purges":3,"victory":false,"max_hp_per_floor":[75,75,80,80,80,80,80,80,80,80,80,80,80,80,80,80,80,80,80,80,80,80,80,80,80,80,80,80,80,80,80,80,80,80,80,80,80,80,80,80,80,80,80,80,76,86,86,86,86,86,86,86,86,86,86],"card_choices":[{"not_picked":["Biased Cognition","Fission"],"picked":"Electrodynamics","floor":0.0},{"not_picked":["Force Field","Rebound"],"picked":"Barrage","floor":1.0},{"not_picked":["Redo","Doom and Gloom"],"picked":"Sweeping Beam","floor":5.0},{"not_picked":["Beam Cell","Gash"],"picked":"Ball Lightning","floor":6.0},{"not_picked":["Streamline","Beam Cell"],"picked":"Leap","floor":7.0},{"not_picked":["Recycle","Creative AI","Rebound"],"picked":"SKIP","floor":10.0},{"not_picked":["Barrage","Sweeping Beam"],"picked":"Undo","floor":13.0},{"not_picked":["Reboot","Seek"],"picked":"Buffer","floor":16.0},{"not_picked":["Coolheaded+1","Cold Snap+1","Melter+1"],"picked":"SKIP","floor":18.0},{"not_picked":["Cold Snap+1","Double Energy+1","Ball Lightning+1"],"picked":"SKIP","floor":19.0},{"not_picked":["Compile Driver+1","Beam Cell+1"],"picked":"Reinforced Body","floor":23.0},{"not_picked":["Redo","Rebound+1"],"picked":"Skim+1","floor":25.0},{"not_picked":["Cold Snap+1","Go for the Eyes+1"],"picked":"Glacier","floor":27.0},{"not_picked":["Cold Snap+1","Hologram","Rip and Tear+1"],"picked":"SKIP","floor":28.0},{"not_picked":["Rebound+1","Redo","Steam+1"],"picked":"SKIP","floor":31.0},{"not_picked":["Multi-Cast","Rainbow"],"picked":"Fission","floor":33.0},{"not_picked":["Compile Driver+1"],"picked":"SKIP","floor":35.0},{"not_picked":["Steam"],"picked":"SKIP","floor":39.0},{"not_picked":["Cold Snap+1"],"picked":"SKIP","floor":41.0},{"not_picked":["Ball Lightning+1"],"picked":"SKIP","floor":42.0},{"not_picked":["Aggregate"],"picked":"SKIP","floor":44},{"not_picked":["Undo"],"picked":"SKIP","floor":46},{"not_picked":[],"picked":"Biased Cognition","floor":48},{"not_picked":["Sweeping Beam+1"],"picked":"SKIP","floor":54}],"player_experience":41272,"relics_obtained":[{"floor":7.0,"key":"Gambling Chip"},{"floor":9.0,"key":"Shovel"},{"floor":10.0,"key":"Vajra"},{"floor":14.0,"key":"Molten Egg 2"},{"floor":15.0,"key":"Dodecahedron"},{"floor":23.0,"key":"WingedGreaves"},{"floor":25.0,"key":"Art of War"},{"floor":31.0,"key":"Ancient Tea Set"},{"floor":36.0,"key":"Girya"},{"floor":41.0,"key":"Happy Flower"},{"floor":43.0,"key":"Bottled Lightning"},{"floor":46,"key":"Pear"},{"floor":48,"key":"Bird Faced Urn"},{"floor":54,"key":"Sundial"}],"event_choices":[{"damage_healed":0.0,"max_hp_gain":0.0,"max_hp_loss":0.0,"gold_gain":0.0,"event_name":"Golden Idol","player_choice":"Take Damage","floor":2.0,"gold_loss":0.0,"damage_taken":18.0,"relics_obtained":["Golden Idol"]},{"damage_healed":0.0,"max_hp_gain":5.0,"max_hp_loss":0.0,"gold_gain":0.0,"event_name":"Big Fish","player_choice":"Donut","floor":3.0,"gold_loss":0.0,"damage_taken":0.0},{"damage_healed":0.0,"max_hp_gain":0.0,"max_hp_loss":0.0,"gold_gain":0.0,"event_name":"Liars Game","player_choice":"Ignored","floor":4.0,"gold_loss":0.0,"damage_taken":0.0},{"damage_healed":0.0,"max_hp_gain":0.0,"max_hp_loss":0.0,"gold_gain":99.0,"event_name":"Nest","player_choice":"Stole From Cult","floor":21.0,"gold_loss":0.0,"damage_taken":0.0},{"damage_healed":0.0,"max_hp_gain":0.0,"max_hp_loss":0.0,"gold_gain":0.0,"event_name":"N\u0027loth","player_choice":"Ignored","floor":22.0,"gold_loss":0.0,"damage_taken":0.0},{"damage_healed":0.0,"max_hp_gain":0.0,"max_hp_loss":0.0,"gold_gain":0.0,"event_name":"Upgrade Shrine","player_choice":"Upgraded","floor":30.0,"gold_loss":0.0,"damage_taken":0.0,"cards_upgraded":["Glacier"]},{"damage_healed":0.0,"max_hp_gain":0.0,"max_hp_loss":0.0,"gold_gain":0.0,"event_name":"MindBloom","player_choice":"Fight","floor":36.0,"gold_loss":0.0,"damage_taken":0.0},{"damage_healed":0.0,"max_hp_gain":0.0,"max_hp_loss":0.0,"gold_gain":100.0,"event_name":"Golden Shrine","player_choice":"Pray","floor":38.0,"gold_loss":0.0,"damage_taken":0.0},{"damage_healed":0,"gold_gain":0,"player_choice":"Max HP","damage_taken":0,"max_hp_gain":0,"max_hp_loss":4,"event_name":"Winding Halls","floor":45,"gold_loss":0}],"is_beta":false,"boss_relics":[{"not_picked":["Sozu","Cursed Key"],"picked":"Velvet Choker"},{"not_picked":["Pandora\u0027s Box","FrozenCore"],"picked":"Busted Crown"}],"items_purged_floors":[12,20,37],"is_endless":false,"potions_floor_spawned":[5,10,16,18,25,28,35,41,44,46],"killed_by":"The Heart","ascension_level":2}