{"gold_per_floor":[116,132,148,167,147,147,160,160,160,160,235,235,10,33,33,33],"floor_reached":16,"playtime":687,"items_purged":[],"score":184,"play_id":"0451c830-018e-4d69-9598-edd0b27ad62d","local_time":"20190621190550","is_ascension_mode":true,"campfire_choices":[{"floor":6,"key":"REST"},{"floor":8,"key":"REST"},{"data":"Flying Knee","floor":12,"key":"SMITH"},{"data":"Adrenaline","floor":15,"key":"SMITH"}],"neow_cost":"PERCENT_DAMAGE","seed_source_timestamp":616509946706974,"circlet_count":0,"master_deck":["AscendersBane","Defend_G","Defend_G","Defend_G","Defend_G","Defend_G","Strike_G","Strike_G","Strike_G","Strike_G","Strike_G","Survivor","Neutralize","PiercingWail","Deflect","Flying Knee+1","Slice","Escape Plan","Adrenaline+1","Deflect"],"special_seed":0,"relics":["Ring of the Snake","Unceasing Top","Matryoshka","Golden Idol"],"potions_floor_usage":[14,16,16],"damage_taken":[{"damage":0.0,"enemies":"2 Louse","floor":1.0,"turns":5.0},{"damage":0.0,"enemies":"Cultist","floor":2.0,"turns":4.0},{"damage":7.0,"enemies":"Jaw Worm","floor":3.0,"turns":7.0},{"damage":31,"enemies":"Large Slime","floor":4,"turns":10},{"damage":5,"enemies":"Blue Slaver","floor":7,"turns":6},{"damage":0,"enemies":"2 Fungi Beasts","floor":14,"turns":3},{"damage":31,"enemies":"The Guardian","floor":16,"turns":11}],"seed_played":"-7824215308477950620","potions_obtained":[{"floor":5,"key":"SneckoOil"},{"floor":14,"key":"Fire Potion"}],"is_trial":false,"path_per_floor":["M","M","M","M","?","R","M","R","T","?","?","R","$","M","R","B"],"character_chosen":"THE_SILENT","items_purchased":["Adrenaline","Block Potion"],"campfire_rested":2,"item_purchase_floors":[13,13],"current_hp_per_floor":[44,44,37,6,6,25,20,39,39,39,28,28,28,28,28,0],"gold":33,"neow_bonus":"ONE_RARE_RELIC","is_prod":false,"is_daily":false,"chose_seed":false,"campfire_upgraded":2,"win_rate":0,"timestamp":1561136750,"path_taken":["M","M","M","M","?","R","?","R","T","?","?","R","$","M","R","BOSS"],"build_version":"2019-01-23","purchased_purges":0,"victory":false,"max_hp_per_floor":[66,66,66,66,66,66,66,66,66,60,60,60,60,60,60,60],"card_choices":[{"not_picked":["Blade Dance","Outmaneuver"],"picked":"PiercingWail","floor":1.0},{"not_picked":["Masterful Stab","Prepared"],"picked":"Deflect","floor":2.0},{"not_picked":["Poisoned Stab","Sucker Punch"],"picked":"Flying Knee","floor":3.0},{"not_picked":["Poisoned Stab","Blur"],"picked":"Slice","floor":4},{"not_picked":["Choke","Dagger Throw"],"picked":"Escape Plan","floor":7},{"not_picked":["Slice","Dodge and Roll"],"picked":"Deflect","floor":14}],"player_experience":642607,"relics_obtained":[{"floor":9,"key":"Matryoshka"}],"event_choices":[{"damage_healed":0,"gold_gain":0,"player_choice":"Bought 1 Potion","damage_taken":0,"max_hp_gain":0,"max_hp_loss":0,"event_name":"The Woman in Blue","floor":5,"gold_loss":0},{"damage_healed":0,"gold_gain":0,"player_choice":"Lose Max HP","damage_taken":0,"relics_obtained":["Golden Idol"],"max_hp_gain":0,"max_hp_loss":6,"event_name":"Golden Idol","floor":10,"gold_loss":0},{"damage_healed":0,"gold_gain":75,"player_choice":"Gather Gold","damage_taken":11,"max_hp_gain":0,"max_hp_loss":0,"event_name":"World of Goop","floor":11,"gold_loss":0}],"is_beta":false,"boss_relics":[],"items_purged_floors":[],"is_endless":false,"potions_floor_spawned":[14],"killed_by":"The Guardian","ascension_level":20}