{"gold_per_floor":[113,113,113,131,151,151,169,169,169,169,185,213,224,249,249,326,326,345,356,370,24,24,24,86,11,34,34,64,94,119,138,138,212,212,222,222,233,250,263,297,297,33,33,61,109,141,141,174,174,174],"floor_reached":50,"playtime":2846,"items_purged":["Headbutt"],"score":1406,"play_id":"a5c2f78a-bdbf-40e4-85c8-e9138ce22579","local_time":"20190620110304","is_ascension_mode":true,"campfire_choices":[{"data":"Limit Break","floor":6.0,"key":"SMITH"},{"data":"Bash","floor":8.0,"key":"SMITH"},{"floor":10.0,"key":"REST"},{"data":"Metallicize","floor":15.0,"key":"SMITH"},{"data":"Inflame","floor":23.0,"key":"SMITH"},{"data":"Metallicize","floor":32.0,"key":"SMITH"},{"floor":41.0,"key":"REST"},{"floor":47,"key":"RECALL"},{"floor":49,"key":"REST"}],"neow_cost":"NONE","seed_source_timestamp":498988997186460,"circlet_count":0,"master_deck":["AscendersBane","Bash+1","Limit Break+1","Twin Strike+1","Cleave","Flex+1","Battle Trance+1","Metallicize+1","Warcry+1","Flame Barrier+1","Metallicize+1","Cleave+1","Battle Trance+1","Headbutt","Intimidate+1","Hemokinesis","Exhume+1","Shrug It Off+1","Bloodletting+1","Inflame+1","Reaper","Fiend Fire","Whirlwind","Metallicize+1"],"special_seed":0,"relics":["Burning Blood","Toxic Egg 2","Blood Vial","Unceasing Top","Smiling Mask","Pandora\u0027s Box","Frozen Eye","Tiny Chest","Pen Nib","MutagenicStrength","Pear","Red Mask","Omamori","Fusion Hammer","Happy Flower","Gremlin Horn","Red Skull","Dead Branch","Whetstone","Art of War"],"potions_floor_usage":[46],"damage_taken":[{"damage":11.0,"enemies":"Jaw Worm","floor":1.0,"turns":5.0},{"damage":12.0,"enemies":"Cultist","floor":4.0,"turns":4.0},{"damage":3.0,"enemies":"2 Louse","floor":5.0,"turns":2.0},{"damage":20.0,"enemies":"Large Slime","floor":7.0,"turns":6.0},{"damage":7.0,"enemies":"3 Louse","floor":11.0,"turns":4.0},{"damage":30.0,"enemies":"3 Sentries","floor":12.0,"turns":7.0},{"damage":0.0,"enemies":"2 Fungi Beasts","floor":13.0,"turns":3.0},{"damage":0.0,"enemies":"Gremlin Nob","floor":14.0,"turns":2.0},{"damage":30.0,"enemies":"Hexaghost","floor":16.0,"turns":10.0},{"damage":9.0,"enemies":"Chosen","floor":18.0,"turns":3.0},{"damage":4.0,"enemies":"2 Thieves","floor":19.0,"turns":3.0},{"damage":20.0,"enemies":"Centurion and Healer","floor":20.0,"turns":7.0},{"damage":20.0,"enemies":"Book of Stabbing","floor":24.0,"turns":5.0},{"damage":20.0,"enemies":"Gremlin Leader","floor":28.0,"turns":4.0},{"damage":9.0,"enemies":"Masked Bandits","floor":29.0,"turns":3.0},{"damage":38.0,"enemies":"Slavers","floor":30.0,"turns":6.0},{"damage":2.0,"enemies":"3 Cultists","floor":31.0,"turns":3.0},{"damage":12.0,"enemies":"Collector","floor":33.0,"turns":3.0},{"damage":0.0,"enemies":"Orb Walker","floor":35.0,"turns":3.0},{"damage":9.0,"enemies":"3 Darklings","floor":37.0,"turns":2.0},{"damage":31.0,"enemies":"Jaw Worm Horde","floor":38.0,"turns":4.0},{"damage":22.0,"enemies":"Writhing Mass","floor":39.0,"turns":5.0},{"damage":33.0,"enemies":"Nemesis","floor":40.0,"turns":6.0},{"damage":55.0,"enemies":"Giant Head","floor":44.0,"turns":6.0},{"damage":23.0,"enemies":"2 Orb Walkers","floor":45.0,"turns":3.0},{"damage":0,"enemies":"Reptomancer","floor":46,"turns":4},{"damage":34,"enemies":"Nemesis","floor":48,"turns":5},{"damage":129,"enemies":"Time Eater","floor":50,"turns":10}],"seed_played":"862482955908176264","potions_obtained":[{"floor":1.0,"key":"Block Potion"},{"floor":12.0,"key":"Swift Potion"},{"floor":13.0,"key":"SkillPotion"},{"floor":14.0,"key":"Fire Potion"},{"floor":16.0,"key":"Swift Potion"},{"floor":18.0,"key":"Ancient Potion"},{"floor":20.0,"key":"Swift Potion"},{"floor":28.0,"key":"Energy Potion"},{"floor":29.0,"key":"FearPotion"},{"floor":37.0,"key":"Dexterity Potion"},{"floor":40.0,"key":"Energy Potion"},{"floor":45.0,"key":"Strength Potion"},{"floor":46,"key":"Energy Potion"}],"is_trial":false,"path_per_floor":["M","?","?","M","M","R","M","R","T","R","M","E","M","E","R","B",null,"M","M","M","$","?","R","E","?","T","?","E","?","E","M","R","B",null,"M","?","M","M","M","E","R","$","T","E","?","E","R","E","R","B"],"character_chosen":"IRONCLAD","items_purchased":["Frozen Eye","Inflame","Gremlin Horn"],"campfire_rested":3,"item_purchase_floors":[21,21,42],"current_hp_per_floor":[63,45,45,39,42,42,28,28,28,50,51,29,37,45,45,23,62,61,65,53,53,53,53,41,41,41,41,85,85,70,85,85,79,84,85,85,85,64,71,46,71,71,71,55,60,85,85,83,85,0],"gold":174,"neow_bonus":"ONE_RANDOM_RARE_CARD","is_prod":false,"is_daily":false,"chose_seed":false,"campfire_upgraded":5,"win_rate":0,"timestamp":1561021384,"path_taken":["M","?","?","M","M","R","M","R","T","R","M","E","M","E","R","BOSS","M","M","M","?","?","R","E","?","T","?","E","?","E","M","R","BOSS","M","?","?","M","M","E","R","$","T","E","?","E","R","E","R","BOSS"],"build_version":"2019-01-23","purchased_purges":1,"victory":false,"max_hp_per_floor":[75,75,75,75,75,75,75,75,75,75,75,75,75,75,75,75,75,75,75,75,75,75,75,75,75,75,75,85,85,85,85,85,85,85,85,85,85,85,85,85,85,85,85,85,85,85,85,85,85,85],"card_choices":[{"not_picked":["Evolve","Second Wind"],"picked":"Twin Strike","floor":1.0},{"not_picked":["Dual Wield+1","Combust"],"picked":"Cleave","floor":4.0},{"not_picked":["Dual Wield+1","Shrug It Off+1"],"picked":"Flex+1","floor":5.0},{"not_picked":["Thunderclap","Burning Pact+1","Twin Strike"],"picked":"SKIP","floor":7.0},{"not_picked":["Sword Boomerang","Cleave"],"picked":"Battle Trance+1","floor":11.0},{"not_picked":["Feel No Pain","Searing Blow"],"picked":"Metallicize","floor":12.0},{"not_picked":["Clothesline","Infernal Blade+1"],"picked":"Warcry+1","floor":13.0},{"not_picked":["Searing Blow","Blood for Blood"],"picked":"Flame Barrier+1","floor":14.0},{"not_picked":["Dark Embrace","Immolate"],"picked":"Double Tap+1","floor":16.0},{"not_picked":["Havoc+1","Disarm+1"],"picked":"Shrug It Off+1","floor":18.0},{"not_picked":["Body Slam","Cleave"],"picked":"Bloodletting+1","floor":19.0},{"not_picked":["Twin Strike","Headbutt","Power Through+1"],"picked":"SKIP","floor":20.0},{"not_picked":["Carnage","Cleave"],"picked":"Reaper","floor":24.0},{"not_picked":["Havoc+1","Limit Break+1","Sever Soul"],"picked":"SKIP","floor":28.0},{"not_picked":["Clothesline","Double Tap+1","True Grit+1"],"picked":"SKIP","floor":30.0},{"not_picked":["Cleave","Heavy Blade","Pommel Strike"],"picked":"SKIP","floor":31.0},{"not_picked":["Reaper","Limit Break+1"],"picked":"Fiend Fire","floor":33.0},{"not_picked":["Intimidate+1","Wild Strike","Iron Wave"],"picked":"SKIP","floor":35.0},{"not_picked":["Wild Strike+1","Flex+1","Havoc+1"],"picked":"SKIP","floor":37.0},{"not_picked":["Iron Wave","Havoc+1"],"picked":"Whirlwind","floor":38.0},{"not_picked":["Combust+1","Clothesline+1","Flex+1"],"picked":"SKIP","floor":39.0},{"not_picked":["Combust+1","Clothesline+1","Flex+1"],"picked":"SKIP","floor":39.0},{"not_picked":["Inflame","Feed"],"picked":"Metallicize+1","floor":40.0},{"not_picked":["True Grit+1","Juggernaut","Perfected Strike+1"],"picked":"SKIP","floor":44.0},{"not_picked":["Twin Strike","Cleave","Body Slam"],"picked":"SKIP","floor":46},{"not_picked":["Infernal Blade+1","Clothesline","Blood for Blood"],"picked":"SKIP","floor":48}],"player_experience":619070,"relics_obtained":[{"floor":9.0,"key":"Blood Vial"},{"floor":12.0,"key":"Unceasing Top"},{"floor":14.0,"key":"Smiling Mask"},{"floor":24.0,"key":"Tiny Chest"},{"floor":26.0,"key":"Pen Nib"},{"floor":28.0,"key":"Pear"},{"floor":29.0,"key":"Red Mask"},{"floor":30.0,"key":"Omamori"},{"floor":40.0,"key":"Happy Flower"},{"floor":44.0,"key":"Red Skull"},{"floor":45.0,"key":"Dead Branch"},{"floor":46,"key":"Whetstone"},{"floor":48,"key":"Art of War"}],"event_choices":[{"damage_healed":0.0,"max_hp_gain":0.0,"max_hp_loss":0.0,"gold_gain":0.0,"event_name":"Scrap Ooze","player_choice":"Success","floor":2.0,"gold_loss":0.0,"damage_taken":18.0,"relics_obtained":["Toxic Egg 2"]},{"cards_removed":["Strike_R"],"damage_healed":0.0,"max_hp_gain":0.0,"max_hp_loss":0.0,"gold_gain":0.0,"event_name":"Purifier","player_choice":"Purged","floor":3.0,"gold_loss":0.0,"damage_taken":0.0},{"cards_removed":["Double Tap"],"damage_healed":0.0,"max_hp_gain":0.0,"max_hp_loss":0.0,"gold_gain":0.0,"event_name":"Beggar","player_choice":"Gave Gold","floor":25.0,"gold_loss":75.0,"damage_taken":0.0},{"damage_healed":0.0,"max_hp_gain":0.0,"max_hp_loss":0.0,"gold_gain":0.0,"event_name":"Drug Dealer","player_choice":"Inject Mutagens","floor":27.0,"gold_loss":0.0,"damage_taken":0.0,"relics_obtained":["MutagenicStrength"]},{"damage_healed":0.0,"max_hp_gain":0.0,"max_hp_loss":0.0,"gold_gain":0.0,"event_name":"Masked Bandits","player_choice":"Fought Bandits","floor":29.0,"gold_loss":0.0,"damage_taken":0.0},{"damage_healed":0.0,"max_hp_gain":0.0,"max_hp_loss":0.0,"gold_gain":0.0,"event_name":"SecretPortal","player_choice":"Ignored","floor":36.0,"gold_loss":0.0,"damage_taken":0.0},{"damage_healed":0.0,"max_hp_gain":0.0,"max_hp_loss":0.0,"gold_gain":0.0,"event_name":"Mysterious Sphere","player_choice":"Fight","floor":45.0,"gold_loss":0.0,"damage_taken":0.0}],"is_beta":false,"boss_relics":[{"not_picked":["Empty Cage","Lizard Tail"],"picked":"Pandora\u0027s Box"},{"not_picked":["Calling Bell","White Beast Statue"],"picked":"Fusion Hammer"}],"items_purged_floors":[21],"is_endless":false,"potions_floor_spawned":[1,12,13,14,16,18,20,28,29,37,40,45,46],"killed_by":"Time Eater","ascension_level":20}