{"gold_per_floor":[10,10,23,23,46,46,81,81,81,106,106],"floor_reached":11,"playtime":407,"items_purged":[],"score":146,"play_id":"982f361a-06c5-45ad-87fb-6b6aa9976023","local_time":"20190602140219","is_ascension_mode":true,"campfire_choices":[{"data":"Bash","floor":6,"key":"SMITH"},{"data":"Searing Blow","floor":8,"key":"SMITH"}],"neow_cost":"NO_GOLD","seed_source_timestamp":1368680556051825,"circlet_count":0,"master_deck":["AscendersBane","Strike_R","Strike_R","Strike_R","Defend_R","Defend_R","Defend_R","Bash+1","Rupture","Dropkick","Searing Blow+1","Inflame"],"special_seed":0,"relics":["Burning Blood","Golden Idol","Gremlin Horn","Vajra"],"potions_floor_usage":[3,11],"damage_taken":[{"damage":11.0,"enemies":"Small Slimes","floor":1.0,"turns":5.0},{"damage":9,"enemies":"Jaw Worm","floor":3,"turns":5},{"damage":6,"enemies":"Cultist","floor":5,"turns":3},{"damage":32,"enemies":"Gremlin Nob","floor":7,"turns":4},{"damage":8,"enemies":"Exordium Wildlife","floor":10,"turns":3},{"damage":40,"enemies":"3 Sentries","floor":11,"turns":6}],"seed_played":"1848607409793442344","potions_obtained":[{"floor":1.0,"key":"BloodPotion"},{"floor":3,"key":"Energy Potion"}],"is_trial":false,"path_per_floor":["M","?","M","?","M","R","E","R","T","M","E"],"character_chosen":"IRONCLAD","items_purchased":[],"campfire_rested":0,"item_purchase_floors":[],"current_hp_per_floor":[63,63,66,66,66,66,40,40,40,38,0],"gold":106,"neow_bonus":"REMOVE_TWO","is_prod":false,"is_daily":false,"chose_seed":false,"campfire_upgraded":2,"win_rate":0,"timestamp":1559476939,"path_taken":["M","?","M","?","M","R","E","R","T","M","E"],"build_version":"2019-01-23","purchased_purges":0,"victory":false,"max_hp_per_floor":[75,68,68,68,68,68,68,68,68,68,68],"card_choices":[{"not_picked":["Pommel Strike","Ghostly Armor"],"picked":"Rupture","floor":1.0},{"not_picked":["Cleave","Warcry"],"picked":"Dropkick","floor":3},{"not_picked":["Perfected Strike","Warcry","Headbutt"],"picked":"SKIP","floor":5},{"not_picked":["Clash","Anger"],"picked":"Searing Blow","floor":7},{"not_picked":["Uppercut","Thunderclap"],"picked":"Inflame","floor":10}],"player_experience":494814,"relics_obtained":[{"floor":7,"key":"Gremlin Horn"},{"floor":9,"key":"Vajra"}],"event_choices":[{"damage_healed":0.0,"max_hp_gain":0.0,"max_hp_loss":7.0,"gold_gain":0.0,"event_name":"Golden Idol","player_choice":"Lose Max HP","floor":2.0,"gold_loss":0.0,"damage_taken":0.0,"relics_obtained":["Golden Idol"]},{"cards_removed":["Strike_R"],"damage_healed":0,"gold_gain":0,"player_choice":"Purged","damage_taken":0,"max_hp_gain":0,"max_hp_loss":0,"event_name":"Purifier","floor":4,"gold_loss":0}],"is_beta":false,"boss_relics":[],"items_purged_floors":[],"is_endless":false,"potions_floor_spawned":[1,3],"killed_by":"3 Sentries","ascension_level":20}