{"gold_per_floor":[111,111,126,145,220,220,246,246,273,306,306,337,1,15,15,94,94,104,117,117,117,117,117,151,151,177,194,194,229,229,259,259,333,333,352,23,34,134,134,134,160,160,160,160,171,197,209,238,238,238,238,238,238,105,138,138],"floor_reached":57,"playtime":1660,"items_purged":["Defend_R","Blind"],"score":3299,"play_id":"e6bf8da5-5cc5-4c01-a842-b3c5b3e107af","local_time":"20190617184437","is_ascension_mode":true,"campfire_choices":[{"data":"Perfected Strike","floor":6.0,"key":"SMITH"},{"data":"Whirlwind","floor":8,"key":"SMITH"},{"data":"Trip","floor":15,"key":"SMITH"},{"data":"Perfected Strike","floor":23,"key":"SMITH"},{"data":"Flame Barrier","floor":25,"key":"SMITH"},{"data":"Flame Barrier","floor":28,"key":"SMITH"},{"data":"Defend_R","floor":32,"key":"SMITH"},{"data":"Bash","floor":40,"key":"SMITH"},{"floor":44,"key":"RECALL"},{"data":"Defend_R","floor":49,"key":"SMITH"},{"floor":53,"key":"REST"}],"neow_cost":"CURSE","seed_source_timestamp":268644018304041,"circlet_count":0,"master_deck":["AscendersBane","Strike_R","Strike_R","Strike_R","Strike_R","Strike_R","Defend_R+1","Defend_R+1","Defend_R","Bash+1","Perfected Strike+1","Perfected Strike+1","Whirlwind+1","Flame Barrier+1","Twin Strike","Flame Barrier+1","Trip+1","Impervious","Perfected Strike+1","Necronomicurse","Twin Strike","Offering","Twin Strike","Perfected Strike+1"],"special_seed":0,"relics":["Burning Blood","Magic Flower","PreservedInsect","Bag of Preparation","Ginger","Prayer Wheel","Pen Nib","Velvet Choker","Necronomicon","Letter Opener","Smiling Mask","Ancient Tea Set","Pantograph","Runic Pyramid","Torii","Charon\u0027s Ashes","Vajra","Incense Burner","Juzu Bracelet","Bag of Marbles"],"potions_floor_usage":[7,50,56,56],"damage_taken":[{"damage":3.0,"enemies":"2 Louse","floor":1.0,"turns":2.0},{"damage":1.0,"enemies":"Cultist","floor":3.0,"turns":3.0},{"damage":4.0,"enemies":"Small Slimes","floor":4.0,"turns":3.0},{"damage":30,"enemies":"Lagavulin","floor":7,"turns":7},{"damage":0,"enemies":"Gremlin Nob","floor":10,"turns":2},{"damage":10,"enemies":"3 Sentries","floor":12,"turns":4},{"damage":6,"enemies":"Looter","floor":14,"turns":2},{"damage":0,"enemies":"Slime Boss","floor":16,"turns":5},{"damage":0,"enemies":"3 Byrds","floor":18,"turns":3},{"damage":18,"enemies":"Shell Parasite","floor":19,"turns":4},{"damage":11,"enemies":"Gremlin Leader","floor":24,"turns":2},{"damage":0,"enemies":"Shelled Parasite and Fungi","floor":27,"turns":2},{"damage":0,"enemies":"Slavers","floor":29,"turns":1},{"damage":0,"enemies":"Book of Stabbing","floor":31,"turns":3},{"damage":0,"enemies":"Collector","floor":33,"turns":2},{"damage":6,"enemies":"3 Shapes","floor":35,"turns":3},{"damage":0,"enemies":"Orb Walker","floor":37,"turns":1},{"damage":1,"enemies":"Mind Bloom Boss Battle","floor":38,"turns":3},{"damage":2,"enemies":"Nemesis","floor":41,"turns":3},{"damage":0,"enemies":"Spire Growth","floor":45,"turns":2},{"damage":6,"enemies":"Giant Head","floor":46,"turns":3},{"damage":1,"enemies":"Transient","floor":47,"turns":6},{"damage":0,"enemies":"Reptomancer","floor":48,"turns":2},{"damage":77,"enemies":"Awakened One","floor":50,"turns":10},{"damage":35,"enemies":"Time Eater","floor":51,"turns":6},{"damage":29,"enemies":"Shield and Spear","floor":55,"turns":3},{"damage":34,"enemies":"The Heart","floor":56,"turns":5}],"seed_played":"-119169002200693838","potions_obtained":[{"floor":1.0,"key":"Regen Potion"},{"floor":4.0,"key":"Dexterity Potion"},{"floor":18,"key":"EssenceOfSteel"},{"floor":45,"key":"LiquidBronze"},{"floor":48,"key":"Regen Potion"}],"is_trial":false,"path_per_floor":["M","?","M","M","?","R","E","R","T","E","$","E","$","M","R","B",null,"M","M","?","?","$","R","E","R","T","M","R","E","?","E","R","B",null,"M","$","M","?","?","R","E","?","T","R","M","E","M","E","R","B","B",null,"R","$","E","B",null],"character_chosen":"IRONCLAD","items_purchased":["Pen Nib","Trip","Torii","Regen Potion"],"campfire_rested":1,"item_purchase_floors":[13,13,36,54],"current_hp_per_floor":[74,74,75,75,64,64,62,62,62,71,71,70,70,73,73,75,75,75,66,66,45,45,45,43,43,43,52,52,61,61,70,70,75,75,75,75,75,75,70,70,75,71,71,71,71,71,71,71,71,17,29,61,71,71,51,60],"gold":138,"neow_bonus":"ONE_RARE_RELIC","is_prod":false,"is_daily":false,"chose_seed":false,"campfire_upgraded":9,"win_rate":0,"timestamp":1560789877,"path_taken":["M","?","?","M","?","R","E","R","T","E","$","E","$","M","R","BOSS","M","M","?","?","?","R","E","R","T","M","R","E","?","E","R","BOSS","M","$","M","?","?","R","E","?","T","R","?","E","M","E","R","BOSS","BOSS","R","$","E","BOSS"],"build_version":"2019-01-23","purchased_purges":2,"victory":true,"max_hp_per_floor":[75,75,75,75,75,75,75,75,75,75,75,75,75,75,75,75,75,75,75,75,75,75,75,75,75,75,75,75,75,75,75,75,75,75,75,75,75,75,75,75,75,71,71,71,71,71,71,71,71,71,71,71,71,71,71,71],"card_choices":[{"not_picked":["Clothesline","Infernal Blade"],"picked":"Perfected Strike","floor":1.0},{"not_picked":["Sword Boomerang","Reaper"],"picked":"Perfected Strike","floor":3.0},{"not_picked":["Anger","Armaments"],"picked":"Whirlwind","floor":4.0},{"not_picked":["Heavy Blade","True Grit"],"picked":"Flame Barrier","floor":7},{"not_picked":["Flex","Burning Pact"],"picked":"Twin Strike","floor":10},{"not_picked":["Burning Pact","Ghostly Armor"],"picked":"Flame Barrier","floor":12},{"not_picked":["Carnage","Juggernaut","Cleave"],"picked":"SKIP","floor":14},{"not_picked":["Headbutt","Seeing Red","True Grit"],"picked":"SKIP","floor":14},{"not_picked":["Berserk","Exhume"],"picked":"Impervious","floor":16},{"not_picked":["Evolve","Corruption"],"picked":"Perfected Strike+1","floor":18},{"not_picked":["Headbutt","Clash","True Grit"],"picked":"SKIP","floor":18},{"not_picked":["Armaments","Headbutt+1","Havoc"],"picked":"SKIP","floor":19},{"not_picked":["Body Slam+1","Evolve","Cleave"],"picked":"SKIP","floor":19},{"not_picked":["Havoc","Bloodletting","Cleave"],"picked":"SKIP","floor":24},{"not_picked":["Flame Barrier","Sentinel"],"picked":"Twin Strike","floor":27},{"not_picked":["Pommel Strike","Evolve","Bloodletting"],"picked":"SKIP","floor":27},{"not_picked":["Rage+1","Dark Embrace","Heavy Blade"],"picked":"SKIP","floor":29},{"not_picked":["Headbutt","Warcry","Rage"],"picked":"SKIP","floor":31},{"not_picked":["Impervious","Demon Form"],"picked":"Offering","floor":33},{"not_picked":["Anger+1","Heavy Blade+1","Second Wind"],"picked":"SKIP","floor":35},{"not_picked":["Hemokinesis","Clash","Flex"],"picked":"SKIP","floor":35},{"not_picked":["Wild Strike","Body Slam","Dropkick"],"picked":"SKIP","floor":37},{"not_picked":["Havoc","Sentinel","Armaments"],"picked":"SKIP","floor":37},{"not_picked":["Purity","Secret Technique"],"picked":"Blind","floor":39},{"not_picked":["Feel No Pain","Spot Weakness","Havoc"],"picked":"SKIP","floor":41},{"not_picked":["Headbutt","Thunderclap+1","Uppercut"],"picked":"SKIP","floor":45},{"not_picked":["Shrug It Off","Searing Blow+1","Cleave+1"],"picked":"SKIP","floor":45},{"not_picked":["Dual Wield","Clash","Anger"],"picked":"SKIP","floor":46},{"not_picked":["Wild Strike","Carnage"],"picked":"Twin Strike","floor":47},{"not_picked":["Headbutt+1","Cleave","Sever Soul"],"picked":"SKIP","floor":47},{"not_picked":["Fire Breathing+1","Berserk"],"picked":"Perfected Strike+1","floor":48},{"not_picked":["Clash","Havoc+1","True Grit"],"picked":"SKIP","floor":55}],"player_experience":588322,"relics_obtained":[{"floor":7,"key":"PreservedInsect"},{"floor":9,"key":"Bag of Preparation"},{"floor":10,"key":"Ginger"},{"floor":12,"key":"Prayer Wheel"},{"floor":21,"key":"Necronomicon"},{"floor":24,"key":"Letter Opener"},{"floor":26,"key":"Smiling Mask"},{"floor":29,"key":"Ancient Tea Set"},{"floor":31,"key":"Pantograph"},{"floor":38,"key":"Charon\u0027s Ashes"},{"floor":41,"key":"Vajra"},{"floor":46,"key":"Incense Burner"},{"floor":48,"key":"Juzu Bracelet"},{"floor":55,"key":"Bag of Marbles"}],"event_choices":[{"cards_removed":["Pain"],"damage_healed":0.0,"max_hp_gain":0.0,"max_hp_loss":0.0,"gold_gain":0.0,"event_name":"Purifier","player_choice":"Purged","floor":2.0,"gold_loss":0.0,"damage_taken":0.0},{"damage_healed":0.0,"max_hp_gain":0.0,"max_hp_loss":0.0,"gold_gain":75.0,"event_name":"World of Goop","player_choice":"Gather Gold","floor":5.0,"gold_loss":0.0,"damage_taken":11.0},{"damage_healed":0,"gold_gain":0,"player_choice":"Ignored","damage_taken":0,"max_hp_gain":0,"max_hp_loss":0,"event_name":"Vampires","floor":20,"gold_loss":0},{"damage_healed":0,"gold_gain":0,"player_choice":"Obtained Book","damage_taken":21,"max_hp_gain":0,"max_hp_loss":0,"event_name":"Cursed Tome","floor":21,"gold_loss":0},{"damage_healed":0,"gold_gain":0,"player_choice":"Ignored","damage_taken":0,"max_hp_gain":0,"max_hp_loss":0,"event_name":"Ghosts","floor":30,"gold_loss":0},{"damage_healed":0,"gold_gain":0,"player_choice":"Fight","damage_taken":0,"max_hp_gain":0,"max_hp_loss":0,"event_name":"MindBloom","floor":38,"gold_loss":0},{"damage_healed":0,"gold_gain":0,"player_choice":"Memory 2","damage_taken":5,"max_hp_gain":0,"max_hp_loss":0,"event_name":"SensoryStone","floor":39,"gold_loss":0},{"damage_healed":0,"gold_gain":0,"player_choice":"Max HP","damage_taken":0,"max_hp_gain":0,"max_hp_loss":4,"event_name":"Winding Halls","floor":42,"gold_loss":0}],"is_beta":false,"boss_relics":[{"not_picked":["Calling Bell","Astrolabe"],"picked":"Velvet Choker"},{"not_picked":["Cursed Key","Fusion Hammer"],"picked":"Runic Pyramid"}],"items_purged_floors":[13,54],"is_endless":false,"potions_floor_spawned":[1,4,18,29,31,38,45,46,47,48,55],"ascension_level":20}