{"gold_per_floor":[113,127,92,154,154,189,208,228,251,20,51,51,151,170,170,270,270,289,389,406,406,417,417,437,451,503,522,502,528,328,340,340,440,440,450,450,450,127,127,127,160,174,220,220,232,106,122,138,138,138],"floor_reached":51,"playtime":3123,"items_purged":["Well Laid Plans","Strike_G","Writhe"],"score":915,"play_id":"038e516b-a4fa-47d7-8e6b-9de2032f3e87","local_time":"20190615172017","is_ascension_mode":true,"campfire_choices":[{"floor":12,"key":"REST"},{"data":"Noxious Fumes","floor":15,"key":"SMITH"},{"data":"Footwork","floor":23,"key":"SMITH"},{"floor":32,"key":"REST"},{"data":"Glass Knife","floor":40,"key":"SMITH"},{"floor":44,"key":"REST"},{"floor":49,"key":"REST"}],"neow_cost":"NONE","seed_source_timestamp":329116657279677,"circlet_count":0,"master_deck":["Defend_G","Defend_G","Defend_G","Defend_G","Defend_G","Strike_G","Strike_G","Strike_G","Survivor","Storm of Steel","Backstab","Doppelganger","Dagger Spray","Dagger Throw","Caltrops","Dagger Spray","Noxious Fumes+1","Riddle With Holes","Footwork+1","Adrenaline","Backflip","Backflip+1","Dodge and Roll","Deflect","Choke+1","Flying Knee+1","Glass Knife+1","Corpse Explosion","Adrenaline","Footwork+1","Caltrops","Caltrops+1","Backflip+1","Catalyst"],"relics":["Ring of the Snake","Smiling Mask","Happy Flower","Anchor","Centennial Puzzle","Runic Pyramid","Incense Burner","Kunai","Regal Pillow","Shuriken","Bronze Scales","Sozu","ClockworkSouvenir","Singing Bowl","Strawberry"],"potions_floor_usage":[11,18,19,20,20,33,33],"damage_taken":[{"damage":7,"enemies":"Cultist","floor":1,"turns":6},{"damage":0,"enemies":"Small Slimes","floor":2,"turns":4},{"damage":22,"enemies":"3 Sentries","floor":6,"turns":9},{"damage":0,"enemies":"2 Louse","floor":7,"turns":3},{"damage":0,"enemies":"Red Slaver","floor":8,"turns":4},{"damage":28,"enemies":"Gremlin Nob","floor":11,"turns":4},{"damage":0,"enemies":"3 Louse","floor":14,"turns":2},{"damage":17,"enemies":"Slime Boss","floor":16,"turns":9},{"damage":1,"enemies":"Shell Parasite","floor":18,"turns":4},{"damage":27,"enemies":"Colosseum Slavers","floor":19,"turns":4},{"damage":23,"enemies":"Colosseum Nobs","floor":19,"turns":4},{"damage":14,"enemies":"Spheric Guardian","floor":20,"turns":6},{"damage":15,"enemies":"Centurion and Healer","floor":22,"turns":7},{"damage":7,"enemies":"Snecko","floor":24,"turns":6},{"damage":11,"enemies":"Shelled Parasite and Fungi","floor":25,"turns":5},{"damage":13,"enemies":"Chosen and Byrds","floor":27,"turns":6},{"damage":5,"enemies":"Slavers","floor":29,"turns":7},{"damage":0,"enemies":"Centurion and Healer","floor":31,"turns":5},{"damage":34,"enemies":"Champ","floor":33,"turns":12},{"damage":9,"enemies":"3 Darklings","floor":35,"turns":3},{"damage":58,"enemies":"Giant Head","floor":41,"turns":9},{"damage":0,"enemies":"Orb Walker","floor":42,"turns":3},{"damage":3,"enemies":"Maw","floor":45,"turns":7},{"damage":10,"enemies":"4 Shapes","floor":47,"turns":3},{"damage":4,"enemies":"Jaw Worm Horde","floor":48,"turns":3},{"damage":34,"enemies":"Time Eater","floor":50,"turns":10}],"seed_played":"-1528296999604267422","potions_obtained":[{"floor":1,"key":"SteroidPotion"},{"floor":6,"key":"Energy Potion"},{"floor":8,"key":"GamblersBrew"},{"floor":16,"key":"SneckoOil"},{"floor":19,"key":"Regen Potion"},{"floor":24,"key":"LiquidBronze"},{"floor":27,"key":"Strength Potion"},{"floor":28,"key":"FairyPotion"}],"is_trial":false,"path_per_floor":["M","M","?","?","?","E","M","M","T","$","E","R","?","M","R","B",null,"M","?","M","?","M","R","M","M","T","M","?","E","$","M","R","B",null,"M","?","?","$","?","R","E","M","T","R","M","$","M","M","R","B",null],"character_chosen":"THE_SILENT","items_purchased":["Noxious Fumes","Anchor","Bronze Scales","ClockworkSouvenir","Caltrops","Catalyst"],"campfire_rested":4,"item_purchase_floors":[10,10,30,38,38,46],"current_hp_per_floor":[56,56,70,70,70,48,48,48,48,48,20,41,41,41,41,24,59,58,8,9,70,55,55,48,37,37,24,24,19,19,19,55,21,58,49,67,67,67,67,67,9,9,16,54,53,53,45,43,82,48],"gold":138,"neow_bonus":"ONE_RANDOM_RARE_CARD","is_prod":false,"is_daily":false,"chose_seed":false,"campfire_upgraded":3,"win_rate":0,"timestamp":1560637217,"path_taken":["M","M","?","?","?","E","M","?","T","$","E","R","?","M","R","BOSS","M","?","M","?","M","R","?","M","T","M","?","E","$","M","R","BOSS","M","?","?","$","?","R","E","M","T","R","?","$","M","M","R","BOSS"],"build_version":"2019-01-23","purchased_purges":3,"victory":true,"max_hp_per_floor":[70,70,70,70,70,70,70,70,70,70,70,70,70,70,70,70,70,70,70,70,70,70,70,70,70,70,70,70,70,70,70,70,70,70,70,70,70,70,70,70,70,70,77,77,79,79,81,83,83,83],"card_choices":[{"not_picked":["Deflect","Dagger Spray"],"picked":"Well Laid Plans","floor":1},{"not_picked":["Reflex","Dagger Spray"],"picked":"Backstab","floor":2},{"not_picked":["Well Laid Plans","Bane"],"picked":"Dagger Throw","floor":6},{"not_picked":["Cloak And Dagger","Acrobatics"],"picked":"Caltrops","floor":7},{"not_picked":["Escape Plan","Well Laid Plans"],"picked":"Dagger Spray","floor":8},{"not_picked":["Flying Knee","Endless Agony"],"picked":"Riddle With Holes","floor":11},{"not_picked":["PiercingWail","Sucker Punch"],"picked":"Footwork","floor":14},{"not_picked":["Tools of the Trade","Doppelganger"],"picked":"Adrenaline","floor":16},{"not_picked":["Deflect","Prepared+1"],"picked":"Backflip","floor":18},{"not_picked":["Bouncing Flask","Sucker Punch"],"picked":"Backflip+1","floor":19},{"not_picked":["Reflex","Well Laid Plans"],"picked":"Dodge and Roll","floor":20},{"not_picked":["Acrobatics","Blade Dance"],"picked":"Deflect","floor":22},{"not_picked":["Outmaneuver","Distraction"],"picked":"Choke+1","floor":24},{"not_picked":["Skewer+1","PiercingWail"],"picked":"Flying Knee+1","floor":25},{"not_picked":["Catalyst","Deadly Poison"],"picked":"Glass Knife","floor":27},{"not_picked":["Flying Knee","Sucker Punch"],"picked":"Corpse Explosion","floor":29},{"not_picked":["Terror","Slice","Infinite Blades"],"picked":"SKIP","floor":31},{"not_picked":["Glass Knife","Die Die Die"],"picked":"Adrenaline","floor":33},{"not_picked":["Dodge and Roll+1","Backflip+1"],"picked":"Footwork+1","floor":35},{"not_picked":["Deadly Poison","Crippling Poison+1"],"picked":"Caltrops+1","floor":41},{"not_picked":["Flechettes","Deadly Poison+1"],"picked":"Backflip+1","floor":42},{"not_picked":["Doppelganger","Quick Slash+1","Bane"],"picked":"Singing Bowl","floor":45},{"not_picked":["Tactician+1","Masterful Stab","Backflip"],"picked":"Singing Bowl","floor":47},{"not_picked":["Setup+1","Deadly Poison+1","Prepared"],"picked":"Singing Bowl","floor":48}],"player_experience":191675,"relics_obtained":[{"floor":6,"key":"Smiling Mask"},{"floor":9,"key":"Happy Flower"},{"floor":11,"key":"Centennial Puzzle"},{"floor":19,"key":"Incense Burner"},{"floor":19,"key":"Kunai"},{"floor":26,"key":"Regal Pillow"},{"floor":29,"key":"Shuriken"},{"floor":41,"key":"Singing Bowl"},{"floor":43,"key":"Strawberry"}],"event_choices":[{"damage_healed":17,"gold_gain":0,"player_choice":"Healed","damage_taken":0,"max_hp_gain":0,"max_hp_loss":0,"event_name":"The Cleric","floor":3,"gold_loss":35},{"damage_healed":0,"gold_gain":62,"player_choice":"Gained Gold","damage_taken":0,"max_hp_gain":0,"max_hp_loss":0,"event_name":"Golden Wing","floor":4,"gold_loss":0},{"damage_healed":0,"gold_gain":0,"player_choice":"2 cards matched","damage_taken":0,"max_hp_gain":0,"max_hp_loss":0,"event_name":"Match and Keep!","floor":5,"gold_loss":0,"cards_obtained":["Doppelganger","Dagger Spray"]},{"damage_healed":0,"gold_gain":100,"player_choice":"Pray","damage_taken":0,"max_hp_gain":0,"max_hp_loss":0,"event_name":"Golden Shrine","floor":13,"gold_loss":0},{"damage_healed":0,"gold_gain":0,"player_choice":"Fight","damage_taken":0,"max_hp_gain":0,"max_hp_loss":0,"event_name":"Colosseum","floor":19,"gold_loss":0},{"damage_healed":0,"gold_gain":0,"player_choice":"Fought Nobs","damage_taken":0,"max_hp_gain":0,"max_hp_loss":0,"event_name":"Colosseum","floor":19,"gold_loss":0},{"damage_healed":61,"gold_gain":0,"player_choice":"Full Heal","damage_taken":0,"max_hp_gain":0,"max_hp_loss":0,"event_name":"Wheel of Change","floor":21,"gold_loss":0},{"damage_healed":0,"gold_gain":0,"player_choice":"Bought 1 Potion","damage_taken":0,"max_hp_gain":0,"max_hp_loss":0,"event_name":"The Woman in Blue","floor":28,"gold_loss":0},{"damage_healed":18,"gold_gain":0,"player_choice":"Writhe","damage_taken":0,"max_hp_gain":0,"max_hp_loss":0,"event_name":"Winding Halls","floor":36,"gold_loss":0,"cards_obtained":["Writhe"]},{"cards_removed":["Neutralize"],"damage_healed":0,"gold_gain":0,"player_choice":"Removed Attack","damage_taken":0,"max_hp_gain":0,"max_hp_loss":0,"event_name":"Falling","floor":37,"gold_loss":0},{"cards_removed":["Strike_G"],"damage_healed":0,"gold_gain":0,"player_choice":"Offered Basic","damage_taken":0,"max_hp_gain":0,"max_hp_loss":0,"event_name":"Bonfire Elementals","floor":39,"gold_loss":0}],"is_beta":false,"boss_relics":[{"not_picked":["Coffee Dripper","Lizard Tail"],"picked":"Runic Pyramid"},{"not_picked":["Tiny House","Pandora\u0027s Box"],"picked":"Sozu"}],"items_purged_floors":[30,38,46],"is_endless":false,"potions_floor_spawned":[1,6,8,16,19,19,24,27,29,42,47],"ascension_level":7}