{"gold_per_floor":[114,114,28,28,28,28,61,61,61,61,80,113,113,24,24,113,113,126,151,151,151,2,2,20,20],"floor_reached":25,"playtime":909,"items_purged":["Strike_B"],"score":369,"play_id":"141d3ead-0fcc-44ad-85e0-bbb1915d74ec","local_time":"20190530221118","is_ascension_mode":true,"campfire_choices":[{"data":"Zap","floor":6,"key":"SMITH"},{"data":"Gash","floor":8,"key":"SMITH"},{"floor":10,"key":"DIG"},{"data":"Redo","floor":13,"key":"SMITH"},{"data":"Darkness","floor":15,"key":"SMITH"},{"floor":23,"key":"REST"}],"neow_cost":"NONE","seed_source_timestamp":1138329038970019,"circlet_count":0,"master_deck":["AscendersBane","Strike_B","Defend_B","Defend_B","Defend_B","Zap+1","Dualcast","Glacier","Gash+1","Glacier","Darkness+1","Redo+1","Undo","Core Surge","Genetic Algorithm","Echo Form","Ball Lightning","Defragment","Self Repair"],"relics":["Cracked Core","Golden Idol","Sundial","Letter Opener","Shovel","Omamori","Darkstone Periapt","Philosopher\u0027s Stone"],"potions_floor_usage":[18,18,19],"damage_taken":[{"damage":0,"enemies":"2 Louse","floor":1,"turns":4},{"damage":1,"enemies":"Lagavulin","floor":7,"turns":10},{"damage":0,"enemies":"Small Slimes","floor":11,"turns":2},{"damage":24,"enemies":"3 Sentries","floor":12,"turns":16},{"damage":17,"enemies":"The Guardian","floor":16,"turns":12},{"damage":18,"enemies":"2 Thieves","floor":18,"turns":3},{"damage":27,"enemies":"Shell Parasite","floor":19,"turns":4},{"damage":34,"enemies":"Chosen and Byrds","floor":24,"turns":6},{"damage":5,"enemies":"3 Cultists","floor":25,"turns":2}],"seed_played":"2778199684943392515","potions_obtained":[{"floor":11,"key":"FearPotion"},{"floor":16,"key":"GamblersBrew"},{"floor":18,"key":"AttackPotion"},{"floor":19,"key":"Ancient Potion"},{"floor":24,"key":"SteroidPotion"}],"is_trial":false,"path_per_floor":["M","?","$","?","?","R","E","R","T","R","M","E","R","$","R","B",null,"M","M","?","?","$","R","M","M"],"character_chosen":"DEFECT","items_purchased":["Glacier","Undo","Defragment"],"campfire_rested":1,"item_purchase_floors":[3,14,22],"current_hp_per_floor":[64,64,64,46,46,46,45,45,45,45,45,21,21,21,21,4,49,31,4,17,17,17,36,2,0],"gold":20,"neow_bonus":"THREE_CARDS","is_prod":false,"is_daily":false,"chose_seed":false,"campfire_upgraded":4,"win_rate":0,"timestamp":1559247078,"path_taken":["M","?","$","?","?","R","E","R","T","R","M","E","R","?","R","BOSS","M","M","?","?","$","R","M","M"],"build_version":"2019-01-23","purchased_purges":1,"victory":false,"max_hp_per_floor":[71,64,64,64,64,64,64,64,64,64,64,64,64,64,64,64,64,64,64,64,64,64,64,64,64],"card_choices":[{"not_picked":["Gash","Conserve Battery"],"picked":"Glacier","floor":0},{"not_picked":["Turbo","Stack"],"picked":"Gash","floor":1},{"not_picked":["Storm","Streamline","Reprogram"],"picked":"SKIP","floor":7},{"not_picked":["Rip and Tear","Skim"],"picked":"Darkness","floor":11},{"not_picked":["Static Discharge","Sunder"],"picked":"Redo","floor":12},{"not_picked":["Machine Learning","Seek"],"picked":"Core Surge","floor":16},{"not_picked":["Rebound","Rip and Tear"],"picked":"Genetic Algorithm","floor":18},{"not_picked":["Storm","FTL","Undo"],"picked":"SKIP","floor":19},{"not_picked":["Turbo","Redo"],"picked":"Self Repair","floor":24}],"player_experience":472080,"relics_obtained":[{"floor":7,"key":"Letter Opener"},{"floor":9,"key":"Shovel"},{"floor":10,"key":"Omamori"},{"floor":12,"key":"Darkstone Periapt"}],"event_choices":[{"damage_healed":0,"gold_gain":0,"player_choice":"Lose Max HP","damage_taken":0,"relics_obtained":["Golden Idol"],"max_hp_gain":0,"max_hp_loss":7,"event_name":"Golden Idol","floor":2,"gold_loss":0},{"damage_healed":0,"gold_gain":0,"player_choice":"Success","damage_taken":18,"relics_obtained":["Sundial"],"max_hp_gain":0,"max_hp_loss":0,"event_name":"Scrap Ooze","floor":4,"gold_loss":0},{"cards_removed":["Defend_B"],"damage_healed":0,"gold_gain":0,"player_choice":"Forget","damage_taken":0,"max_hp_gain":0,"max_hp_loss":0,"event_name":"Living Wall","floor":5,"gold_loss":0},{"damage_healed":13,"gold_gain":0,"player_choice":"Heal","damage_taken":0,"max_hp_gain":0,"max_hp_loss":0,"event_name":"The Library","floor":20,"gold_loss":0},{"damage_healed":0,"gold_gain":0,"cards_transformed":["Strike_B","Strike_B"],"player_choice":"Became Test Subject","damage_taken":0,"max_hp_gain":0,"max_hp_loss":0,"event_name":"Drug Dealer","floor":21,"gold_loss":0,"cards_obtained":["Echo Form","Ball Lightning"]}],"is_beta":false,"boss_relics":[{"not_picked":["Coffee Dripper","Orrery"],"picked":"Philosopher\u0027s Stone"}],"items_purged_floors":[22],"is_endless":false,"potions_floor_spawned":[11,16,18,19,24],"killed_by":"3 Cultists","ascension_level":16}