{"gold_per_floor":[12,23,23,42,42,74,89,264,264,264,264,284,284,284],"floor_reached":14,"playtime":956,"items_purged":[],"score":120,"play_id":"d06ec0ad-28a1-42cb-9e67-9fb235c61999","local_time":"20190617211737","is_ascension_mode":true,"campfire_choices":[],"neow_cost":"NO_GOLD","seed_source_timestamp":787837644048877,"circlet_count":0,"master_deck":["Strike_R","Strike_R","Strike_R+1","Strike_R","Defend_R","Defend_R+1","Defend_R","Defend_R","Bash+1","Combust","Cleave","Battle Trance","Spot Weakness+1","Feel No Pain","Doubt","Rupture"],"relics":["Burning Blood","PreservedInsect","War Paint","Darkstone Periapt"],"potions_floor_usage":[6],"damage_taken":[{"damage":8,"enemies":"Cultist","floor":1,"turns":5},{"damage":8,"enemies":"Jaw Worm","floor":2,"turns":4},{"damage":2,"enemies":"2 Louse","floor":4,"turns":2},{"damage":46,"enemies":"Lagavulin","floor":6,"turns":7},{"damage":9,"enemies":"2 Fungi Beasts","floor":7,"turns":3},{"damage":7,"enemies":"Blue Slaver","floor":12,"turns":3},{"damage":21,"enemies":"Large Slime","floor":14,"turns":4}],"seed_played":"-2898524692512965862","potions_obtained":[{"floor":2,"key":"SkillPotion"},{"floor":6,"key":"Block Potion"}],"is_trial":false,"path_per_floor":["M","M","$","M","?","E","M","?","T","?","?","M","?","M"],"character_chosen":"IRONCLAD","items_purchased":[],"campfire_rested":0,"item_purchase_floors":[],"current_hp_per_floor":[94,92,92,96,77,37,34,34,34,34,22,21,21,0],"gold":284,"neow_bonus":"TWENTY_PERCENT_HP_BONUS","is_prod":false,"is_daily":false,"chose_seed":false,"campfire_upgraded":0,"win_rate":0,"timestamp":1560820657,"path_taken":["M","M","$","?","?","E","M","?","T","?","?","M","?","M"],"build_version":"2019-01-23","purchased_purges":0,"victory":false,"max_hp_per_floor":[96,96,96,96,96,96,96,96,96,96,96,96,96,96],"card_choices":[{"not_picked":["Thunderclap","Corruption"],"picked":"Combust","floor":1},{"not_picked":["Wild Strike","Bloodletting"],"picked":"Cleave","floor":2},{"not_picked":["Fire Breathing","Twin Strike"],"picked":"Battle Trance","floor":4},{"not_picked":["Inflame","Power Through"],"picked":"Spot Weakness","floor":6},{"not_picked":["Cleave","Clash"],"picked":"Feel No Pain","floor":7},{"not_picked":["Spot Weakness","Clash"],"picked":"Rupture","floor":12}],"player_experience":1175682,"relics_obtained":[{"floor":6,"key":"PreservedInsect"},{"floor":9,"key":"War Paint"}],"event_choices":[{"damage_healed":0,"gold_gain":0,"player_choice":"Entered Light","damage_taken":19,"max_hp_gain":0,"max_hp_loss":0,"event_name":"Shining Light","floor":5,"gold_loss":0,"cards_upgraded":["Strike_R","Bash"]},{"damage_healed":0,"gold_gain":175,"player_choice":"AGREE","damage_taken":0,"max_hp_gain":0,"max_hp_loss":0,"event_name":"Liars Game","floor":8,"gold_loss":0,"cards_obtained":["Doubt"]},{"damage_healed":0,"gold_gain":0,"player_choice":"Ignored","damage_taken":0,"max_hp_gain":0,"max_hp_loss":0,"event_name":"Golden Idol","floor":10,"gold_loss":0},{"damage_healed":0,"gold_gain":0,"player_choice":"Success","damage_taken":12,"relics_obtained":["Darkstone Periapt"],"max_hp_gain":0,"max_hp_loss":0,"event_name":"Scrap Ooze","floor":11,"gold_loss":0},{"cards_removed":["Strike_R"],"damage_healed":0,"gold_gain":0,"player_choice":"Forget","damage_taken":0,"max_hp_gain":0,"max_hp_loss":0,"event_name":"Living Wall","floor":13,"gold_loss":0}],"is_beta":false,"boss_relics":[],"items_purged_floors":[],"is_endless":false,"potions_floor_spawned":[2,6],"killed_by":"Large Slime","ascension_level":1}