{"gold_per_floor":[213,226,245,170,184,184,184,199,199,218,249,277,277,310,310,385,385,403,403,61,78,98,130,130,160,206,219,233,233,75,86,86,86],"floor_reached":33,"playtime":1721,"items_purged":["Strike_G"],"score":648,"play_id":"cc4a0086-d3b8-40d9-97ef-38d2ffdbdbc2","local_time":"20190620022126","is_ascension_mode":true,"campfire_choices":[{"data":"Poisoned Stab","floor":7.0,"key":"SMITH"},{"data":"Bouncing Flask","floor":13.0,"key":"SMITH"},{"data":"Crippling Poison","floor":15.0,"key":"SMITH"},{"floor":24,"key":"REST"},{"floor":32,"key":"REST"}],"neow_cost":"NONE","seed_source_timestamp":468677669389258,"circlet_count":0,"master_deck":["AscendersBane","Defend_G","Defend_G","Defend_G","Defend_G","Defend_G","Strike_G","Strike_G","Survivor","Neutralize","Deflect","Poisoned Stab+1","Dodge and Roll","PiercingWail","Bouncing Flask+1","Backflip","Crippling Poison+1","Corpse Explosion","Adrenaline","Dodge and Roll+1","Backflip+1","Escape Plan+1"],"special_seed":0,"relics":["Ring of the Snake","Ninja Scroll","Frozen Egg 2","Odd Mushroom","Question Card","Busted Crown","Art of War","Blood Vial","Toxic Egg 2","Bottled Lightning","Bag of Marbles"],"potions_floor_usage":[23,23,25,33,33],"damage_taken":[{"damage":0.0,"enemies":"Small Slimes","floor":1.0,"turns":3.0},{"damage":0.0,"enemies":"Jaw Worm","floor":2.0,"turns":4.0},{"damage":1.0,"enemies":"2 Louse","floor":3.0,"turns":4.0},{"damage":0.0,"enemies":"Blue Slaver","floor":5.0,"turns":7.0},{"damage":2.0,"enemies":"Lots of Slimes","floor":8.0,"turns":7.0},{"damage":0.0,"enemies":"Exordium Wildlife","floor":10.0,"turns":3.0},{"damage":9.0,"enemies":"Gremlin Nob","floor":11.0,"turns":4.0},{"damage":0.0,"enemies":"The Mushroom Lair","floor":12.0,"turns":6.0},{"damage":15.0,"enemies":"Lagavulin","floor":14.0,"turns":6.0},{"damage":7.0,"enemies":"The Guardian","floor":16.0,"turns":9.0},{"damage":0.0,"enemies":"Spheric Guardian","floor":18.0,"turns":3.0},{"damage":11.0,"enemies":"Chosen","floor":21.0,"turns":5.0},{"damage":0.0,"enemies":"3 Cultists","floor":22.0,"turns":3.0},{"damage":50,"enemies":"Gremlin Leader","floor":23,"turns":9},{"damage":6,"enemies":"Book of Stabbing","floor":25,"turns":5},{"damage":0,"enemies":"Snake Plant","floor":27,"turns":4},{"damage":16,"enemies":"Shelled Parasite and Fungi","floor":28,"turns":6},{"damage":5,"enemies":"Snecko","floor":31,"turns":5},{"damage":40,"enemies":"Champ","floor":33,"turns":12}],"seed_played":"8801538380290759682","potions_obtained":[{"floor":2.0,"key":"Block Potion"},{"floor":8.0,"key":"Energy Potion"},{"floor":10.0,"key":"Strength Potion"},{"floor":14.0,"key":"SpeedPotion"},{"floor":22.0,"key":"Regen Potion"},{"floor":23,"key":"EssenceOfSteel"},{"floor":27,"key":"Swift Potion"}],"is_trial":false,"path_per_floor":["M","M","M","?","M","?","R","M","T","M","E","?","R","E","R","B",null,"M","?","$","M","M","E","R","E","T","M","M","?","$","M","R","B"],"character_chosen":"THE_SILENT","items_purchased":["Art of War","Blood Vial","GhostInAJar"],"campfire_rested":2,"item_purchase_floors":[20,20,30],"current_hp_per_floor":[59,59,58,58,58,58,58,56,56,56,47,47,47,32,32,25,56,56,56,56,47,49,16,35,31,31,33,19,19,19,16,35,0],"gold":86,"neow_bonus":"HUNDRED_GOLD","is_prod":false,"is_daily":false,"chose_seed":false,"campfire_upgraded":3,"win_rate":0,"timestamp":1560990086,"path_taken":["M","M","M","?","M","?","R","?","T","M","E","?","R","E","R","BOSS","M","?","$","M","M","E","R","E","T","M","M","?","$","M","R","BOSS"],"build_version":"2019-01-23","purchased_purges":1,"victory":false,"max_hp_per_floor":[66,66,66,66,66,66,66,66,66,66,66,66,66,66,66,66,66,66,66,66,66,66,66,66,66,66,66,66,66,66,66,66,66],"card_choices":[{"not_picked":["Outmaneuver","Prepared"],"picked":"Deflect","floor":1.0},{"not_picked":["Setup","Eviscerate"],"picked":"Poisoned Stab","floor":2.0},{"not_picked":["Acrobatics","Blade Dance"],"picked":"Dodge and Roll","floor":3.0},{"not_picked":["Blade Dance","Quick Slash"],"picked":"PiercingWail","floor":5.0},{"not_picked":["Underhanded Strike","Finisher","Cloak And Dagger"],"picked":"SKIP","floor":8.0},{"not_picked":["Dodge and Roll","Tactician"],"picked":"Bouncing Flask","floor":10.0},{"not_picked":["Underhanded Strike","Reflex"],"picked":"Backflip","floor":11.0},{"not_picked":["Masterful Stab","Distraction"],"picked":"Crippling Poison","floor":12.0},{"not_picked":["PiercingWail","Quick Slash"],"picked":"Corpse Explosion","floor":14.0},{"not_picked":["Unload","Glass Knife","A Thousand Cuts+1"],"picked":"Adrenaline","floor":16.0},{"not_picked":["Sucker Punch","Heel Hook"],"picked":"SKIP","floor":18.0},{"not_picked":["Well Laid Plans+1"],"picked":"Dodge and Roll+1","floor":21.0},{"not_picked":["Flying Knee","Dagger Throw"],"picked":"SKIP","floor":22.0},{"not_picked":["Outmaneuver+1","Dagger Spray"],"picked":"SKIP","floor":23},{"not_picked":["Flechettes","Poisoned Stab"],"picked":"SKIP","floor":25},{"not_picked":["Predator+1"],"picked":"Backflip+1","floor":27},{"not_picked":["Finisher","Cloak And Dagger+1"],"picked":"SKIP","floor":28},{"not_picked":["Corpse Explosion+1"],"picked":"Escape Plan+1","floor":31}],"player_experience":608077,"relics_obtained":[{"floor":9.0,"key":"Ninja Scroll"},{"floor":11.0,"key":"Frozen Egg 2"},{"floor":12.0,"key":"Odd Mushroom"},{"floor":14.0,"key":"Question Card"},{"floor":23,"key":"Toxic Egg 2"},{"floor":25,"key":"Bottled Lightning"},{"floor":26,"key":"Bag of Marbles"}],"event_choices":[{"cards_removed":["Strike_G"],"damage_healed":0.0,"max_hp_gain":0.0,"max_hp_loss":0.0,"gold_gain":0.0,"event_name":"The Cleric","player_choice":"Card Removal","floor":4.0,"gold_loss":75.0,"damage_taken":0.0},{"damage_healed":0.0,"max_hp_gain":0.0,"max_hp_loss":0.0,"gold_gain":0.0,"event_name":"Shining Light","player_choice":"Ignored","floor":6.0,"gold_loss":0.0,"damage_taken":0.0},{"damage_healed":0.0,"max_hp_gain":0.0,"max_hp_loss":0.0,"gold_gain":0.0,"event_name":"Mushrooms","player_choice":"Fought Mushrooms","floor":12.0,"gold_loss":0.0,"damage_taken":0.0},{"damage_healed":0.0,"max_hp_gain":0.0,"max_hp_loss":0.0,"gold_gain":0.0,"event_name":"Cursed Tome","player_choice":"Ignored","floor":19.0,"gold_loss":0.0,"damage_taken":0.0},{"cards_removed":["Strike_G"],"damage_healed":0,"gold_gain":0,"player_choice":"Purged","damage_taken":0,"max_hp_gain":0,"max_hp_loss":0,"event_name":"Purifier","floor":29,"gold_loss":0}],"is_beta":false,"boss_relics":[{"not_picked":["Empty Cage","Pandora\u0027s Box"],"picked":"Busted Crown"}],"items_purged_floors":[30],"is_endless":false,"potions_floor_spawned":[2,8,10,14,22,23,27,31],"killed_by":"Champ","ascension_level":20}