{"gold_per_floor":[114,129,95,114,114,114,127,153,201,230,277,277,310,333,333,454,454,474,474,498,517,616,655,655,693,693,693,714,714,733,643,643,643],"floor_reached":33,"playtime":1570,"items_purged":[],"score":442,"play_id":"987d2083-30b4-45f6-8f99-80f753b820fa","local_time":"20190621173818","is_ascension_mode":true,"campfire_choices":[{"data":"Bash","floor":6.0,"key":"SMITH"},{"data":"Double Tap","floor":15.0,"key":"SMITH"},{"floor":24.0,"key":"REST"},{"floor":27.0,"key":"REST"},{"floor":32,"key":"REST"}],"neow_cost":"NONE","seed_source_timestamp":75616423224121,"circlet_count":0,"master_deck":["Strike_R","Strike_R","Defend_R","Defend_R","Defend_R","Defend_R","Bash+1","Pommel Strike+1","Rampage","Feel No Pain","Disarm","Double Tap+1","Reaper+1","Searing Blow+1","Sever Soul+1","Immolate+1","Pummel+1","Ghostly Armor","Disarm+1","Seeing Red+1","Armaments+1","Dropkick+1","Heavy Blade+1","Thunderclap+1","Shrug It Off+1"],"special_seed":0,"relics":["Black Blood","Molten Egg 2","Omamori","Regal Pillow","Pen Nib","Golden Idol","Mercury Hourglass","Gremlin Horn","Blue Candle","Oddly Smooth Stone","Thread and Needle"],"potions_floor_usage":[33],"damage_taken":[{"damage":1.0,"enemies":"Cultist","floor":1.0,"turns":3.0},{"damage":7.0,"enemies":"Jaw Worm","floor":2.0,"turns":3.0},{"damage":0.0,"enemies":"Small Slimes","floor":4.0,"turns":3.0},{"damage":11.0,"enemies":"Looter","floor":7.0,"turns":4.0},{"damage":23.0,"enemies":"Lagavulin","floor":8.0,"turns":7.0},{"damage":29.0,"enemies":"3 Sentries","floor":10.0,"turns":9.0},{"damage":38.0,"enemies":"Lagavulin","floor":13.0,"turns":7.0},{"damage":11.0,"enemies":"Gremlin Gang","floor":14.0,"turns":2.0},{"damage":41.0,"enemies":"The Guardian","floor":16.0,"turns":12.0},{"damage":31.0,"enemies":"Shell Parasite","floor":18.0,"turns":8.0},{"damage":3.0,"enemies":"3 Byrds","floor":20.0,"turns":3.0},{"damage":28.0,"enemies":"Centurion and Healer","floor":21.0,"turns":6.0},{"damage":49.0,"enemies":"Slavers","floor":23.0,"turns":4.0},{"damage":63.0,"enemies":"Book of Stabbing","floor":25.0,"turns":5.0},{"damage":20.0,"enemies":"Snake Plant","floor":28.0,"turns":3.0},{"damage":37,"enemies":"Shelled Parasite and Fungi","floor":30,"turns":6},{"damage":67,"enemies":"Collector","floor":33,"turns":9}],"seed_played":"4961346998951376007","potions_obtained":[{"floor":0.0,"key":"Regen Potion"},{"floor":0.0,"key":"Block Potion"},{"floor":0.0,"key":"AttackPotion"},{"floor":4.0,"key":"SmokeBomb"},{"floor":13.0,"key":"Explosive Potion"},{"floor":14.0,"key":"EntropicBrew"},{"floor":16.0,"key":"Weak Potion"},{"floor":18.0,"key":"AttackPotion"},{"floor":21.0,"key":"PowerPotion"},{"floor":30,"key":"FearPotion"}],"is_trial":false,"path_per_floor":["M","M","$","M","?","R","M","E","T","E","T","?","E","M","R","B",null,"M","?","M","M","?","E","R","E","T","R","M","?","M","?","R","B"],"character_chosen":"IRONCLAD","items_purchased":["Rampage"],"campfire_rested":3,"item_purchase_floors":[3],"current_hp_per_floor":[77,76,76,80,80,80,75,58,58,50,50,50,30,45,45,14,64,46,46,53,55,55,28,67,19,19,58,48,48,21,21,60,0],"gold":643,"neow_bonus":"THREE_SMALL_POTIONS","is_prod":false,"is_daily":false,"chose_seed":false,"campfire_upgraded":2,"win_rate":0,"timestamp":1561156698,"path_taken":["M","M","?","M","?","R","?","E","T","E","?","?","E","M","R","BOSS","M","?","M","?","?","E","R","E","T","R","M","?","M","?","R","BOSS"],"build_version":"2019-01-23","purchased_purges":0,"victory":false,"max_hp_per_floor":[80,80,80,80,80,80,80,80,80,80,80,80,80,80,80,80,80,80,80,80,80,80,80,80,80,80,80,80,80,80,80,80,80],"card_choices":[{"not_picked":["Cleave","Thunderclap"],"picked":"Pommel Strike","floor":1.0},{"not_picked":["Fire Breathing","Clash","Body Slam"],"picked":"SKIP","floor":2.0},{"not_picked":["Thunderclap","Whirlwind"],"picked":"Feel No Pain","floor":4.0},{"not_picked":["Shrug It Off","Cleave"],"picked":"Disarm","floor":7.0},{"not_picked":["Combust","Barricade"],"picked":"Double Tap","floor":8.0},{"not_picked":["Iron Wave+1","Headbutt+1"],"picked":"Reaper+1","floor":10.0},{"not_picked":["Bloodletting","True Grit"],"picked":"Searing Blow+1","floor":13.0},{"not_picked":["Body Slam+1","Thunderclap+1"],"picked":"Sever Soul+1","floor":14.0},{"not_picked":["Exhume","Fiend Fire+1"],"picked":"Immolate+1","floor":16.0},{"not_picked":["Sword Boomerang+1","Rupture"],"picked":"Pummel+1","floor":18.0},{"not_picked":["Whirlwind+1","Dropkick+1"],"picked":"Ghostly Armor","floor":20.0},{"not_picked":["Armaments","Flex"],"picked":"Disarm","floor":21.0},{"not_picked":["Armaments","Shrug It Off"],"picked":"Seeing Red+1","floor":23.0},{"not_picked":["Shockwave","Flex"],"picked":"Armaments+1","floor":25.0},{"not_picked":["Perfected Strike+1","Double Tap"],"picked":"Dropkick+1","floor":28.0},{"not_picked":["Rampage+1","Twin Strike+1"],"picked":"Shrug It Off+1","floor":30}],"player_experience":231328,"relics_obtained":[{"floor":8.0,"key":"Molten Egg 2"},{"floor":9.0,"key":"Omamori"},{"floor":10.0,"key":"Regal Pillow"},{"floor":11.0,"key":"Pen Nib"},{"floor":13.0,"key":"Mercury Hourglass"},{"floor":23.0,"key":"Blue Candle"},{"floor":25.0,"key":"Oddly Smooth Stone"},{"floor":26.0,"key":"Thread and Needle"}],"event_choices":[{"damage_healed":0.0,"max_hp_gain":0.0,"max_hp_loss":0.0,"gold_gain":0.0,"event_name":"Upgrade Shrine","player_choice":"Upgraded","floor":5.0,"gold_loss":0.0,"damage_taken":0.0,"cards_upgraded":["Pommel Strike"]},{"damage_healed":0.0,"max_hp_gain":0.0,"max_hp_loss":0.0,"gold_gain":0.0,"event_name":"Golden Idol","player_choice":"Take Wound","floor":12.0,"gold_loss":0.0,"damage_taken":0.0,"relics_obtained":["Golden Idol"],"cards_obtained":["Injury"]},{"damage_healed":0.0,"max_hp_gain":0.0,"max_hp_loss":0.0,"gold_gain":0.0,"event_name":"WeMeetAgain","player_choice":"Gave Potion","floor":19.0,"gold_loss":0.0,"damage_taken":0.0,"relics_obtained":["Gremlin Horn"]},{"damage_healed":0.0,"max_hp_gain":0.0,"max_hp_loss":0.0,"gold_gain":99.0,"event_name":"Nest","player_choice":"Stole From Cult","floor":22.0,"gold_loss":0.0,"damage_taken":0.0},{"damage_healed":0.0,"max_hp_gain":0.0,"max_hp_loss":0.0,"gold_gain":0.0,"cards_transformed":["Strike_R","Strike_R"],"event_name":"Drug Dealer","player_choice":"Became Test Subject","floor":29.0,"gold_loss":0.0,"damage_taken":0.0,"cards_obtained":["Heavy Blade","Thunderclap"]},{"cards_removed":["Strike_R"],"damage_healed":0,"gold_gain":0,"player_choice":"Upgrade and Remove","damage_taken":0,"max_hp_gain":0,"max_hp_loss":0,"event_name":"Designer","floor":31,"gold_loss":90,"cards_upgraded":["Disarm"]}],"is_beta":false,"boss_relics":[{"not_picked":["White Beast Statue","Tiny House"],"picked":"Black Blood"}],"items_purged_floors":[],"is_endless":false,"potions_floor_spawned":[4,13,14,16,18,21,30],"killed_by":"Collector","ascension_level":9}