{"gold_per_floor":[12,12,32,50,50,50,82,82,82,82,7,41,69,97,109,195,207,233,245,267,297,338,350,381,421,484,512,333,333],"floor_reached":29,"playtime":1141,"items_purged":["Defend_B"],"score":485,"play_id":"28d682f3-23ec-4398-a8d0-246679dba677","local_time":"20190607115625","is_ascension_mode":true,"campfire_choices":[{"data":"Zap","floor":6.0,"key":"SMITH"},{"data":"Go for the Eyes","floor":8.0,"key":"SMITH"},{"data":"Gash","floor":10.0,"key":"SMITH"},{"data":"Scrape","floor":15.0,"key":"SMITH"},{"floor":23,"key":"REST"}],"neow_cost":"NO_GOLD","seed_source_timestamp":217531130155636,"circlet_count":0,"master_deck":["AscendersBane","Defend_B","Defend_B","Defend_B","Zap+1","Dualcast","Gash+1","Scrape+1","Go for the Eyes+1","Conserve Battery","Gash+1","Seek","Beam Cell+1","FTL+1","Tempest","Compile Driver+1","Beam Cell+1","Steam"],"special_seed":0,"relics":["Cracked Core","FossilizedHelix","Symbiotic Virus","The Courier","MawBank","Black Star","Red Mask","DataDisk","Regal Pillow","Whetstone","Pen Nib"],"potions_floor_usage":[16,21,22,25,29],"damage_taken":[{"damage":8.0,"enemies":"2 Louse","floor":1.0,"turns":3.0},{"damage":0.0,"enemies":"Small Slimes","floor":3.0,"turns":3.0},{"damage":0.0,"enemies":"Jaw Worm","floor":4.0,"turns":2.0},{"damage":5.0,"enemies":"Lagavulin","floor":7.0,"turns":7.0},{"damage":24.0,"enemies":"Gremlin Nob","floor":12.0,"turns":4.0},{"damage":0.0,"enemies":"Red Slaver","floor":13.0,"turns":3.0},{"damage":0.0,"enemies":"2 Fungi Beasts","floor":14.0,"turns":2.0},{"damage":6,"enemies":"Slime Boss","floor":16,"turns":9},{"damage":21,"enemies":"3 Byrds","floor":18,"turns":5},{"damage":0,"enemies":"Spheric Guardian","floor":20,"turns":3},{"damage":7,"enemies":"Cultist and Chosen","floor":21,"turns":5},{"damage":29,"enemies":"Masked Bandits","floor":22,"turns":4},{"damage":3,"enemies":"Centurion and Healer","floor":24,"turns":6},{"damage":16,"enemies":"Gremlin Leader","floor":25,"turns":6},{"damage":6,"enemies":"3 Cultists","floor":27,"turns":3},{"damage":12,"enemies":"Snake Plant","floor":29,"turns":3}],"seed_played":"-1661638755105187675","potions_obtained":[{"floor":3.0,"key":"FearPotion"},{"floor":7.0,"key":"Dexterity Potion"},{"floor":12.0,"key":"AttackPotion"},{"floor":16,"key":"SpeedPotion"},{"floor":20,"key":"Regen Potion"},{"floor":22,"key":"GamblersBrew"},{"floor":27,"key":"PowerPotion"}],"is_trial":false,"path_per_floor":["M","?","M","M","?","R","E","R","T","R","?","E","M","M","R","B",null,"M","?","M","M","?","R","M","E","T","M","$","M"],"character_chosen":"DEFECT","items_purchased":["Pen Nib"],"campfire_rested":1,"item_purchase_floors":[28],"current_hp_per_floor":[56,56,56,56,49,49,44,44,44,44,44,20,20,20,20,14,57,36,36,36,43,14,35,32,16,16,10,10,0],"gold":333,"neow_bonus":"ONE_RARE_RELIC","is_prod":false,"is_daily":false,"chose_seed":false,"campfire_upgraded":4,"win_rate":0,"timestamp":1559901385,"path_taken":["M","?","M","M","?","R","E","R","T","R","?","E","M","M","R","BOSS","M","?","M","M","?","R","M","E","T","M","$","M"],"build_version":"2019-01-23","purchased_purges":1,"victory":false,"max_hp_per_floor":[71,71,71,71,71,71,71,71,71,71,71,71,71,71,71,71,71,71,71,71,71,71,71,71,71,71,71,71,71],"card_choices":[{"not_picked":["Beam Cell","Undo"],"picked":"Gash","floor":1.0},{"not_picked":["Heatsinks","Static Discharge"],"picked":"Scrape","floor":3.0},{"not_picked":["Hello World","Cold Snap"],"picked":"Go for the Eyes","floor":4.0},{"not_picked":["Doom and Gloom","Rip and Tear","Barrage"],"picked":"SKIP","floor":7.0},{"not_picked":["Force Field","Ball Lightning"],"picked":"Conserve Battery","floor":12.0},{"not_picked":["Go for the Eyes","Stack"],"picked":"Gash","floor":13.0},{"not_picked":["Cold Snap","Conserve Battery","Genetic Algorithm"],"picked":"SKIP","floor":14.0},{"not_picked":["Rainbow","Fission"],"picked":"Seek","floor":16},{"not_picked":["Force Field","Capacitor"],"picked":"Beam Cell+1","floor":18},{"not_picked":["Self Repair","Go for the Eyes"],"picked":"Compile Driver+1","floor":20},{"not_picked":["Ball Lightning+1","Loop"],"picked":"Beam Cell+1","floor":21},{"not_picked":["Stack","Cold Snap+1"],"picked":"Steam","floor":22},{"not_picked":["Static Discharge","Streamline","Barrage+1"],"picked":"SKIP","floor":24},{"not_picked":["Compile Driver","Ball Lightning","Conserve Battery"],"picked":"SKIP","floor":25},{"not_picked":["Barrage","Leap","Coolheaded+1"],"picked":"SKIP","floor":27}],"player_experience":536664,"relics_obtained":[{"floor":7.0,"key":"Symbiotic Virus"},{"floor":9.0,"key":"The Courier"},{"floor":12.0,"key":"MawBank"},{"floor":22,"key":"Red Mask"},{"floor":25,"key":"DataDisk"},{"floor":25,"key":"Regal Pillow"},{"floor":26,"key":"Whetstone"}],"event_choices":[{"damage_healed":0.0,"max_hp_gain":0.0,"max_hp_loss":0.0,"gold_gain":0.0,"event_name":"Liars Game","player_choice":"Ignored","floor":2.0,"gold_loss":0.0,"damage_taken":0.0},{"cards_removed":["Strike_B"],"damage_healed":0.0,"max_hp_gain":0.0,"max_hp_loss":0.0,"gold_gain":0.0,"event_name":"Golden Wing","player_choice":"Card Removal","floor":5.0,"gold_loss":0.0,"damage_taken":7.0},{"cards_removed":["Strike_B"],"damage_healed":0.0,"max_hp_gain":0.0,"max_hp_loss":0.0,"gold_gain":0.0,"event_name":"The Cleric","player_choice":"Card Removal","floor":11.0,"gold_loss":75.0,"damage_taken":0.0},{"damage_healed":0,"gold_gain":0,"cards_transformed":["Strike_B","Strike_B"],"player_choice":"Became Test Subject","damage_taken":0,"max_hp_gain":0,"max_hp_loss":0,"event_name":"Drug Dealer","floor":19,"gold_loss":0,"cards_obtained":["FTL","Tempest"]},{"damage_healed":0,"gold_gain":0,"player_choice":"Fought Bandits","damage_taken":0,"max_hp_gain":0,"max_hp_loss":0,"event_name":"Masked Bandits","floor":22,"gold_loss":0}],"is_beta":false,"boss_relics":[{"not_picked":["Lizard Tail","Fusion Hammer"],"picked":"Black Star"}],"items_purged_floors":[28],"is_endless":false,"potions_floor_spawned":[3,7,12,13,16,20,22,27],"killed_by":"Snake Plant","ascension_level":18}