{"gold_per_floor":[117,34,109,128,140,140,151,151,175,175,175,192,192,192,192,192],"floor_reached":16,"playtime":357,"items_purged":[],"score":180,"play_id":"454598b1-dbb8-4388-9c60-954e94843db8","local_time":"20190602141258","is_ascension_mode":true,"campfire_choices":[{"data":"Combust","floor":6,"key":"SMITH"},{"data":"Uppercut","floor":8,"key":"SMITH"},{"data":"Bash","floor":11,"key":"SMITH"},{"data":"Cleave","floor":13,"key":"SMITH"},{"data":"Shrug It Off","floor":15,"key":"SMITH"}],"neow_cost":"NONE","seed_source_timestamp":1369412334565263,"circlet_count":0,"master_deck":["AscendersBane","Strike_R","Strike_R","Strike_R","Strike_R","Defend_R","Defend_R","Defend_R","Defend_R","Bash+1","Cleave+1","Combust+1","Uppercut+1","Shrug It Off+1"],"relics":["Burning Blood","PreservedInsect"],"potions_floor_usage":[],"damage_taken":[{"damage":12,"enemies":"Small Slimes","floor":1,"turns":4},{"damage":4,"enemies":"2 Louse","floor":4,"turns":3},{"damage":1,"enemies":"Cultist","floor":5,"turns":3},{"damage":13,"enemies":"Blue Slaver","floor":7,"turns":2},{"damage":32,"enemies":"Exordium Thugs","floor":12,"turns":5},{"damage":29,"enemies":"Hexaghost","floor":16,"turns":7}],"seed_played":"-8233804845188196391","potions_obtained":[{"floor":7,"key":"LiquidBronze"},{"floor":12,"key":"SmokeBomb"}],"is_trial":false,"path_per_floor":["M","$","?","M","M","R","M","R","T","?","R","M","R","?","R","B"],"character_chosen":"IRONCLAD","items_purchased":["Combust"],"campfire_rested":0,"item_purchase_floors":[2],"current_hp_per_floor":[69,69,58,60,65,65,58,58,58,58,58,32,32,25,25,0],"gold":192,"neow_bonus":"TEN_PERCENT_HP_BONUS","is_prod":false,"is_daily":false,"chose_seed":false,"campfire_upgraded":5,"win_rate":0,"timestamp":1559477578,"path_taken":["M","$","?","M","M","R","M","R","T","?","R","M","R","?","R","BOSS"],"build_version":"2019-01-23","purchased_purges":0,"victory":false,"max_hp_per_floor":[82,82,82,82,82,82,82,82,82,82,82,82,82,82,82,82],"card_choices":[{"not_picked":["Body Slam","Burning Pact"],"picked":"Cleave","floor":1},{"not_picked":["Twin Strike","Havoc"],"picked":"Uppercut","floor":4},{"not_picked":["Heavy Blade","Havoc","Entrench"],"picked":"SKIP","floor":5},{"not_picked":["Hemokinesis","Clothesline","Sever Soul"],"picked":"SKIP","floor":7},{"not_picked":["Pummel","Warcry"],"picked":"Shrug It Off","floor":12}],"player_experience":495478,"relics_obtained":[{"floor":9,"key":"PreservedInsect"}],"event_choices":[{"damage_healed":0,"gold_gain":75,"player_choice":"Gather Gold","damage_taken":11,"max_hp_gain":0,"max_hp_loss":0,"event_name":"World of Goop","floor":3,"gold_loss":0},{"damage_healed":0,"gold_gain":0,"player_choice":"Ignored","damage_taken":0,"max_hp_gain":0,"max_hp_loss":0,"event_name":"Liars Game","floor":10,"gold_loss":0},{"cards_removed":["Strike_R"],"damage_healed":0,"gold_gain":0,"player_choice":"Card Removal","damage_taken":7,"max_hp_gain":0,"max_hp_loss":0,"event_name":"Golden Wing","floor":14,"gold_loss":0}],"is_beta":false,"boss_relics":[],"items_purged_floors":[],"is_endless":false,"potions_floor_spawned":[7,12],"killed_by":"Hexaghost","ascension_level":20}