{"gold_per_floor":[110,21,40,57,57,57,91,16,42,62,91,109,9,39,39,39],"floor_reached":16,"playtime":532,"items_purged":["Strike_B","Strike_B"],"score":290,"play_id":"35f1c911-76de-464a-a91a-1d75d3d547d2","local_time":"20190603222512","is_ascension_mode":true,"campfire_choices":[{"data":"Dualcast","floor":6.0,"key":"SMITH"},{"floor":15,"key":"REST"}],"neow_cost":"TEN_PERCENT_HP_LOSS","seed_source_timestamp":2180690087704,"circlet_count":0,"master_deck":["AscendersBane","Strike_B","Strike_B","Defend_B","Defend_B","Defend_B","Defend_B","Zap+1","Dualcast+1","All For One","Glacier","Flash of Steel","Gash","Compile Driver","Hologram","Sweeping Beam","Defragment","Conserve Battery"],"special_seed":0,"relics":["Cracked Core","Art of War","Boot","Dream Catcher","Bag of Marbles"],"potions_floor_usage":[11,14],"damage_taken":[{"damage":4.0,"enemies":"Jaw Worm","floor":1.0,"turns":4.0},{"damage":0.0,"enemies":"Cultist","floor":3.0,"turns":4.0},{"damage":9.0,"enemies":"2 Louse","floor":4.0,"turns":2.0},{"damage":20.0,"enemies":"Gremlin Nob","floor":7.0,"turns":4.0},{"damage":14.0,"enemies":"Gremlin Gang","floor":10.0,"turns":4.0},{"damage":0,"enemies":"Lagavulin","floor":11,"turns":7},{"damage":4,"enemies":"3 Louse","floor":12,"turns":3},{"damage":8,"enemies":"3 Sentries","floor":14,"turns":6},{"damage":26,"enemies":"Hexaghost","floor":16,"turns":9}],"seed_played":"-4143897432114721565","potions_obtained":[{"floor":3.0,"key":"SneckoOil"},{"floor":4.0,"key":"SkillPotion"},{"floor":7.0,"key":"EntropicBrew"},{"floor":12,"key":"FocusPotion"}],"is_trial":false,"path_per_floor":["M","$","M","M","?","R","E","$","T","M","E","M","$","E","R","B"],"character_chosen":"DEFECT","items_purchased":["Flash of Steel"],"campfire_rested":1,"item_purchase_floors":[2],"current_hp_per_floor":[60,60,60,51,51,51,31,31,31,17,17,13,13,5,24,0],"gold":39,"neow_bonus":"THREE_RARE_CARDS","is_prod":false,"is_daily":false,"chose_seed":false,"campfire_upgraded":1,"win_rate":0,"timestamp":1559593512,"path_taken":["M","$","M","M","?","R","E","$","T","?","E","M","?","E","R","BOSS"],"build_version":"2019-06-02","purchased_purges":2,"victory":false,"max_hp_per_floor":[64,64,64,64,64,64,64,64,64,64,64,64,64,64,64,64],"card_choices":[{"not_picked":["Amplify","Rainbow"],"picked":"All For One","floor":0.0},{"not_picked":["Beam Cell","Gash"],"picked":"Glacier","floor":1.0},{"not_picked":["Glacier","Stack"],"picked":"Gash","floor":3.0},{"not_picked":["Chill","Reinforced Body"],"picked":"Compile Driver","floor":4.0},{"not_picked":["Rebound","Leap"],"picked":"Hologram","floor":7.0},{"not_picked":["Gash","Double Energy"],"picked":"Sweeping Beam","floor":10.0},{"not_picked":["Doom and Gloom","White Noise"],"picked":"Defragment","floor":11},{"not_picked":["Reinforced Body","Stack"],"picked":"Conserve Battery","floor":12},{"not_picked":["Blizzard","Meteor Strike","Reprogram"],"picked":"SKIP","floor":14}],"player_experience":1663672,"relics_obtained":[{"floor":7.0,"key":"Art of War"},{"floor":9.0,"key":"Boot"},{"floor":11,"key":"Dream Catcher"},{"floor":14,"key":"Bag of Marbles"}],"event_choices":[{"damage_healed":0.0,"max_hp_gain":0.0,"max_hp_loss":0.0,"gold_gain":0.0,"event_name":"Upgrade Shrine","player_choice":"Upgraded","floor":5.0,"gold_loss":0.0,"damage_taken":0.0,"cards_upgraded":["Zap"]}],"is_beta":true,"boss_relics":[],"items_purged_floors":[8,13],"is_endless":false,"potions_floor_spawned":[3,4,7,12],"killed_by":"Hexaghost","ascension_level":20}