{"gold_per_floor":[116,135,135,154,154,154,185,198,198,198,97,97,149,193,193,316,316,336,336,336,13,13,13,47,59,112,145,145,171,171,198,198,198],"floor_reached":33,"playtime":1311,"items_purged":[],"score":656,"play_id":"12d0e4e7-288a-487f-8192-9581aebdf253","local_time":"20190508013758","is_ascension_mode":true,"campfire_choices":[{"data":"Clothesline","floor":6,"key":"SMITH"},{"data":"Perfected Strike","floor":12,"key":"SMITH"},{"data":"Perfected Strike","floor":15,"key":"SMITH"},{"data":"Mayhem","floor":23,"key":"SMITH"},{"data":"Double Tap","floor":30,"key":"SMITH"},{"data":"Bash","floor":32,"key":"SMITH"}],"neow_cost":"NONE","seed_source_timestamp":1781383211736646,"circlet_count":0,"master_deck":["AscendersBane","Strike_R","Strike_R","Strike_R","Strike_R","Defend_R","Defend_R","Defend_R","Defend_R","Bash+1","Offering","Pommel Strike","Twin Strike","Clothesline+1","Feed","Perfected Strike+1","Perfected Strike+1","Iron Wave","Double Tap+1","Pommel Strike","Mayhem+1","Pommel Strike","Trip","Pommel Strike"],"relics":["Burning Blood","Bloody Idol","Bag of Preparation","Pantograph","Letter Opener","Runic Dome","FaceOfCleric","Du-Vu Doll","Dream Catcher","Centennial Puzzle","Thread and Needle","Question Card"],"potions_floor_usage":[10,16,16,29,33],"damage_taken":[{"damage":9,"enemies":"Jaw Worm","floor":1,"turns":4},{"damage":3,"enemies":"Small Slimes","floor":2,"turns":4},{"damage":1,"enemies":"2 Louse","floor":4,"turns":2},{"damage":31,"enemies":"3 Sentries","floor":7,"turns":9},{"damage":15,"enemies":"Blue Slaver","floor":8,"turns":3},{"damage":0,"enemies":"Red Slaver","floor":10,"turns":1},{"damage":16,"enemies":"Lagavulin","floor":14,"turns":4},{"damage":6,"enemies":"Slime Boss","floor":16,"turns":6},{"damage":10,"enemies":"2 Thieves","floor":18,"turns":3},{"damage":35,"enemies":"Book of Stabbing","floor":24,"turns":4},{"damage":1,"enemies":"Spheric Guardian","floor":25,"turns":3},{"damage":30,"enemies":"Gremlin Leader","floor":27,"turns":6},{"damage":17,"enemies":"Slavers","floor":29,"turns":4},{"damage":26,"enemies":"Gremlin Leader","floor":31,"turns":3},{"damage":63,"enemies":"Automaton","floor":33,"turns":6}],"seed_played":"2743238181767688531","potions_obtained":[{"floor":2,"key":"GamblersBrew"},{"floor":8,"key":"SmokeBomb"},{"floor":14,"key":"SkillPotion"},{"floor":24,"key":"Strength Potion"},{"floor":27,"key":"Poison Potion"},{"floor":29,"key":"SteroidPotion"}],"is_trial":false,"path_per_floor":["M","M","?","M","?","R","E","M","T","M","$","R","?","E","R","B",null,"M","?","?","$","?","R","E","M","T","E","?","E","R","E","R","B"],"character_chosen":"IRONCLAD","items_purchased":["Perfected Strike","Iron Wave","Mayhem","Pommel Strike","Trip"],"campfire_rested":0,"item_purchase_floors":[11,11,21,21,21],"current_hp_per_floor":[69,72,72,77,57,57,32,26,26,32,32,32,32,22,22,50,77,76,76,76,76,76,76,53,67,72,54,54,52,52,38,38,0],"gold":198,"neow_bonus":"ONE_RANDOM_RARE_CARD","is_prod":false,"is_daily":false,"chose_seed":false,"campfire_upgraded":6,"win_rate":0,"timestamp":1557272278,"path_taken":["M","M","?","M","?","R","E","M","T","M","$","R","?","E","R","BOSS","M","?","?","$","?","R","E","?","T","E","?","E","R","E","R","BOSS"],"build_version":"2019-01-23","purchased_purges":0,"victory":false,"max_hp_per_floor":[80,80,80,80,80,80,80,83,83,83,83,83,83,83,83,86,86,89,89,89,89,89,89,90,94,94,95,95,99,99,100,100,100],"card_choices":[{"not_picked":["Body Slam","Combust"],"picked":"Pommel Strike","floor":1},{"not_picked":["Combust","Burning Pact"],"picked":"Twin Strike","floor":2},{"not_picked":["Fiend Fire","Flex"],"picked":"Clothesline","floor":4},{"not_picked":["Battle Trance","Reckless Charge"],"picked":"Feed","floor":7},{"not_picked":["Sword Boomerang","Warcry"],"picked":"Perfected Strike","floor":8},{"not_picked":["Searing Blow","True Grit","Power Through"],"picked":"SKIP","floor":14},{"not_picked":["Demon Form","Impervious"],"picked":"Double Tap","floor":16},{"not_picked":["Uppercut","Heavy Blade"],"picked":"Pommel Strike","floor":18},{"not_picked":["Uppercut+1","True Grit","Pummel"],"picked":"SKIP","floor":24},{"not_picked":["Clothesline","Second Wind","Iron Wave"],"picked":"SKIP","floor":25},{"not_picked":["Spot Weakness","Warcry"],"picked":"Pommel Strike","floor":27},{"not_picked":["Body Slam","Shrug It Off","Dark Embrace"],"picked":"SKIP","floor":29},{"not_picked":["Fire Breathing","Havoc","Inflame+1"],"picked":"SKIP","floor":31}],"player_experience":269383,"relics_obtained":[{"floor":7,"key":"Bag of Preparation"},{"floor":9,"key":"Pantograph"},{"floor":14,"key":"Letter Opener"},{"floor":24,"key":"Du-Vu Doll"},{"floor":26,"key":"Dream Catcher"},{"floor":27,"key":"Centennial Puzzle"},{"floor":29,"key":"Thread and Needle"},{"floor":31,"key":"Question Card"}],"event_choices":[{"cards_removed":["Strike_R"],"damage_healed":0,"gold_gain":0,"player_choice":"Forget","damage_taken":0,"max_hp_gain":0,"max_hp_loss":0,"event_name":"Living Wall","floor":3,"gold_loss":0},{"damage_healed":0,"gold_gain":0,"player_choice":"Take Damage","damage_taken":20,"relics_obtained":["Golden Idol"],"max_hp_gain":0,"max_hp_loss":0,"event_name":"Golden Idol","floor":5,"gold_loss":0},{"damage_healed":0,"gold_gain":52,"player_choice":"Gained Gold","damage_taken":0,"max_hp_gain":0,"max_hp_loss":0,"event_name":"Golden Wing","floor":13,"gold_loss":0},{"damage_healed":0,"gold_gain":0,"player_choice":"Gave Idol","damage_taken":0,"relics_obtained":["Bloody Idol"],"max_hp_gain":0,"max_hp_loss":0,"event_name":"Forgotten Altar","floor":19,"relics_lost":["Golden Idol"],"gold_loss":0},{"damage_healed":0,"gold_gain":0,"player_choice":"Ignored","damage_taken":0,"max_hp_gain":0,"max_hp_loss":0,"event_name":"Vampires","floor":20,"gold_loss":0},{"damage_healed":0,"gold_gain":0,"player_choice":"Trade","damage_taken":0,"relics_obtained":["FaceOfCleric"],"max_hp_gain":0,"max_hp_loss":0,"event_name":"FaceTrader","floor":22,"gold_loss":0},{"damage_healed":0,"gold_gain":0,"player_choice":"Bought 0 Potions","damage_taken":0,"max_hp_gain":0,"max_hp_loss":0,"event_name":"The Woman in Blue","floor":28,"gold_loss":0}],"is_beta":false,"boss_relics":[{"not_picked":["Astrolabe","Black Star"],"picked":"Runic Dome"}],"items_purged_floors":[],"is_endless":false,"potions_floor_spawned":[2,8,10,14,24,27,29],"killed_by":"Automaton","ascension_level":12}