{"gold_per_floor":[13,25,25,25,39,39,57,4,4,39,39,72,72,102,102,174,174,192,117,131,311,194,194,211,236,283,315,315,65,65,80,80,156,156,168,183,58,76,76,109,109,127,127,127,127,159,9,37,37,37,37,37,37,37,37],"floor_reached":55,"playtime":2318,"items_purged":["Strike_B","Writhe","Strike_B","Writhe"],"score":1993,"play_id":"bb9fa747-fde6-4063-9124-a08d25c07c92","local_time":"20190518214623","is_ascension_mode":true,"campfire_choices":[{"floor":6.0,"key":"REST"},{"data":"Coolheaded","floor":11.0,"key":"SMITH"},{"data":"Creative AI","floor":13.0,"key":"SMITH"},{"data":"Coolheaded","floor":15.0,"key":"SMITH"},{"data":"Chill","floor":23.0,"key":"SMITH"},{"data":"Defragment","floor":28.0,"key":"SMITH"},{"data":"Seek","floor":30.0,"key":"SMITH"},{"data":"Coolheaded","floor":32.0,"key":"SMITH"},{"data":"Seek","floor":41.0,"key":"SMITH"},{"data":"Reprogram","floor":45.0,"key":"SMITH"},{"floor":49,"key":"RECALL"},{"data":"Self Repair","floor":53,"key":"SMITH"}],"neow_cost":"NO_GOLD","seed_source_timestamp":20612556969586,"circlet_count":0,"master_deck":["AscendersBane","Strike_B","Defend_B+1","Defend_B","Defend_B","Defend_B+1","Zap+1","Dualcast","Electrodynamics","Defragment+1","Undo+1","Cold Snap","Coolheaded+1","Compile Driver","Self Repair+1","Creative AI+1","Coolheaded+1","Seek+1","Cold Snap+1","Chill+1","Defragment+1","Ball Lightning","Glacier","Echo Form","Coolheaded+1","Seek+1","Coolheaded+1","Reprogram+1","Compile Driver+1"],"special_seed":0,"relics":["Cracked Core","Happy Flower","Meat on the Bone","Ancient Tea Set","Kunai","Cursed Key","Nunchaku","Lantern","Dream Catcher","Inserter","Bag of Marbles","Boot","War Paint"],"potions_floor_usage":[],"damage_taken":[{"damage":7.0,"enemies":"2 Louse","floor":1.0,"turns":3.0},{"damage":9.0,"enemies":"Jaw Worm","floor":2.0,"turns":4.0},{"damage":0.0,"enemies":"Cultist","floor":5.0,"turns":4.0},{"damage":6.0,"enemies":"Blue Slaver","floor":7.0,"turns":4.0},{"damage":11.0,"enemies":"3 Sentries","floor":10.0,"turns":3.0},{"damage":3.0,"enemies":"Lagavulin","floor":12.0,"turns":8.0},{"damage":0.0,"enemies":"3 Sentries","floor":14.0,"turns":5.0},{"damage":16.0,"enemies":"Hexaghost","floor":16.0,"turns":7.0},{"damage":5.0,"enemies":"Spheric Guardian","floor":18.0,"turns":9.0},{"damage":5.0,"enemies":"3 Byrds","floor":20.0,"turns":3.0},{"damage":8.0,"enemies":"Snake Plant","floor":24.0,"turns":10.0},{"damage":30.0,"enemies":"Book of Stabbing","floor":25.0,"turns":6.0},{"damage":11.0,"enemies":"Slavers","floor":27.0,"turns":4.0},{"damage":0.0,"enemies":"Chosen and Byrds","floor":31.0,"turns":4.0},{"damage":19.0,"enemies":"Collector","floor":33.0,"turns":6.0},{"damage":0.0,"enemies":"3 Shapes","floor":35.0,"turns":4.0},{"damage":21.0,"enemies":"3 Darklings","floor":36.0,"turns":5.0},{"damage":12.0,"enemies":"Maw","floor":38.0,"turns":10.0},{"damage":24.0,"enemies":"Reptomancer","floor":40.0,"turns":7.0},{"damage":14.0,"enemies":"Spire Growth","floor":42.0,"turns":11.0},{"damage":21,"enemies":"Nemesis","floor":46,"turns":10},{"damage":8,"enemies":"Giant Head","floor":48,"turns":15},{"damage":12,"enemies":"Time Eater","floor":50,"turns":11},{"damage":40,"enemies":"Donu and Deca","floor":51,"turns":10},{"damage":65,"enemies":"Shield and Spear","floor":55,"turns":5}],"seed_played":"-855822146332670974","potions_obtained":[{"floor":1.0,"key":"PowerPotion"},{"floor":2.0,"key":"SpeedPotion"},{"floor":35.0,"key":"FocusPotion"}],"is_trial":false,"path_per_floor":["M","M","?","?","M","R","M","$","T","E","R","E","R","E","R","B",null,"M","?","M","?","$","R","M","E","T","E","R","$","R","M","R","B",null,"M","M","$","M","$","E","R","M","T","?","R","E","$","E","R","B","B",null,"R","$","E"],"character_chosen":"DEFECT","items_purchased":["Compile Driver","Defragment","Echo Form"],"campfire_rested":1,"item_purchase_floors":[8,22,29],"current_hp_per_floor":[57,48,27,27,27,48,42,42,42,31,31,47,47,54,54,45,65,67,67,62,41,41,41,52,41,41,49,49,49,49,56,56,44,64,64,57,57,52,52,47,47,59,59,59,59,52,52,58,58,60,39,60,60,60,0],"gold":37,"neow_bonus":"THREE_RARE_CARDS","is_prod":false,"is_daily":false,"chose_seed":false,"campfire_upgraded":10,"win_rate":0,"timestamp":1558208783,"path_taken":["M","M","?","?","M","R","M","?","T","E","R","E","R","E","R","BOSS","M","?","M","?","$","R","M","E","T","E","R","$","R","M","R","BOSS","M","M","$","M","?","E","R","M","T","?","R","E","$","E","R","BOSS","BOSS","R","$","E"],"build_version":"2019-05-07","purchased_purges":4,"victory":false,"max_hp_per_floor":[71,71,71,71,71,71,71,71,71,71,71,71,71,71,71,71,71,71,71,71,71,71,71,71,71,71,71,71,71,71,71,71,71,71,71,71,71,71,71,71,71,71,71,67,67,67,67,67,67,67,67,67,67,67,67],"card_choices":[{"not_picked":["Reboot","Thunder Strike"],"picked":"Electrodynamics","floor":0.0},{"not_picked":["Streamline","Loop"],"picked":"Defragment","floor":1.0},{"not_picked":["Hello World","Conserve Battery"],"picked":"Undo","floor":2.0},{"not_picked":["Reinforced Body","Stack"],"picked":"Cold Snap","floor":5.0},{"not_picked":["BootSequence","Gash"],"picked":"Coolheaded","floor":7.0},{"not_picked":["Rebound","Steam Power"],"picked":"Self Repair","floor":10.0},{"not_picked":["Streamline","Go for the Eyes"],"picked":"Creative AI","floor":12.0},{"not_picked":["Darkness","Scrape"],"picked":"Coolheaded","floor":14.0},{"not_picked":["Reboot","Rainbow"],"picked":"Seek","floor":16.0},{"not_picked":["Rebound","Redo"],"picked":"Cold Snap+1","floor":18.0},{"not_picked":["Coolheaded","Consume"],"picked":"Chill","floor":20.0},{"not_picked":["Chill","Gash"],"picked":"Ball Lightning","floor":24.0},{"not_picked":["Streamline","Reinforced Body","Stack"],"picked":"SKIP","floor":25.0},{"not_picked":["Chaos","Scrape"],"picked":"Glacier","floor":27.0},{"not_picked":["FTL","Conserve Battery+1"],"picked":"Coolheaded","floor":31.0},{"not_picked":["Hyperbeam","Rainbow"],"picked":"Seek","floor":33.0},{"not_picked":["Leap","Skim"],"picked":"Coolheaded+1","floor":35.0},{"not_picked":["Streamline","Hello World"],"picked":"Reprogram","floor":36.0},{"not_picked":["Glacier","Conserve Battery+1"],"picked":"Compile Driver+1","floor":38.0},{"not_picked":["Go for the Eyes","Rebound","Undo"],"picked":"SKIP","floor":40.0},{"not_picked":["Sweeping Beam","Redo","Stack+1"],"picked":"SKIP","floor":42.0},{"not_picked":["Rebound","Hello World","Chill"],"picked":"SKIP","floor":46},{"not_picked":["Conserve Battery+1","Beam Cell","Electrodynamics"],"picked":"SKIP","floor":48}],"player_experience":1562983,"relics_obtained":[{"floor":9.0,"key":"Happy Flower"},{"floor":10.0,"key":"Meat on the Bone"},{"floor":12.0,"key":"Ancient Tea Set"},{"floor":14.0,"key":"Kunai"},{"floor":25.0,"key":"Nunchaku"},{"floor":26.0,"key":"Lantern"},{"floor":27.0,"key":"Dream Catcher"},{"floor":40.0,"key":"Bag of Marbles"},{"floor":46,"key":"Boot"},{"floor":48,"key":"War Paint"}],"event_choices":[{"damage_healed":0.0,"max_hp_gain":0.0,"max_hp_loss":0.0,"gold_gain":0.0,"event_name":"Shining Light","player_choice":"Entered Light","floor":3.0,"gold_loss":0.0,"damage_taken":21.0,"cards_upgraded":["Undo","Defend_B"]},{"damage_healed":0.0,"max_hp_gain":0.0,"max_hp_loss":0.0,"gold_gain":0.0,"event_name":"Living Wall","player_choice":"Grow","floor":4.0,"gold_loss":0.0,"damage_taken":0.0,"cards_upgraded":["Defragment"]},{"cards_removed":["Strike_B"],"damage_healed":0.0,"max_hp_gain":0.0,"max_hp_loss":0.0,"gold_gain":0.0,"event_name":"Beggar","player_choice":"Gave Gold","floor":19.0,"gold_loss":75.0,"damage_taken":0.0},{"damage_healed":0.0,"max_hp_gain":0.0,"max_hp_loss":0.0,"gold_gain":180.0,"event_name":"Knowing Skull","player_choice":"GOLD GOLD ","floor":21.0,"potions_obtained":[],"gold_loss":0.0,"damage_taken":21.0,"cards_obtained":[]},{"damage_healed":0.0,"max_hp_gain":0.0,"max_hp_loss":4.0,"gold_gain":0.0,"event_name":"Winding Halls","player_choice":"Max HP","floor":44.0,"gold_loss":0.0,"damage_taken":0.0}],"is_beta":true,"boss_relics":[{"not_picked":["Lizard Tail","Black Star"],"picked":"Cursed Key"},{"not_picked":["Orrery","Eternal Feather"],"picked":"Inserter"}],"items_purged_floors":[22,29,37,47],"is_endless":false,"potions_floor_spawned":[1,2,5,10,14,18,25,27,35,40,42,48],"killed_by":"Shield and Spear","ascension_level":20}