{"gold_per_floor":[116,116,133,153,165,165,165,183,206,206,221,239,239,239,239,358,358,382,582,605,620,634,634],"floor_reached":23,"playtime":2525,"items_purged":[],"score":187,"play_id":"10507c08-30da-407e-af38-b44b8c90770b","local_time":"20190612203454","is_ascension_mode":false,"campfire_choices":[{"data":"Poisoned Stab","floor":6,"key":"SMITH"},{"floor":13,"key":"REST"},{"floor":15,"key":"REST"}],"neow_cost":"NONE","seed_source_timestamp":351715909746149,"circlet_count":0,"master_deck":["Defend_G","Defend_G","Defend_G","Defend_G","Defend_G+1","Strike_G","Strike_G","Strike_G","Survivor","Neutralize+1","Poisoned Stab","After Image","Deflect","Poisoned Stab+1","PiercingWail","Outmaneuver","Catalyst","Corpse Explosion","After Image","Backflip+1","Blur","Poisoned Stab"],"relics":["Ring of the Snake","PreservedInsect","Golden Idol","Black Star"],"potions_floor_usage":[11,12,16,23,23],"damage_taken":[{"damage":5,"enemies":"Small Slimes","floor":1,"turns":4},{"damage":0,"enemies":"Cultist","floor":3,"turns":4},{"damage":0,"enemies":"Jaw Worm","floor":4,"turns":5},{"damage":11,"enemies":"Lots of Slimes","floor":5,"turns":8},{"damage":3,"enemies":"2 Fungi Beasts","floor":8,"turns":4},{"damage":0,"enemies":"Large Slime","floor":11,"turns":9},{"damage":0,"enemies":"3 Louse","floor":12,"turns":3},{"damage":10,"enemies":"Hexaghost","floor":16,"turns":9},{"damage":11,"enemies":"Shell Parasite","floor":18,"turns":7},{"damage":6,"enemies":"Spheric Guardian","floor":20,"turns":4},{"damage":20,"enemies":"Cultist and Chosen","floor":21,"turns":6},{"damage":17,"enemies":"Snecko","floor":22,"turns":6},{"damage":24,"enemies":"Book of Stabbing","floor":23,"turns":7}],"seed_played":"-5715007634963888314","potions_obtained":[{"floor":5,"key":"Swift Potion"},{"floor":8,"key":"Ancient Potion"},{"floor":11,"key":"Fire Potion"},{"floor":16,"key":"Strength Potion"},{"floor":20,"key":"Weak Potion"},{"floor":21,"key":"SneckoOil"}],"is_trial":false,"path_per_floor":["M","?","M","M","M","R","?","M","T","?","M","M","R","?","R","B",null,"M","?","M","M","M","E"],"character_chosen":"THE_SILENT","items_purchased":[],"campfire_rested":2,"item_purchase_floors":[],"current_hp_per_floor":[72,72,72,72,61,61,61,58,58,43,43,43,66,47,70,60,77,66,66,60,40,23,0],"gold":634,"neow_bonus":"TEN_PERCENT_HP_BONUS","is_prod":false,"is_daily":false,"chose_seed":false,"campfire_upgraded":1,"win_rate":0.0,"timestamp":1560386094,"path_taken":["M","?","M","?","M","R","?","?","T","?","M","M","R","?","R","BOSS","M","?","?","M","?","E"],"build_version":"2019-01-23","purchased_purges":0,"victory":false,"max_hp_per_floor":[77,77,77,77,77,77,77,77,77,77,77,77,77,77,77,77,77,77,77,77,77,77,77],"card_choices":[{"not_picked":["Acrobatics","Blade Dance"],"picked":"Poisoned Stab","floor":1},{"not_picked":["Prepared","Slice"],"picked":"Deflect","floor":3},{"not_picked":["Flechettes","Dagger Throw"],"picked":"Poisoned Stab","floor":4},{"not_picked":["Dagger Throw","Blur"],"picked":"PiercingWail","floor":5},{"not_picked":["Acrobatics","Sucker Punch"],"picked":"Outmaneuver","floor":8},{"not_picked":["Leg Sweep","Acrobatics"],"picked":"Catalyst","floor":11},{"not_picked":["Expertise","Accuracy"],"picked":"Corpse Explosion","floor":12},{"not_picked":["Phantasmal Killer","Wraith Form v2"],"picked":"After Image","floor":16},{"not_picked":["Blade Dance+1","Dagger Spray+1"],"picked":"Backflip+1","floor":18},{"not_picked":["Cloak And Dagger","Deflect"],"picked":"Blur","floor":20},{"not_picked":["Dagger Spray","Backflip"],"picked":"Poisoned Stab","floor":21},{"not_picked":["Slice","Dodge and Roll","Reflex"],"picked":"SKIP","floor":22}],"player_experience":1128836,"relics_obtained":[{"floor":9,"key":"PreservedInsect"}],"event_choices":[{"damage_healed":0,"gold_gain":0,"cards_transformed":["Strike_G"],"player_choice":"Transformed","damage_taken":0,"max_hp_gain":0,"max_hp_loss":0,"event_name":"Transmorgrifier","floor":2,"gold_loss":0,"cards_obtained":["After Image"]},{"cards_removed":["Strike_G"],"damage_healed":0,"gold_gain":0,"player_choice":"Offered Basic","damage_taken":0,"max_hp_gain":0,"max_hp_loss":0,"event_name":"Bonfire Elementals","floor":7,"gold_loss":0},{"damage_healed":0,"gold_gain":0,"player_choice":"Entered Light","damage_taken":15,"max_hp_gain":0,"max_hp_loss":0,"event_name":"Shining Light","floor":10,"gold_loss":0,"cards_upgraded":["Neutralize","Defend_G"]},{"damage_healed":0,"gold_gain":0,"player_choice":"Take Damage","damage_taken":19,"relics_obtained":["Golden Idol"],"max_hp_gain":0,"max_hp_loss":0,"event_name":"Golden Idol","floor":14,"gold_loss":0},{"damage_healed":0,"gold_gain":200,"player_choice":"Gold","damage_taken":0,"max_hp_gain":0,"max_hp_loss":0,"event_name":"Wheel of Change","floor":19,"gold_loss":0}],"is_beta":false,"boss_relics":[{"not_picked":["Coffee Dripper","Astrolabe"],"picked":"Black Star"}],"items_purged_floors":[],"is_endless":false,"potions_floor_spawned":[5,8,11,16,20,21],"killed_by":"Book of Stabbing","ascension_level":0}