{"gold_per_floor":[113,113,130,150,2,2,19,19,87,99,99,117,127,154,154,258,258,272,286,286],"floor_reached":20,"playtime":1101,"items_purged":[],"score":214,"play_id":"a3bdf003-7309-477c-bf9f-c38b47438f6e","local_time":"20190629232910","is_ascension_mode":true,"campfire_choices":[{"data":"Iron Wave","floor":6,"key":"SMITH"},{"data":"Anger","floor":8,"key":"SMITH"},{"data":"Sword Boomerang","floor":11,"key":"SMITH"},{"data":"Power Through","floor":15,"key":"SMITH"}],"neow_cost":"NONE","seed_source_timestamp":1285765343732589,"circlet_count":0,"master_deck":["Strike_R","Strike_R","Strike_R","Strike_R","Defend_R+1","Defend_R","Defend_R","Defend_R","Bash","Sword Boomerang+1","Iron Wave+1","Anger+1","Disarm+1","Rage","Twin Strike","Power Through+1","Double Tap","Inflame","Metallicize"],"relics":["Burning Blood","Regal Pillow","Kunai","War Paint","Lizard Tail"],"potions_floor_usage":[14,19,20,20],"damage_taken":[{"damage":6,"enemies":"2 Louse","floor":1,"turns":2},{"damage":6,"enemies":"Cultist","floor":3,"turns":3},{"damage":4,"enemies":"Jaw Worm","floor":4,"turns":5},{"damage":24,"enemies":"Large Slime","floor":7,"turns":6},{"damage":8,"enemies":"3 Louse","floor":10,"turns":3},{"damage":11,"enemies":"Gremlin Gang","floor":12,"turns":6},{"damage":3,"enemies":"2 Fungi Beasts","floor":13,"turns":3},{"damage":24,"enemies":"Lagavulin","floor":14,"turns":5},{"damage":9,"enemies":"The Guardian","floor":16,"turns":15},{"damage":12,"enemies":"Spheric Guardian","floor":18,"turns":5},{"damage":11,"enemies":"3 Byrds","floor":19,"turns":6},{"damage":32,"enemies":"3 Cultists","floor":20,"turns":5}],"seed_played":"-6640044657101256035","potions_obtained":[{"floor":1,"key":"PowerPotion"},{"floor":12,"key":"GamblersBrew"},{"floor":13,"key":"Swift Potion"},{"floor":16,"key":"EssenceOfSteel"},{"floor":18,"key":"Dexterity Potion"}],"is_trial":false,"path_per_floor":["M","?","M","M","$","R","M","R","T","M","R","M","M","E","R","B",null,"M","M","M"],"character_chosen":"IRONCLAD","items_purchased":["Regal Pillow"],"campfire_rested":0,"item_purchase_floors":[5],"current_hp_per_floor":[80,80,80,80,80,80,62,62,62,60,60,55,58,40,40,37,80,74,69,37],"gold":286,"neow_bonus":"THREE_CARDS","is_prod":false,"is_daily":false,"chose_seed":false,"campfire_upgraded":4,"win_rate":0,"timestamp":1561876150,"path_taken":["M","?","M","M","$","R","M","R","T","M","R","M","M","E","R","BOSS","M","M","M"],"build_version":"2019-01-23","purchased_purges":0,"victory":false,"max_hp_per_floor":[80,80,80,80,80,80,80,80,80,80,80,80,80,80,80,80,80,80,80,80],"card_choices":[{"not_picked":["Havoc","Clash"],"picked":"Sword Boomerang","floor":0},{"not_picked":["Combust","True Grit"],"picked":"Iron Wave","floor":1},{"not_picked":["Burning Pact","Iron Wave","Thunderclap"],"picked":"SKIP","floor":3},{"not_picked":["Perfected Strike","Heavy Blade"],"picked":"Anger","floor":4},{"not_picked":["Flex","Thunderclap"],"picked":"Disarm","floor":7},{"not_picked":["Havoc","Second Wind"],"picked":"Rage","floor":10},{"not_picked":["Fiend Fire","Clash","Body Slam"],"picked":"SKIP","floor":12},{"not_picked":["True Grit","Power Through"],"picked":"Twin Strike","floor":13},{"not_picked":["Carnage","Entrench"],"picked":"Power Through","floor":14},{"not_picked":["Exhume","Barricade"],"picked":"Double Tap","floor":16},{"not_picked":["Thunderclap+1","Iron Wave+1"],"picked":"Inflame","floor":18},{"not_picked":["Iron Wave+1","Bloodletting+1"],"picked":"Metallicize","floor":19}],"player_experience":518849,"relics_obtained":[{"floor":9,"key":"Kunai"},{"floor":14,"key":"War Paint"}],"event_choices":[{"cards_removed":["Strike_R"],"damage_healed":0,"gold_gain":0,"player_choice":"Offered Basic","damage_taken":0,"max_hp_gain":0,"max_hp_loss":0,"event_name":"Bonfire Elementals","floor":2,"gold_loss":0}],"is_beta":false,"boss_relics":[{"not_picked":["Calling Bell","Pandora\u0027s Box"],"picked":"Lizard Tail"}],"items_purged_floors":[],"is_endless":false,"potions_floor_spawned":[1,12,13,16,18],"killed_by":"3 Cultists","ascension_level":4}