{"gold_per_floor":[110,4,4,14,64,89,104,104,131,143,143,161,161,180,180,259,259,273,286,171,185,198,198,223,223,223,223,236,161,161,39,39,116,116,116],"floor_reached":35,"playtime":1439,"items_purged":["Strike_R","Strike_R"],"score":716,"play_id":"590c9fab-9577-495b-bf48-4c47f548e9b6","local_time":"20190523211401","is_ascension_mode":true,"campfire_choices":[{"data":"Body Slam","floor":8.0,"key":"SMITH"},{"data":"Demon Form","floor":13.0,"key":"SMITH"},{"data":"Shrug It Off","floor":15.0,"key":"SMITH"},{"data":"Hemokinesis","floor":23.0,"key":"SMITH"},{"floor":25.0,"key":"REST"},{"data":"Iron Wave","floor":27.0,"key":"SMITH"},{"floor":32.0,"key":"REST"}],"neow_cost":"TEN_PERCENT_HP_LOSS","seed_source_timestamp":528709803524814,"circlet_count":0,"master_deck":["AscendersBane","Strike_R","Strike_R","Strike_R","Defend_R","Defend_R","Defend_R","Defend_R","Wild Strike","Cleave","Shrug It Off+1","Body Slam+1","Spot Weakness","Demon Form+1","Thunderclap","Reaper","Thunderclap","Twin Strike","Hemokinesis+1","Iron Wave+1","Twin Strike","Limit Break"],"special_seed":0,"relics":["Burning Blood","FossilizedHelix","Centennial Puzzle","Velvet Choker","Singing Bowl","The Courier","Sozu"],"potions_floor_usage":[],"damage_taken":[{"damage":0.0,"enemies":"2 Louse","floor":1.0,"turns":3.0},{"damage":0.0,"enemies":"Cultist","floor":4.0,"turns":3.0},{"damage":7.0,"enemies":"Lagavulin","floor":6.0,"turns":7.0},{"damage":7.0,"enemies":"Small Slimes","floor":7.0,"turns":3.0},{"damage":12.0,"enemies":"Exordium Wildlife","floor":10.0,"turns":4.0},{"damage":0.0,"enemies":"Exordium Thugs","floor":12.0,"turns":3.0},{"damage":11.0,"enemies":"2 Fungi Beasts","floor":14.0,"turns":3.0},{"damage":17.0,"enemies":"The Guardian","floor":16.0,"turns":8.0},{"damage":17.0,"enemies":"2 Thieves","floor":18.0,"turns":4.0},{"damage":0.0,"enemies":"Chosen","floor":19.0,"turns":5.0},{"damage":13.0,"enemies":"Centurion and Healer","floor":21.0,"turns":4.0},{"damage":5.0,"enemies":"Snecko","floor":22.0,"turns":6.0},{"damage":56.0,"enemies":"Slavers","floor":24.0,"turns":6.0},{"damage":27.0,"enemies":"3 Cultists","floor":28.0,"turns":5.0},{"damage":84,"enemies":"Automaton","floor":33,"turns":9},{"damage":60,"enemies":"3 Shapes","floor":35,"turns":11}],"seed_played":"-4634592658491121424","potions_obtained":[{"floor":1.0,"key":"Fire Potion"},{"floor":7.0,"key":"AttackPotion"},{"floor":10.0,"key":"BloodPotion"},{"floor":18.0,"key":"Energy Potion"},{"floor":19.0,"key":"Weak Potion"},{"floor":33,"key":"PowerPotion"}],"is_trial":false,"path_per_floor":["M","$","?","M","?","E","M","R","T","M","?","M","R","M","R","B",null,"M","M","$","M","M","R","E","R","T","R","M","?","?","$","R","B",null,"M"],"character_chosen":"IRONCLAD","items_purchased":["Cleave","Shrug It Off","Hemokinesis","Twin Strike"],"campfire_rested":2,"item_purchase_floors":[2,2,20,31],"current_hp_per_floor":[68,68,68,68,68,67,66,66,66,60,60,66,66,61,61,50,64,67,68,68,68,68,68,26,47,47,47,28,28,42,42,63,7,56,0],"gold":116,"neow_bonus":"ONE_RARE_RELIC","is_prod":false,"is_daily":false,"chose_seed":false,"campfire_upgraded":5,"win_rate":0,"timestamp":1558638841,"path_taken":["M","$","?","?","?","E","?","R","T","M","?","M","R","M","R","BOSS","M","M","$","M","M","R","E","R","T","R","M","?","?","$","R","BOSS","M"],"build_version":"2019-01-23","purchased_purges":2,"victory":false,"max_hp_per_floor":[68,68,68,68,68,68,68,68,68,68,68,68,68,68,68,68,68,68,68,68,68,68,68,70,70,70,70,72,72,72,72,72,72,72,72],"card_choices":[{"not_picked":["Bloodletting","Armaments"],"picked":"Wild Strike","floor":1.0},{"not_picked":["Twin Strike","Thunderclap","Clash"],"picked":"SKIP","floor":4.0},{"not_picked":["Reckless Charge","Headbutt"],"picked":"Spot Weakness","floor":6.0},{"not_picked":["Thunderclap","Searing Blow","Wild Strike"],"picked":"SKIP","floor":7.0},{"not_picked":["Thunderclap","Perfected Strike","Searing Blow"],"picked":"SKIP","floor":10.0},{"not_picked":["Disarm","Flex"],"picked":"Demon Form","floor":12.0},{"not_picked":["Intimidate","Flex"],"picked":"Thunderclap","floor":14.0},{"not_picked":["Demon Form","Bludgeon"],"picked":"Reaper","floor":16.0},{"not_picked":["Anger","Headbutt"],"picked":"Thunderclap","floor":18.0},{"not_picked":["Bloodletting","Reckless Charge"],"picked":"Twin Strike","floor":19.0},{"not_picked":["Clash","Thunderclap","Iron Wave"],"picked":"SKIP","floor":21.0},{"not_picked":["Clash","Thunderclap"],"picked":"Iron Wave","floor":21.0},{"not_picked":["Infernal Blade+1","Wild Strike","Battle Trance"],"picked":"SKIP","floor":22.0},{"not_picked":["Second Wind","Body Slam","Flex"],"picked":"Singing Bowl","floor":24.0},{"not_picked":["Bludgeon","Power Through+1","Warcry"],"picked":"Singing Bowl","floor":28.0},{"not_picked":["Berserk","Double Tap"],"picked":"Limit Break","floor":33}],"player_experience":368019,"relics_obtained":[{"floor":6.0,"key":"Centennial Puzzle"},{"floor":24.0,"key":"Singing Bowl"},{"floor":26.0,"key":"The Courier"}],"event_choices":[{"damage_healed":0.0,"max_hp_gain":0.0,"max_hp_loss":0.0,"gold_gain":0.0,"event_name":"Match and Keep!","player_choice":"1 cards matched","floor":3.0,"gold_loss":0.0,"damage_taken":0.0,"cards_obtained":["Body Slam"]},{"damage_healed":0.0,"max_hp_gain":0.0,"max_hp_loss":0.0,"gold_gain":50.0,"event_name":"Golden Shrine","player_choice":"Pray","floor":5.0,"gold_loss":0.0,"damage_taken":0.0},{"damage_healed":0.0,"max_hp_gain":0.0,"max_hp_loss":0.0,"gold_gain":0.0,"event_name":"Upgrade Shrine","player_choice":"Upgraded","floor":11.0,"gold_loss":0.0,"damage_taken":0.0,"cards_upgraded":["Bash"]},{"cards_removed":["Bash"],"damage_healed":0.0,"max_hp_gain":0.0,"max_hp_loss":0.0,"gold_gain":0.0,"event_name":"Beggar","player_choice":"Gave Gold","floor":29.0,"gold_loss":75.0,"damage_taken":0.0},{"damage_healed":14.0,"max_hp_gain":0.0,"max_hp_loss":0.0,"gold_gain":0.0,"event_name":"The Library","player_choice":"Heal","floor":30.0,"gold_loss":0.0,"damage_taken":0.0}],"is_beta":false,"boss_relics":[{"not_picked":["Black Blood","Calling Bell"],"picked":"Velvet Choker"},{"not_picked":["Mark of Pain","Tiny House"],"picked":"Sozu"}],"items_purged_floors":[20,31],"is_endless":false,"potions_floor_spawned":[1,7,10,18,19,33],"killed_by":"3 Shapes","ascension_level":18}