{"gold_per_floor":[12,12,22,22,22,22,42,68,68,28,44,62,10,25,25,121,121,131,144,144,35,35],"floor_reached":22,"playtime":978,"items_purged":["Strike_G"],"score":248,"play_id":"7e6a77e4-5d1a-4887-8be8-e6433f24e753","local_time":"20190620185957","is_ascension_mode":true,"campfire_choices":[{"data":"Forethought","floor":6,"key":"SMITH"},{"floor":15,"key":"REST"}],"neow_cost":"NO_GOLD","seed_source_timestamp":526628338008300,"circlet_count":0,"master_deck":["Defend_G","Defend_G","Defend_G","Defend_G","Defend_G","Strike_G","Strike_G","Strike_G","Strike_G+1","Survivor","Neutralize","Trip+1","Forethought+1","Dagger Throw","Dagger Spray","Skewer","Poisoned Stab","Predator","Quick Slash","Bullet Time","Dodge and Roll","Cloak And Dagger","Tools of the Trade","Eviscerate+1","Dash+1","Choke"],"relics":["Ring of the Serpent","FossilizedHelix","Odd Mushroom","Paper Crane","Ninja Scroll"],"potions_floor_usage":[16],"damage_taken":[{"damage":2,"enemies":"Small Slimes","floor":1,"turns":6},{"damage":0,"enemies":"Jaw Worm","floor":3,"turns":4},{"damage":0,"enemies":"The Mushroom Lair","floor":7,"turns":4},{"damage":35,"enemies":"Lagavulin","floor":8,"turns":8},{"damage":0,"enemies":"2 Louse","floor":11,"turns":1},{"damage":0,"enemies":"Blue Slaver","floor":12,"turns":3},{"damage":0,"enemies":"Looter","floor":14,"turns":1},{"damage":23,"enemies":"Hexaghost","floor":16,"turns":10},{"damage":22,"enemies":"Spheric Guardian","floor":18,"turns":4},{"damage":2,"enemies":"Shell Parasite","floor":19,"turns":3},{"damage":32,"enemies":"Centurion and Healer","floor":22,"turns":7}],"seed_played":"-8673987710556919085","potions_obtained":[{"floor":11,"key":"Ancient Potion"},{"floor":12,"key":"FearPotion"}],"is_trial":false,"path_per_floor":["M","?","M","?","T","R","?","E","T","$","M","M","$","M","R","B",null,"M","M","?","$","M"],"character_chosen":"THE_SILENT","items_purchased":["Predator","Dodge and Roll","Choke"],"campfire_rested":1,"item_purchase_floors":[10,13,21],"current_hp_per_floor":[61,47,47,47,47,47,47,12,12,12,12,12,12,12,33,10,55,33,31,31,31,0],"gold":35,"neow_bonus":"RANDOM_COLORLESS_2","is_prod":false,"is_daily":false,"chose_seed":false,"campfire_upgraded":1,"win_rate":0,"timestamp":1561082397,"path_taken":["M","?","M","?","?","R","?","E","T","$","M","M","?","?","R","BOSS","M","M","?","?","M"],"build_version":"2019-01-23","purchased_purges":1,"victory":false,"max_hp_per_floor":[70,70,70,70,70,70,70,70,70,70,70,70,70,70,70,70,70,70,70,70,70,70],"card_choices":[{"not_picked":["Outmaneuver","Choke"],"picked":"Dagger Throw","floor":1},{"not_picked":["Flechettes","Heel Hook"],"picked":"Dagger Spray","floor":3},{"not_picked":["Flying Knee","Quick Slash"],"picked":"Skewer","floor":7},{"not_picked":["PiercingWail","Bane"],"picked":"Poisoned Stab","floor":8},{"not_picked":["Deadly Poison","Catalyst"],"picked":"Quick Slash","floor":11},{"not_picked":["Outmaneuver","Bane"],"picked":"Bullet Time","floor":12},{"not_picked":["Acrobatics","Blur"],"picked":"Cloak And Dagger","floor":14},{"not_picked":["Burst","Bullet Time"],"picked":"Tools of the Trade","floor":16},{"not_picked":["PiercingWail","Calculated Gamble"],"picked":"Eviscerate+1","floor":18},{"not_picked":["Infinite Blades","Flechettes"],"picked":"Dash+1","floor":19}],"player_experience":366514,"relics_obtained":[{"floor":5,"key":"FossilizedHelix"},{"floor":7,"key":"Odd Mushroom"},{"floor":8,"key":"Paper Crane"},{"floor":9,"key":"Ninja Scroll"}],"event_choices":[{"damage_healed":0,"gold_gain":0,"player_choice":"Entered Light","damage_taken":14,"max_hp_gain":0,"max_hp_loss":0,"event_name":"Shining Light","floor":2,"gold_loss":0,"cards_upgraded":["Strike_G","Trip"]},{"damage_healed":0,"gold_gain":0,"player_choice":"Leave","damage_taken":0,"max_hp_gain":0,"max_hp_loss":0,"event_name":"The Cleric","floor":4,"gold_loss":0},{"damage_healed":0,"gold_gain":0,"player_choice":"Fought Mushrooms","damage_taken":0,"max_hp_gain":0,"max_hp_loss":0,"event_name":"Mushrooms","floor":7,"gold_loss":0},{"damage_healed":0,"gold_gain":0,"player_choice":"Ignored","damage_taken":0,"max_hp_gain":0,"max_hp_loss":0,"event_name":"N\u0027loth","floor":20,"gold_loss":0}],"is_beta":false,"boss_relics":[{"not_picked":["Runic Dome","Coffee Dripper"],"picked":"Ring of the Serpent"}],"items_purged_floors":[21],"is_endless":false,"potions_floor_spawned":[11,12],"killed_by":"Centurion and Healer","ascension_level":7}