{"gold_per_floor":[110,110,35,210,160,160,177,202,202,216,234,234,38,38,38,137,137,157,174,174,191,20,46,60,60,60,75,75,25,25,35,35,139,139,153,167,177,22,22,56,70,70,70,70,70,99,3,23,23,23],"floor_reached":51,"playtime":3940,"items_purged":["Regret","Doubt","Strike_B","Strike_B"],"score":768,"play_id":"0bd33e28-df9f-48d3-8a3a-032f51bc0700","local_time":"20190419211321","is_ascension_mode":true,"campfire_choices":[{"data":"Zap","floor":6,"key":"SMITH"},{"data":"Dualcast","floor":12,"key":"SMITH"},{"data":"1","floor":15,"key":"LIFT"},{"floor":25,"key":"REST"},{"floor":28,"key":"REST"},{"data":"Seek","floor":32,"key":"SMITH"},{"floor":42,"key":"REST"},{"floor":49,"key":"REST"}],"neow_cost":"NONE","seed_source_timestamp":467267209647400,"circlet_count":0,"master_deck":["Strike_B","Defend_B","Defend_B","Defend_B","Defend_B","Zap+1","Dualcast+1","Seek+1","Coolheaded","Ball Lightning","Rebound","Cold Snap","Rebound","Conserve Battery","All For One","Gash+1","Undo+1","Go for the Eyes+1","Self Repair","Auto Shields+1","Coolheaded","Consume+1","White Noise+1","Hologram+1","FTL+1","Madness","Madness","Consume+1","Beam Cell+1","Cold Snap"],"relics":["Cracked Core","Shuriken","Dodecahedron","Girya","Omamori","Singing Bowl","Inserter","Pear","Smiling Mask","Nuclear Battery","Lantern","Art of War","Strawberry","Sundial"],"potions_floor_usage":[8,21,24,31,33,37,40],"damage_taken":[{"damage":3,"enemies":"Small Slimes","floor":1,"turns":3},{"damage":0,"enemies":"2 Louse","floor":7,"turns":2},{"damage":4,"enemies":"Gremlin Nob","floor":8,"turns":4},{"damage":1,"enemies":"Cultist","floor":10,"turns":3},{"damage":16,"enemies":"Lots of Slimes","floor":11,"turns":3},{"damage":28,"enemies":"Hexaghost","floor":16,"turns":11},{"damage":9,"enemies":"Spheric Guardian","floor":18,"turns":5},{"damage":20,"enemies":"Shell Parasite","floor":19,"turns":7},{"damage":7,"enemies":"3 Cultists","floor":21,"turns":5},{"damage":16,"enemies":"Book of Stabbing","floor":23,"turns":7},{"damage":28,"enemies":"Shelled Parasite and Fungi","floor":24,"turns":7},{"damage":5,"enemies":"Cultist and Chosen","floor":27,"turns":7},{"damage":0,"enemies":"Chosen and Byrds","floor":31,"turns":5},{"damage":17,"enemies":"Collector","floor":33,"turns":11},{"damage":4,"enemies":"3 Shapes","floor":35,"turns":4},{"damage":2,"enemies":"Orb Walker","floor":36,"turns":5},{"damage":12,"enemies":"Writhing Mass","floor":37,"turns":9},{"damage":11,"enemies":"Reptomancer","floor":40,"turns":7},{"damage":28,"enemies":"3 Darklings","floor":41,"turns":7},{"damage":28,"enemies":"Nemesis","floor":46,"turns":11},{"damage":30,"enemies":"Sphere and 2 Shapes","floor":48,"turns":8},{"damage":37,"enemies":"Time Eater","floor":50,"turns":15}],"seed_played":"4615979708746789413","potions_obtained":[{"floor":1,"key":"Block Potion"},{"floor":7,"key":"Ancient Potion"},{"floor":11,"key":"Fire Potion"},{"floor":19,"key":"Poison Potion"},{"floor":27,"key":"Poison Potion"},{"floor":31,"key":"Poison Potion"},{"floor":33,"key":"FearPotion"},{"floor":36,"key":"PowerPotion"},{"floor":40,"key":"SteroidPotion"}],"is_trial":false,"path_per_floor":["M","?","$","?","?","R","M","E","T","M","M","R","$","?","R","B",null,"M","M","?","M","$","E","M","R","T","M","R","$","?","M","R","B",null,"M","M","M","$","?","E","M","R","T","?","?","E","$","M","R","B",null],"character_chosen":"DEFECT","items_purchased":["Conserve Battery","Omamori","Self Repair","Lantern","Cold Snap"],"campfire_rested":4,"item_purchase_floors":[13,13,22,38,47],"current_hp_per_floor":[72,72,72,72,72,72,72,68,68,67,51,51,51,48,48,20,75,66,46,46,39,39,33,12,37,37,39,64,64,85,87,87,77,87,85,91,86,86,86,75,54,81,88,76,76,55,55,34,64,34],"gold":23,"neow_bonus":"ONE_RANDOM_RARE_CARD","is_prod":false,"is_daily":false,"chose_seed":false,"campfire_upgraded":3,"win_rate":0,"timestamp":1555733601,"path_taken":["M","?","$","?","?","R","M","E","T","M","M","R","$","?","R","BOSS","M","M","?","M","$","E","M","R","T","M","R","$","?","?","R","BOSS","M","?","M","$","?","E","M","R","T","?","?","E","$","M","R","BOSS"],"build_version":"2019-01-23","purchased_purges":4,"victory":true,"max_hp_per_floor":[75,75,75,75,75,75,75,75,75,75,75,75,75,75,75,75,75,75,75,75,75,75,85,85,85,85,85,85,85,85,87,87,87,87,89,91,91,91,91,91,91,91,98,98,98,98,98,100,100,100],"card_choices":[{"not_picked":["Stack","Compile Driver"],"picked":"Coolheaded","floor":1},{"not_picked":["Turbo","Stack"],"picked":"Ball Lightning","floor":7},{"not_picked":["Leap","Skim"],"picked":"Rebound","floor":8},{"not_picked":["Gash","Streamline"],"picked":"Cold Snap","floor":10},{"not_picked":["Double Energy","Redo"],"picked":"Rebound","floor":11},{"not_picked":["Thunder Strike","Creative AI"],"picked":"All For One","floor":16},{"not_picked":["Coolheaded","Hologram+1"],"picked":"Gash+1","floor":18},{"not_picked":["Darkness+1","Go for the Eyes"],"picked":"Undo+1","floor":19},{"not_picked":["Rebound+1","Hologram"],"picked":"Go for the Eyes+1","floor":21},{"not_picked":["Rainbow","Sunder+1"],"picked":"Auto Shields+1","floor":23},{"not_picked":["FTL","Aggregate+1"],"picked":"Coolheaded","floor":24},{"not_picked":["Conserve Battery","Glacier"],"picked":"Consume+1","floor":27},{"not_picked":["Rebound","Cold Snap+1","Reprogram"],"picked":"Singing Bowl","floor":31},{"not_picked":["Seek","All For One"],"picked":"Biased Cognition","floor":33},{"not_picked":["Recycle+1","Storm+1","Turbo"],"picked":"Singing Bowl","floor":35},{"not_picked":["Leap+1","Steam+1","Static Discharge"],"picked":"Singing Bowl","floor":36},{"not_picked":["Rebound","Coolheaded+1"],"picked":"White Noise+1","floor":37},{"not_picked":["Compile Driver+1","Coolheaded+1"],"picked":"Hologram+1","floor":40},{"not_picked":["Loop+1","Melter"],"picked":"FTL+1","floor":41},{"not_picked":["Conserve Battery","Sweeping Beam+1"],"picked":"Beam Cell+1","floor":46},{"not_picked":["Genetic Algorithm+1","Barrage","Ball Lightning"],"picked":"Singing Bowl","floor":48}],"player_experience":229887,"relics_obtained":[{"floor":8,"key":"Dodecahedron"},{"floor":9,"key":"Girya"},{"floor":23,"key":"Pear"},{"floor":26,"key":"Smiling Mask"},{"floor":40,"key":"Art of War"},{"floor":43,"key":"Strawberry"},{"floor":46,"key":"Sundial"}],"event_choices":[{"damage_healed":0,"gold_gain":0,"player_choice":"Box","damage_taken":0,"relics_obtained":["Shuriken"],"max_hp_gain":0,"max_hp_loss":0,"event_name":"Big Fish","floor":2,"gold_loss":0,"cards_obtained":["Regret"]},{"damage_healed":0,"gold_gain":175,"player_choice":"AGREE","damage_taken":0,"max_hp_gain":0,"max_hp_loss":0,"event_name":"Liars Game","floor":4,"gold_loss":0,"cards_obtained":["Doubt"]},{"cards_removed":["Strike_B"],"damage_healed":0,"gold_gain":0,"player_choice":"Card Removal","damage_taken":0,"max_hp_gain":0,"max_hp_loss":0,"event_name":"The Cleric","floor":5,"gold_loss":50},{"damage_healed":0,"gold_gain":0,"player_choice":"Success","damage_taken":3,"relics_obtained":["Singing Bowl"],"max_hp_gain":0,"max_hp_loss":0,"event_name":"Scrap Ooze","floor":14,"gold_loss":0},{"damage_healed":0,"gold_gain":0,"player_choice":"Ignored","damage_taken":0,"max_hp_gain":0,"max_hp_loss":0,"event_name":"Vampires","floor":20,"gold_loss":0},{"damage_healed":21,"gold_gain":0,"player_choice":"Full Heal","damage_taken":0,"max_hp_gain":0,"max_hp_loss":0,"event_name":"Wheel of Change","floor":30,"gold_loss":0},{"cards_removed":["Biased Cognition"],"damage_healed":0,"gold_gain":0,"player_choice":"Removed Power","damage_taken":0,"max_hp_gain":0,"max_hp_loss":0,"event_name":"Falling","floor":39,"gold_loss":0},{"damage_healed":0,"gold_gain":0,"player_choice":"Embrace Madness","damage_taken":12,"max_hp_gain":0,"max_hp_loss":0,"event_name":"Winding Halls","floor":44,"gold_loss":0,"cards_obtained":["Madness","Madness"]},{"damage_healed":0,"gold_gain":0,"player_choice":"Copied","damage_taken":0,"max_hp_gain":0,"max_hp_loss":0,"event_name":"Duplicator","floor":45,"gold_loss":0,"cards_obtained":["Consume"]}],"is_beta":false,"boss_relics":[{"not_picked":["Lizard Tail","Eternal Feather"],"picked":"Inserter"},{"not_picked":["Snecko Eye","Tiny House"],"picked":"Nuclear Battery"}],"items_purged_floors":[3,22,29,47],"is_endless":false,"potions_floor_spawned":[1,7,11,19,27,31,33,36,40],"ascension_level":2}