{"gold_per_floor":[110,110,63,74,87,117,117,135,135,135,135,162,18,18,18,114,114,125,125,125,139,139,139,168,168,191,191,191,224,111,145,145,247,247,262,307,307,325,338,338,217,247,259,371,3,28,28,44,44,44,44,44,44,70,70],"floor_reached":56,"playtime":2780,"items_purged":["Strike_B+1","Gash","Gash+1"],"score":1497,"play_id":"ac69d4a9-508e-4431-94d4-01a8aad77809","local_time":"20190307144347","is_ascension_mode":true,"campfire_choices":[{"data":"Zap","floor":7,"key":"SMITH"},{"data":"Gash","floor":10,"key":"SMITH"},{"data":"Reinforced Body","floor":15,"key":"SMITH"},{"data":"Defragment","floor":23,"key":"SMITH"},{"data":"Capacitor","floor":25,"key":"SMITH"},{"data":"Barrage","floor":27,"key":"SMITH"},{"data":"Ghostly","floor":32,"key":"SMITH"},{"data":"Seek","floor":40,"key":"SMITH"},{"floor":49,"key":"RECALL"},{"data":"Ghostly","floor":52,"key":"SMITH"}],"neow_cost":"NONE","seed_source_timestamp":485585062055186,"circlet_count":0,"master_deck":["Defend_B+1","Defend_B+1","Defend_B+1","Zap+1","Dualcast","Reinforced Body+1","Sweeping Beam","Ball Lightning","Beam Cell","Echo Form","Biased Cognition","Electrodynamics","Capacitor+1","Barrage+1","Defragment+1","Steam Power","Lockon+1","Ghostly+1","Ghostly+1","Ghostly","Ghostly","Ghostly","Loop","Loop","Thunder Strike","Ball Lightning","Sweeping Beam","Seek+1","Defragment","Core Surge","Master of Strategy","Seek"],"relics":["Cracked Core","NeowsBlessing","Juzu Bracelet","Omamori","Mummified Hand","Vajra","Orichalcum","Nuclear Battery","Potion Belt","Pantograph","Prayer Wheel","Smiling Mask","Empty Cage","Torii","Sundial","MawBank","Bottled Tornado","Happy Flower","Bag of Preparation","Boot"],"potions_floor_usage":[8,24,31,36,55,55,55,55],"damage_taken":[{"damage":0,"enemies":"Jaw Worm","floor":1,"turns":1},{"damage":0,"enemies":"Cultist","floor":4,"turns":1},{"damage":0,"enemies":"2 Louse","floor":5,"turns":1},{"damage":26,"enemies":"Gremlin Nob","floor":6,"turns":4},{"damage":0,"enemies":"Lots of Slimes","floor":8,"turns":1},{"damage":17,"enemies":"3 Sentries","floor":12,"turns":5},{"damage":17,"enemies":"The Guardian","floor":16,"turns":9},{"damage":18,"enemies":"2 Thieves","floor":18,"turns":4},{"damage":0,"enemies":"3 Byrds","floor":21,"turns":3},{"damage":6,"enemies":"Book of Stabbing","floor":24,"turns":3},{"damage":0,"enemies":"Gremlin Leader","floor":29,"turns":5},{"damage":11,"enemies":"Slavers","floor":31,"turns":3},{"damage":0,"enemies":"Automaton","floor":33,"turns":7},{"damage":0,"enemies":"3 Darklings","floor":35,"turns":5},{"damage":14,"enemies":"2 Orb Walkers","floor":36,"turns":3},{"damage":0,"enemies":"Orb Walker","floor":38,"turns":4},{"damage":0,"enemies":"Jaw Worm Horde","floor":39,"turns":4},{"damage":0,"enemies":"Reptomancer","floor":42,"turns":5},{"damage":0,"enemies":"Giant Head","floor":46,"turns":6},{"damage":0,"enemies":"Writhing Mass","floor":48,"turns":4},{"damage":0,"enemies":"Time Eater","floor":50,"turns":9},{"damage":0,"enemies":"Shield and Spear","floor":54,"turns":7},{"damage":32,"enemies":"The Heart","floor":55,"turns":9}],"seed_played":"-5188782277787469304","potions_obtained":[{"floor":1,"key":"SkillPotion"},{"floor":5,"key":"Explosive Potion"},{"floor":18,"key":"SpeedPotion"},{"floor":29,"key":"AttackPotion"},{"floor":38,"key":"GamblersBrew"},{"floor":42,"key":"Ancient Potion"},{"floor":46,"key":"EssenceOfSteel"},{"floor":48,"key":"Block Potion"}],"is_trial":false,"path_per_floor":["M","?","$","M","M","E","R","M","T","R","?","E","$","?","R","B",null,"M","?","?","M","?","R","E","R","T","R","?","E","$","E","R","B",null,"M","?","T","M","M","R","$","E","T","?","$","E","?","M","R","B",null,"R","$","E","B",null],"character_chosen":"DEFECT","items_purchased":["Gash","Orichalcum","Loop","Defragment","Happy Flower","Master of Strategy"],"campfire_rested":0,"item_purchase_floors":[3,13,30,41,45,45],"current_hp_per_floor":[75,75,75,75,75,49,49,49,49,49,49,32,32,32,32,15,75,57,57,57,57,57,57,51,51,51,51,37,37,37,26,26,37,37,37,23,23,23,23,23,23,23,23,23,23,23,32,32,32,37,37,37,37,37,5],"gold":70,"neow_bonus":"THREE_ENEMY_KILL","is_prod":false,"is_daily":false,"chose_seed":false,"campfire_upgraded":9,"win_rate":0,"timestamp":1551966227,"path_taken":["M","?","?","M","?","E","R","M","T","R","?","E","$","?","R","BOSS","M","?","?","M","?","R","E","R","T","R","?","E","$","E","R","BOSS","M","?","?","M","M","R","?","E","T","?","$","E","?","M","R","BOSS","R","$","E","BOSS"],"build_version":"2019-01-23","purchased_purges":3,"victory":true,"max_hp_per_floor":[75,75,75,75,75,75,75,75,75,75,75,75,75,75,75,75,75,75,75,75,75,75,75,75,75,75,75,37,37,37,37,37,37,37,37,37,37,37,37,37,37,37,37,37,37,37,37,37,37,37,37,37,37,37,37],"card_choices":[{"not_picked":["Melter","Redo"],"picked":"Reinforced Body","floor":1},{"not_picked":["White Noise","Turbo"],"picked":"Sweeping Beam","floor":4},{"not_picked":["Tempest","Aggregate"],"picked":"Ball Lightning","floor":5},{"not_picked":["Streamline","Redo"],"picked":"Beam Cell","floor":6},{"not_picked":["Barrage","Turbo"],"picked":"Gash","floor":8},{"not_picked":["Redo","Rebound"],"picked":"Echo Form","floor":12},{"not_picked":["Echo Form","Rainbow"],"picked":"Electrodynamics","floor":16},{"not_picked":["Steam Power","Gash"],"picked":"Capacitor","floor":18},{"not_picked":["Rip and Tear+1","Heatsinks"],"picked":"Barrage","floor":21},{"not_picked":["Blizzard","Doom and Gloom+1"],"picked":"Lockon+1","floor":24},{"not_picked":["Cold Snap","Redo","Aggregate+1"],"picked":"SKIP","floor":29},{"not_picked":["Sweeping Beam","Beam Cell"],"picked":"Loop","floor":31},{"not_picked":["Hyperbeam","Biased Cognition"],"picked":"Thunder Strike","floor":33},{"not_picked":["Rebound+1","Recycle+1"],"picked":"Ball Lightning","floor":35},{"not_picked":["White Noise","Streamline+1","Turbo"],"picked":"SKIP","floor":35},{"not_picked":["Redo+1","Steam+1"],"picked":"Sweeping Beam","floor":38},{"not_picked":["Melter","Sweeping Beam+1"],"picked":"Seek","floor":38},{"not_picked":["Conserve Battery","Redo","Hologram"],"picked":"SKIP","floor":39},{"not_picked":["Rebound+1","Leap","Turbo+1"],"picked":"SKIP","floor":39},{"not_picked":["Leap+1","Beam Cell"],"picked":"Core Surge","floor":42},{"not_picked":["Undo","Genetic Algorithm","Blizzard+1"],"picked":"SKIP","floor":46},{"not_picked":["Static Discharge","Turbo","Leap+1"],"picked":"SKIP","floor":48},{"not_picked":["Go for the Eyes+1","Darkness","Lockon+1"],"picked":"SKIP","floor":48},{"not_picked":["Genetic Algorithm","Steam Power+1"],"picked":"Seek","floor":54}],"player_experience":28728,"relics_obtained":[{"floor":6,"key":"Juzu Bracelet"},{"floor":9,"key":"Omamori"},{"floor":12,"key":"Vajra"},{"floor":24,"key":"Pantograph"},{"floor":29,"key":"Prayer Wheel"},{"floor":31,"key":"Smiling Mask"},{"floor":36,"key":"Torii"},{"floor":37,"key":"Sundial"},{"floor":42,"key":"MawBank"},{"floor":43,"key":"Bottled Tornado"},{"floor":46,"key":"Bag of Preparation"},{"floor":54,"key":"Boot"}],"event_choices":[{"damage_healed":0,"gold_gain":0,"player_choice":"Bought 0 Potions","damage_taken":0,"max_hp_gain":0,"max_hp_loss":0,"event_name":"The Woman in Blue","floor":2,"gold_loss":0},{"damage_healed":0,"gold_gain":0,"player_choice":"Box","damage_taken":0,"relics_obtained":["Mummified Hand"],"max_hp_gain":0,"max_hp_loss":0,"event_name":"Big Fish","floor":11,"gold_loss":0,"cards_obtained":["Regret"]},{"damage_healed":0,"gold_gain":0,"player_choice":"1 cards matched","damage_taken":0,"max_hp_gain":0,"max_hp_loss":0,"event_name":"Match and Keep!","floor":14,"gold_loss":0,"cards_obtained":["Biased Cognition"]},{"damage_healed":0,"gold_gain":0,"player_choice":"Simplicity","damage_taken":0,"max_hp_gain":0,"max_hp_loss":0,"event_name":"Back to Basics","floor":19,"gold_loss":0,"cards_upgraded":["Strike_B","Strike_B","Strike_B","Strike_B","Defend_B","Defend_B","Defend_B","Defend_B"]},{"damage_healed":0,"gold_gain":0,"player_choice":"Opened","damage_taken":0,"relics_obtained":["Potion Belt"],"max_hp_gain":0,"max_hp_loss":0,"event_name":"The Mausoleum","floor":20,"gold_loss":0},{"damage_healed":0,"gold_gain":0,"cards_transformed":["Strike_B","Defend_B"],"player_choice":"Became Test Subject","damage_taken":0,"max_hp_gain":0,"max_hp_loss":0,"event_name":"Drug Dealer","floor":22,"gold_loss":0,"cards_obtained":["Defragment","Steam Power"]},{"damage_healed":0,"gold_gain":0,"player_choice":"Became a Ghost","damage_taken":0,"max_hp_gain":0,"max_hp_loss":38,"event_name":"Ghosts","floor":28,"gold_loss":0,"cards_obtained":["Ghostly","Ghostly","Ghostly","Ghostly","Ghostly"]},{"damage_healed":0,"gold_gain":0,"player_choice":"Fight","damage_taken":0,"max_hp_gain":0,"max_hp_loss":0,"event_name":"Mysterious Sphere","floor":36,"gold_loss":0},{"damage_healed":0,"gold_gain":100,"player_choice":"Pray","damage_taken":0,"max_hp_gain":0,"max_hp_loss":0,"event_name":"Golden Shrine","floor":44,"gold_loss":0},{"damage_healed":9,"gold_gain":0,"player_choice":"Writhe","damage_taken":0,"max_hp_gain":0,"max_hp_loss":0,"event_name":"Winding Halls","floor":47,"gold_loss":0,"cards_obtained":["Writhe"]}],"is_beta":false,"boss_relics":[{"not_picked":["FrozenCore","White Beast Statue"],"picked":"Nuclear Battery"},{"not_picked":["Tiny House","Lizard Tail"],"picked":"Empty Cage"}],"items_purged_floors":[30,41,45],"is_endless":false,"potions_floor_spawned":[1,5,18,29,38,42,46,48],"ascension_level":1}