{"gold_per_floor":[114,114,130,1,1,26,26,52,52,72,82,157,172,172,172,267,267,279,297,212,11,27,27],"floor_reached":23,"playtime":2642,"items_purged":["Pain","Defend_R"],"score":290,"play_id":"6006f065-9dad-4acf-ac99-563c24849706","local_time":"20190621230733","is_ascension_mode":true,"campfire_choices":[{"data":"Armaments","floor":7,"key":"SMITH"},{"data":"Barricade","floor":15,"key":"SMITH"}],"neow_cost":"NONE","seed_source_timestamp":1138342101763835,"circlet_count":0,"master_deck":["Strike_R","Strike_R","Strike_R","Strike_R","Strike_R","Defend_R","Defend_R","Bash","Ghostly Armor","Anger","True Grit","Armaments+1","Barricade+1","Entrench","Ghostly Armor","Spot Weakness","Demon Form","Thunderclap+1","Heavy Blade","Anger","Rage+1"],"relics":["Burning Blood","NeowsBlessing","WarpedTongs","Meat on the Bone","Lantern","Potion Belt","Dodecahedron","Lizard Tail","Boot"],"potions_floor_usage":[8,8,16,18,22],"damage_taken":[{"damage":0,"enemies":"Jaw Worm","floor":1,"turns":1},{"damage":1,"enemies":"Cultist","floor":3,"turns":1},{"damage":0,"enemies":"Lagavulin","floor":6,"turns":1},{"damage":25,"enemies":"Gremlin Nob","floor":8,"turns":6},{"damage":0,"enemies":"Small Slimes","floor":10,"turns":4},{"damage":2,"enemies":"2 Fungi Beasts","floor":11,"turns":4},{"damage":2,"enemies":"Looter","floor":13,"turns":2},{"damage":0,"enemies":"Slime Boss","floor":16,"turns":12},{"damage":0,"enemies":"Shell Parasite","floor":18,"turns":8},{"damage":0,"enemies":"Chosen","floor":19,"turns":6},{"damage":30,"enemies":"Snake Plant","floor":22,"turns":5},{"damage":98,"enemies":"Book of Stabbing","floor":23,"turns":6}],"seed_played":"1540538091546999278","potions_obtained":[{"floor":1,"key":"EssenceOfSteel"},{"floor":3,"key":"PowerPotion"},{"floor":8,"key":"Swift Potion"},{"floor":11,"key":"Dexterity Potion"},{"floor":19,"key":"GamblersBrew"}],"is_trial":false,"path_per_floor":["M","?","M","$","?","E","R","E","T","M","M","?","M","T","R","B",null,"M","M","?","$","M","E"],"character_chosen":"IRONCLAD","items_purchased":["True Grit","Heavy Blade","Anger"],"campfire_rested":0,"item_purchase_floors":[4,21,21],"current_hp_per_floor":[80,80,80,80,80,80,80,61,61,67,71,60,64,64,64,70,80,80,80,80,80,56,0],"gold":27,"neow_bonus":"THREE_ENEMY_KILL","is_prod":false,"is_daily":false,"chose_seed":false,"campfire_upgraded":2,"win_rate":0,"timestamp":1561172853,"path_taken":["M","?","?","?","?","E","R","E","T","M","M","?","M","?","R","BOSS","M","M","?","$","M","E"],"build_version":"2019-01-23","purchased_purges":2,"victory":false,"max_hp_per_floor":[80,80,80,80,80,80,80,80,80,80,80,80,80,80,80,80,80,80,80,80,80,80,80],"card_choices":[{"not_picked":["Burning Pact","Havoc"],"picked":"Ghostly Armor","floor":1},{"not_picked":["Evolve","Heavy Blade"],"picked":"Anger","floor":3},{"not_picked":["Anger","Second Wind"],"picked":"Armaments","floor":6},{"not_picked":["Searing Blow","Body Slam"],"picked":"Barricade","floor":8},{"not_picked":["Bloodletting","Iron Wave"],"picked":"Entrench","floor":10},{"not_picked":["Armaments","Burning Pact"],"picked":"Ghostly Armor","floor":11},{"not_picked":["Anger","Second Wind"],"picked":"Spot Weakness","floor":13},{"not_picked":["Fiend Fire","Brutality"],"picked":"Demon Form","floor":16},{"not_picked":["Corruption","Carnage","Twin Strike"],"picked":"SKIP","floor":18},{"not_picked":["Combust+1","Sword Boomerang"],"picked":"Thunderclap+1","floor":19},{"not_picked":["Flex","Perfected Strike"],"picked":"Rage+1","floor":22}],"player_experience":1183713,"relics_obtained":[{"floor":6,"key":"Meat on the Bone"},{"floor":8,"key":"Lantern"},{"floor":9,"key":"Potion Belt"},{"floor":14,"key":"Dodecahedron"}],"event_choices":[{"damage_healed":0,"gold_gain":0,"player_choice":"Rummage","damage_taken":0,"relics_obtained":["WarpedTongs"],"max_hp_gain":0,"max_hp_loss":0,"event_name":"Accursed Blacksmith","floor":2,"gold_loss":0,"cards_obtained":["Pain"]},{"cards_removed":["Defend_R"],"damage_healed":0,"gold_gain":0,"player_choice":"Forget","damage_taken":0,"max_hp_gain":0,"max_hp_loss":0,"event_name":"Living Wall","floor":5,"gold_loss":0},{"damage_healed":0,"gold_gain":75,"player_choice":"Gather Gold","damage_taken":11,"max_hp_gain":0,"max_hp_loss":0,"event_name":"World of Goop","floor":12,"gold_loss":0},{"damage_healed":0,"gold_gain":0,"player_choice":"Obtained Relic","damage_taken":0,"relics_obtained":["Boot"],"max_hp_gain":0,"max_hp_loss":0,"event_name":"Addict","floor":20,"gold_loss":85}],"is_beta":false,"boss_relics":[{"not_picked":["Fusion Hammer","Sozu"],"picked":"Lizard Tail"}],"items_purged_floors":[4,21],"is_endless":false,"potions_floor_spawned":[1,3,8,11,19],"killed_by":"Book of Stabbing","ascension_level":1}