{"gold_per_floor":[113,38,54,11,24,49,49,67,114,114,144,171,171],"floor_reached":13,"playtime":515,"items_purged":[],"score":186,"play_id":"ffc321dd-e109-4283-a868-e3431906e458","local_time":"20190628143231","is_ascension_mode":true,"campfire_choices":[{"data":"Zap","floor":7,"key":"SMITH"},{"floor":10,"key":"REST"}],"neow_cost":"NONE","seed_source_timestamp":742209419872000,"circlet_count":0,"master_deck":["AscendersBane","Strike_B","Strike_B","Strike_B","Defend_B","Defend_B","Defend_B","Defend_B","Zap+1","Dualcast","Coolheaded","Rebound","Melter","Lockon","Conserve Battery","Ball Lightning"],"relics":["Cracked Core","Boot","Blue Candle","Smiling Mask","Art of War","Odd Mushroom"],"potions_floor_usage":[11,12,12],"damage_taken":[{"damage":0,"enemies":"Small Slimes","floor":1,"turns":2},{"damage":3,"enemies":"Jaw Worm","floor":3,"turns":5},{"damage":0,"enemies":"Cultist","floor":5,"turns":3},{"damage":41,"enemies":"3 Sentries","floor":6,"turns":7},{"damage":6,"enemies":"Looter","floor":8,"turns":3},{"damage":9,"enemies":"Lagavulin","floor":11,"turns":4},{"damage":19,"enemies":"The Mushroom Lair","floor":12,"turns":4},{"damage":33,"enemies":"Gremlin Nob","floor":13,"turns":3}],"seed_played":"-3925258531635171076","potions_obtained":[{"floor":1,"key":"Weak Potion"},{"floor":8,"key":"FocusPotion"},{"floor":11,"key":"FearPotion"}],"is_trial":false,"path_per_floor":["M","?","M","$","M","E","R","M","T","R","E","?","E"],"character_chosen":"DEFECT","items_purchased":["Melter"],"campfire_rested":1,"item_purchase_floors":[4],"current_hp_per_floor":[64,64,61,61,61,20,20,14,14,35,26,7,0],"gold":171,"neow_bonus":"RANDOM_COMMON_RELIC","is_prod":false,"is_daily":false,"chose_seed":false,"campfire_upgraded":1,"win_rate":0,"timestamp":1561746751,"path_taken":["M","?","M","$","M","E","R","M","T","R","E","?","E"],"build_version":"2019-01-23","purchased_purges":0,"victory":false,"max_hp_per_floor":[71,71,71,71,71,71,71,71,71,71,71,71,71],"card_choices":[{"not_picked":["Scrape","Loop"],"picked":"Coolheaded","floor":1},{"not_picked":["Hologram","Compile Driver"],"picked":"Rebound","floor":3},{"not_picked":["Reinforced Body","Coolheaded"],"picked":"Lockon","floor":5},{"not_picked":["Leap","Hologram"],"picked":"Conserve Battery","floor":6},{"not_picked":["Barrage","Leap"],"picked":"Ball Lightning","floor":8},{"not_picked":["Rebound","Hyperbeam","Barrage"],"picked":"SKIP","floor":11}],"player_experience":511548,"relics_obtained":[{"floor":6,"key":"Blue Candle"},{"floor":9,"key":"Smiling Mask"},{"floor":11,"key":"Art of War"},{"floor":12,"key":"Odd Mushroom"}],"event_choices":[{"cards_removed":["Strike_B"],"damage_healed":0,"gold_gain":0,"player_choice":"Card Removal","damage_taken":0,"max_hp_gain":0,"max_hp_loss":0,"event_name":"The Cleric","floor":2,"gold_loss":75},{"damage_healed":0,"gold_gain":0,"player_choice":"Fought Mushrooms","damage_taken":0,"max_hp_gain":0,"max_hp_loss":0,"event_name":"Mushrooms","floor":12,"gold_loss":0}],"is_beta":false,"boss_relics":[],"items_purged_floors":[],"is_endless":false,"potions_floor_spawned":[1,8,11],"killed_by":"Gremlin Nob","ascension_level":20}