{"gold_per_floor":[363,379,172,19,37,37,62,79,154,181,181,181,181,197,197,270,270,240,52,52,52,52,52,52,67,67,67,67],"floor_reached":28,"playtime":1084,"items_purged":["Strike_G","Strike_G"],"score":426,"play_id":"6b495d30-b421-44e7-a109-910ab4a21337","local_time":"20190531212219","is_ascension_mode":true,"campfire_choices":[{"data":"Predator","floor":6,"key":"SMITH"},{"data":"Noxious Fumes","floor":12,"key":"SMITH"},{"data":"Neutralize","floor":15,"key":"SMITH"},{"data":"Footwork","floor":23,"key":"SMITH"},{"data":"Footwork","floor":27,"key":"SMITH"}],"neow_cost":"TEN_PERCENT_HP_LOSS","seed_source_timestamp":1221622817084456,"circlet_count":0,"master_deck":["AscendersBane","Defend_G","Defend_G","Defend_G","Defend_G","Defend_G","Strike_G","Strike_G","Survivor","Neutralize+1","PiercingWail","Bane","Predator+1","Tools of the Trade","Dash","Dash","Noxious Fumes+1","Footwork+1","Doppelganger","Footwork+1","Deadly Poison"],"relics":["Ring of the Snake","Incense Burner","Pantograph","Bronze Scales","Sozu"],"potions_floor_usage":[7,10,16,18],"damage_taken":[{"damage":2,"enemies":"Cultist","floor":1,"turns":5},{"damage":5,"enemies":"Jaw Worm","floor":2,"turns":8},{"damage":1,"enemies":"2 Louse","floor":5,"turns":3},{"damage":14,"enemies":"Gremlin Nob","floor":7,"turns":4},{"damage":6,"enemies":"Exordium Thugs","floor":8,"turns":6},{"damage":7,"enemies":"Lagavulin","floor":10,"turns":9},{"damage":1,"enemies":"Looter","floor":14,"turns":4},{"damage":35,"enemies":"The Guardian","floor":16,"turns":11},{"damage":16,"enemies":"2 Thieves","floor":18,"turns":4},{"damage":4,"enemies":"Spheric Guardian","floor":25,"turns":6},{"damage":35,"enemies":"Gremlin Leader","floor":28,"turns":6}],"seed_played":"6040767738454566797","potions_obtained":[{"floor":5,"key":"SkillPotion"},{"floor":8,"key":"SkillPotion"},{"floor":14,"key":"Regen Potion"},{"floor":16,"key":"Poison Potion"}],"is_trial":false,"path_per_floor":["M","M","$","$","M","R","E","M","T","E","?","R","?","M","R","B",null,"M","$","?","?","?","R","$","M","T","R","E"],"character_chosen":"THE_SILENT","items_purchased":["Predator","Tools of the Trade","Dash","Footwork"],"campfire_rested":0,"item_purchase_floors":[3,3,4,19],"current_hp_per_floor":[57,52,52,52,51,51,37,31,31,24,29,29,22,21,21,26,55,39,39,39,39,39,39,39,35,35,35,0],"gold":67,"neow_bonus":"TWO_FIFTY_GOLD","is_prod":false,"is_daily":false,"chose_seed":false,"campfire_upgraded":5,"win_rate":0,"timestamp":1559330539,"path_taken":["M","M","?","$","M","R","E","M","T","E","?","R","?","?","R","BOSS","M","$","?","?","?","R","?","?","T","R","E"],"build_version":"2019-01-23","purchased_purges":2,"victory":false,"max_hp_per_floor":[60,60,60,60,60,60,60,60,60,60,65,65,65,65,65,65,65,65,65,65,65,65,65,65,65,65,65,65],"card_choices":[{"not_picked":["Underhanded Strike","Quick Slash"],"picked":"PiercingWail","floor":1},{"not_picked":["Calculated Gamble","Underhanded Strike"],"picked":"Bane","floor":2},{"not_picked":["Poisoned Stab","Outmaneuver","Escape Plan"],"picked":"SKIP","floor":5},{"not_picked":["Blade Dance","Tactician","Predator"],"picked":"SKIP","floor":7},{"not_picked":["Quick Slash","Prepared"],"picked":"Dash","floor":8},{"not_picked":["A Thousand Cuts","Blade Dance"],"picked":"Noxious Fumes","floor":10},{"not_picked":["Deflect","Dodge and Roll"],"picked":"Footwork","floor":14},{"not_picked":["Die Die Die","Bullet Time"],"picked":"Doppelganger","floor":16},{"not_picked":["Setup+1","Prepared","Calculated Gamble"],"picked":"SKIP","floor":18},{"not_picked":["Bouncing Flask","Choke"],"picked":"Deadly Poison","floor":25}],"player_experience":486210,"relics_obtained":[{"floor":7,"key":"Incense Burner"},{"floor":9,"key":"Pantograph"},{"floor":10,"key":"Bronze Scales"}],"event_choices":[{"damage_healed":0,"gold_gain":0,"player_choice":"Donut","damage_taken":0,"max_hp_gain":5,"max_hp_loss":0,"event_name":"Big Fish","floor":11,"gold_loss":0},{"cards_removed":["Strike_G"],"damage_healed":0,"gold_gain":0,"player_choice":"Card Removal","damage_taken":7,"max_hp_gain":0,"max_hp_loss":0,"event_name":"Golden Wing","floor":13,"gold_loss":0},{"damage_healed":0,"gold_gain":0,"player_choice":"Ignored","damage_taken":0,"max_hp_gain":0,"max_hp_loss":0,"event_name":"Ghosts","floor":20,"gold_loss":0},{"damage_healed":0,"gold_gain":0,"player_choice":"Ignored","damage_taken":0,"max_hp_gain":0,"max_hp_loss":0,"event_name":"Vampires","floor":21,"gold_loss":0},{"damage_healed":0,"gold_gain":0,"player_choice":"Ignored","damage_taken":0,"max_hp_gain":0,"max_hp_loss":0,"event_name":"Beggar","floor":22,"gold_loss":0}],"is_beta":false,"boss_relics":[{"not_picked":["Astrolabe","Fusion Hammer"],"picked":"Sozu"}],"items_purged_floors":[4,19],"is_endless":false,"potions_floor_spawned":[5,8,14,16,18,25],"killed_by":"Gremlin Leader","ascension_level":18}