{"gold_per_floor":[20,31,45,45,45,45,77,127,127,127,142,162,174,204,204,276,276,291,303,19,36,50,50,80,5,5,18,18,18,50,65,65,142,142,154,154,172,183,183,183,215,215,240,268,193,193,220,110,110,110,110,110,34,60,60],"floor_reached":55,"playtime":2067,"items_purged":["Shame"],"score":1544,"play_id":"565bc407-ef39-4e2f-96ee-cbd2be7b01ba","local_time":"20190523185550","is_ascension_mode":true,"campfire_choices":[{"data":"Flex","floor":6,"key":"SMITH"},{"data":"Feed","floor":10,"key":"SMITH"},{"data":"Carnage","floor":15,"key":"SMITH"},{"data":"Immolate","floor":23,"key":"SMITH"},{"data":"1","floor":28,"key":"LIFT"},{"data":"2","floor":32,"key":"LIFT"},{"data":"3","floor":40,"key":"LIFT"},{"floor":46,"key":"RECALL"},{"data":"Flame Barrier","floor":49,"key":"SMITH"},{"data":"Shockwave","floor":52,"key":"SMITH"}],"neow_cost":"NO_GOLD","seed_source_timestamp":520578893114590,"circlet_count":0,"master_deck":["AscendersBane","Strike_R","Strike_R","Strike_R","Defend_R","Defend_R+1","Defend_R","Bash+1","Anger","Flex+1","Shockwave+1","Feed+1","Evolve+1","Carnage+1","Immolate+1","Spot Weakness+1","Clothesline+1","Anger","Pummel+1","Bash","Reaper","Flame Barrier+1","Shrug It Off+1","Flame Barrier","Sword Boomerang+1"],"relics":["Burning Blood","Kunai","Letter Opener","Bag of Marbles","Cursed Key","Shuriken","Girya","Bottled Flame","Mark of Pain","Paper Frog","Anchor","Juzu Bracelet","Dodecahedron","Pear"],"potions_floor_usage":[7,16,21,22,24,24,33,54],"damage_taken":[{"damage":9,"enemies":"Small Slimes","floor":1,"turns":5},{"damage":0,"enemies":"Cultist","floor":2,"turns":3},{"damage":2,"enemies":"Jaw Worm","floor":3,"turns":3},{"damage":12,"enemies":"Lagavulin","floor":7,"turns":5},{"damage":0,"enemies":"2 Fungi Beasts","floor":11,"turns":2},{"damage":0,"enemies":"Exordium Thugs","floor":12,"turns":4},{"damage":16,"enemies":"Lots of Slimes","floor":13,"turns":6},{"damage":13,"enemies":"Gremlin Nob","floor":14,"turns":3},{"damage":0,"enemies":"Slime Boss","floor":16,"turns":7},{"damage":11,"enemies":"2 Thieves","floor":18,"turns":3},{"damage":5,"enemies":"Spheric Guardian","floor":19,"turns":3},{"damage":3,"enemies":"Chosen and Byrds","floor":21,"turns":4},{"damage":37,"enemies":"Snake Plant","floor":22,"turns":3},{"damage":11,"enemies":"Slavers","floor":24,"turns":3},{"damage":4,"enemies":"3 Cultists","floor":27,"turns":3},{"damage":0,"enemies":"Gremlin Leader","floor":30,"turns":4},{"damage":0,"enemies":"Shelled Parasite and Fungi","floor":31,"turns":2},{"damage":50,"enemies":"Collector","floor":33,"turns":6},{"damage":23,"enemies":"3 Shapes","floor":35,"turns":4},{"damage":0,"enemies":"3 Darklings","floor":37,"turns":2},{"damage":25,"enemies":"4 Shapes","floor":38,"turns":4},{"damage":30,"enemies":"Nemesis","floor":41,"turns":5},{"damage":25,"enemies":"Reptomancer","floor":44,"turns":3},{"damage":18,"enemies":"Nemesis","floor":47,"turns":5},{"damage":109,"enemies":"Awakened One","floor":50,"turns":9},{"damage":38,"enemies":"Shield and Spear","floor":54,"turns":6},{"damage":112,"enemies":"The Heart","floor":55,"turns":5}],"seed_played":"6872104339417440454","potions_obtained":[{"floor":3,"key":"FearPotion"},{"floor":7,"key":"Fruit Juice"},{"floor":14,"key":"Poison Potion"},{"floor":16,"key":"Block Potion"},{"floor":21,"key":"GamblersBrew"},{"floor":22,"key":"Fire Potion"},{"floor":24,"key":"SkillPotion"},{"floor":35,"key":"SteroidPotion"},{"floor":38,"key":"EssenceOfSteel"},{"floor":47,"key":"Swift Potion"}],"is_trial":false,"path_per_floor":["M","M","M","?","?","R","E","?","T","R","M","M","M","E","R","B",null,"M","M","$","M","M","R","E","?","T","M","R","?","E","M","R","B",null,"M","?","M","M","$","R","E","T","T","E","$","R","E","?","R","B",null,"R","$","E","B"],"character_chosen":"IRONCLAD","items_purchased":["Shuriken","Flame Barrier"],"campfire_rested":0,"item_purchase_floors":[20,53],"current_hp_per_floor":[65,71,75,52,57,57,51,51,51,51,61,71,65,58,58,64,85,80,85,85,92,66,66,65,65,65,71,71,71,77,87,87,64,104,91,91,106,105,105,105,100,100,100,106,106,106,94,94,94,26,100,100,100,88,0],"gold":60,"neow_bonus":"REMOVE_TWO","is_prod":false,"is_daily":false,"chose_seed":false,"campfire_upgraded":6,"win_rate":0,"timestamp":1558630550,"path_taken":["M","M","M","?","?","R","E","?","T","R","?","M","M","E","R","BOSS","M","M","$","M","M","R","E","?","T","M","R","?","E","M","R","BOSS","M","?","?","M","?","R","E","?","T","E","$","R","E","?","R","BOSS","R","$","E","BOSS"],"build_version":"2019-01-23","purchased_purges":1,"victory":false,"max_hp_per_floor":[75,75,75,75,80,80,80,80,80,80,84,88,92,92,92,92,92,92,96,96,100,105,105,109,109,109,113,113,113,113,117,117,117,117,121,121,121,125,125,125,125,125,125,125,125,125,125,125,125,125,125,125,125,135,135],"card_choices":[{"not_picked":["Heavy Blade","Pommel Strike"],"picked":"Anger","floor":1},{"not_picked":["Heavy Blade","Twin Strike"],"picked":"Flex","floor":2},{"not_picked":["Body Slam","True Grit"],"picked":"Shockwave","floor":3},{"not_picked":["Corruption","Headbutt"],"picked":"Feed","floor":7},{"not_picked":["Flex","Twin Strike","Clash"],"picked":"SKIP","floor":11},{"not_picked":["Flex","Twin Strike","Clash"],"picked":"SKIP","floor":11},{"not_picked":["Flex","Twin Strike","Clash"],"picked":"SKIP","floor":11},{"not_picked":["Hemokinesis","Twin Strike"],"picked":"Evolve","floor":12},{"not_picked":["Twin Strike","Sword Boomerang"],"picked":"Carnage","floor":13},{"not_picked":["Body Slam","Havoc","Pummel"],"picked":"SKIP","floor":14},{"not_picked":["Dark Embrace","Feed"],"picked":"Immolate","floor":16},{"not_picked":["Shockwave","Rampage","Power Through"],"picked":"SKIP","floor":18},{"not_picked":["Havoc","Cleave","Fire Breathing+1"],"picked":"SKIP","floor":19},{"not_picked":["Seeing Red","Rampage"],"picked":"Spot Weakness+1","floor":21},{"not_picked":["Perfected Strike","Clothesline+1","Feed"],"picked":"SKIP","floor":22},{"not_picked":["Perfected Strike","Feed"],"picked":"Clothesline+1","floor":22},{"not_picked":["Heavy Blade","Burning Pact"],"picked":"Anger","floor":24},{"not_picked":["Clash","Perfected Strike+1"],"picked":"Pummel+1","floor":27},{"not_picked":["Disarm","Body Slam"],"picked":"Reaper","floor":30},{"not_picked":["Perfected Strike+1","Warcry","Corruption+1"],"picked":"SKIP","floor":31},{"not_picked":["Blood for Blood+1","Spot Weakness","Body Slam"],"picked":"SKIP","floor":35},{"not_picked":["Armaments","Sword Boomerang+1"],"picked":"Flame Barrier","floor":37},{"not_picked":["Body Slam","Ghostly Armor","Armaments"],"picked":"SKIP","floor":38},{"not_picked":["Iron Wave+1","Flex","Anger"],"picked":"SKIP","floor":41},{"not_picked":["Barricade","Body Slam"],"picked":"Shrug It Off","floor":44},{"not_picked":["Combust","Clothesline","Spot Weakness"],"picked":"SKIP","floor":47},{"not_picked":["Pommel Strike","Blood for Blood+1"],"picked":"Sword Boomerang+1","floor":54}],"player_experience":360155,"relics_obtained":[{"floor":7,"key":"Kunai"},{"floor":9,"key":"Letter Opener"},{"floor":14,"key":"Bag of Marbles"},{"floor":24,"key":"Girya"},{"floor":30,"key":"Bottled Flame"},{"floor":41,"key":"Paper Frog"},{"floor":43,"key":"Anchor"},{"floor":44,"key":"Juzu Bracelet"},{"floor":47,"key":"Dodecahedron"},{"floor":54,"key":"Pear"}],"event_choices":[{"damage_healed":0,"gold_gain":0,"player_choice":"Entered Light","damage_taken":23,"max_hp_gain":0,"max_hp_loss":0,"event_name":"Shining Light","floor":4,"gold_loss":0,"cards_upgraded":["Bash","Defend_R"]},{"damage_healed":0,"gold_gain":0,"player_choice":"Donut","damage_taken":0,"max_hp_gain":5,"max_hp_loss":0,"event_name":"Big Fish","floor":5,"gold_loss":0},{"damage_healed":0,"gold_gain":50,"player_choice":"Pray","damage_taken":0,"max_hp_gain":0,"max_hp_loss":0,"event_name":"Golden Shrine","floor":8,"gold_loss":0},{"cards_removed":["Strike_R"],"damage_healed":0,"gold_gain":0,"player_choice":"Gave Gold","damage_taken":0,"max_hp_gain":0,"max_hp_loss":0,"event_name":"Beggar","floor":25,"gold_loss":75},{"damage_healed":0,"gold_gain":0,"player_choice":"1 cards matched","damage_taken":0,"max_hp_gain":0,"max_hp_loss":0,"event_name":"Match and Keep!","floor":29,"gold_loss":0,"cards_obtained":["Bash"]},{"damage_healed":0,"gold_gain":0,"player_choice":"Upgraded","damage_taken":0,"max_hp_gain":0,"max_hp_loss":0,"event_name":"Upgrade Shrine","floor":36,"gold_loss":0,"cards_upgraded":["Evolve"]},{"cards_removed":["Shame"],"damage_healed":0,"gold_gain":0,"player_choice":"Upgrade and Remove","damage_taken":0,"max_hp_gain":0,"max_hp_loss":0,"event_name":"Designer","floor":48,"gold_loss":110,"cards_upgraded":["Shrug It Off"]}],"is_beta":false,"boss_relics":[{"not_picked":["Tiny House","Astrolabe"],"picked":"Cursed Key"},{"not_picked":["Runic Pyramid","Philosopher\u0027s Stone"],"picked":"Mark of Pain"}],"items_purged_floors":[45],"is_endless":false,"potions_floor_spawned":[3,7,14,16,21,22,24,35,38,47],"killed_by":"The Heart","ascension_level":16}