{"gold_per_floor":[116,116,116,191,206,240,240,254,309,53,53,83,83,107,107,107],"floor_reached":16,"playtime":352,"items_purged":["Dualcast"],"score":180,"play_id":"04f515fe-0750-4eeb-8beb-d24c124996bb","local_time":"20190527225916","is_ascension_mode":true,"campfire_choices":[{"floor":7,"key":"REST"},{"data":"Beam Cell","floor":11,"key":"SMITH"},{"floor":15,"key":"REST"}],"neow_cost":"NONE","seed_source_timestamp":882470617732438,"circlet_count":0,"master_deck":["AscendersBane","Strike_B","Strike_B+1","Strike_B+1","Strike_B","Defend_B","Defend_B","Defend_B","Defend_B","Zap","Streamline+1","Turbo","Coolheaded","Beam Cell+1","Leap"],"special_seed":0,"relics":["Black Star","Smiling Mask","Lantern","Juzu Bracelet","Tiny Chest","Blood Vial","Boot","Whetstone","Happy Flower"],"potions_floor_usage":[6],"damage_taken":[{"damage":2.0,"enemies":"Small Slimes","floor":1.0,"turns":5.0},{"damage":0.0,"enemies":"2 Louse","floor":5.0,"turns":2.0},{"damage":25,"enemies":"Lagavulin","floor":6,"turns":6},{"damage":0,"enemies":"Cultist","floor":8,"turns":4},{"damage":32,"enemies":"Gremlin Nob","floor":12,"turns":4},{"damage":36,"enemies":"Hexaghost","floor":16,"turns":9}],"seed_played":"-9062190492521681795","potions_obtained":[{"floor":1.0,"key":"FocusPotion"},{"floor":6,"key":"Energy Potion"}],"is_trial":false,"path_per_floor":["M","?","?","?","M","E","R","M","T","$","R","E","?","T","R","B"],"character_chosen":"DEFECT","items_purchased":["Blood Vial","Beam Cell"],"campfire_rested":2,"item_purchase_floors":[10,10],"current_hp_per_floor":[62,62,55,44,44,19,40,40,40,40,40,10,10,10,31,0],"gold":107,"neow_bonus":"BOSS_RELIC","is_prod":false,"is_daily":false,"chose_seed":false,"campfire_upgraded":1,"win_rate":0,"timestamp":1558990756,"path_taken":["M","?","?","?","M","E","R","M","T","$","R","E","?","?","R","BOSS"],"build_version":"2019-01-23","purchased_purges":1,"victory":false,"max_hp_per_floor":[71,71,71,71,71,71,71,71,71,71,71,71,71,71,71,71],"card_choices":[{"not_picked":["Fusion","Ball Lightning"],"picked":"Streamline","floor":1.0},{"not_picked":["Defragment","Turbo","Skim"],"picked":"SKIP","floor":5.0},{"not_picked":["Defragment","Skim"],"picked":"Turbo","floor":5.0},{"not_picked":["Ball Lightning","Double Energy","Lockon"],"picked":"SKIP","floor":6},{"not_picked":["Chill","Blizzard"],"picked":"Coolheaded","floor":8},{"not_picked":["Stack","Amplify"],"picked":"Leap","floor":12}],"player_experience":444395,"relics_obtained":[{"floor":6,"key":"Lantern"},{"floor":6,"key":"Juzu Bracelet"},{"floor":9,"key":"Tiny Chest"},{"floor":12,"key":"Boot"},{"floor":12,"key":"Whetstone"},{"floor":14,"key":"Happy Flower"}],"event_choices":[{"damage_healed":0.0,"max_hp_gain":0.0,"max_hp_loss":0.0,"gold_gain":0.0,"event_name":"Living Wall","player_choice":"Grow","floor":2.0,"gold_loss":0.0,"damage_taken":0.0,"cards_upgraded":["Streamline"]},{"damage_healed":0.0,"max_hp_gain":0.0,"max_hp_loss":0.0,"gold_gain":0.0,"event_name":"Scrap Ooze","player_choice":"Success","floor":3.0,"gold_loss":0.0,"damage_taken":7.0,"relics_obtained":["Smiling Mask"]},{"damage_healed":0.0,"max_hp_gain":0.0,"max_hp_loss":0.0,"gold_gain":75.0,"event_name":"World of Goop","player_choice":"Gather Gold","floor":4.0,"gold_loss":0.0,"damage_taken":11.0},{"damage_healed":0,"gold_gain":0,"player_choice":"Ignored","damage_taken":0,"max_hp_gain":0,"max_hp_loss":0,"event_name":"Shining Light","floor":13,"gold_loss":0}],"is_beta":false,"boss_relics":[],"items_purged_floors":[10],"is_endless":false,"potions_floor_spawned":[1,6],"killed_by":"Hexaghost","ascension_level":14}