{"gold_per_floor":[115,132,282,29,44,44,64,92,92,106,106,106,122,150,150,227,227,242,257,182,196,211,211,245,245,291,15,15,35,62,91,91,164,164,175,191,191,209,309,342,352,363,363,363,393,105,105,140,140,140,140],"floor_reached":52,"playtime":2769,"items_purged":["Doubt","Strike_R","Defend_R"],"score":2159,"play_id":"005a963d-7d3b-4601-9da3-d4549b2920de","local_time":"20190524233029","is_ascension_mode":true,"campfire_choices":[{"data":"Apotheosis","floor":6.0,"key":"SMITH"},{"data":"Inflame","floor":11.0,"key":"SMITH"},{"data":"Clothesline","floor":15.0,"key":"SMITH"},{"data":"Battle Trance","floor":23.0,"key":"SMITH"},{"floor":25.0,"key":"REST"},{"floor":32.0,"key":"REST"},{"floor":44.0,"key":"REST"},{"floor":47.0,"key":"REST"},{"floor":49.0,"key":"REST"}],"neow_cost":"NONE","seed_source_timestamp":622444757659292,"circlet_count":0,"master_deck":["AscendersBane","Strike_R","Strike_R","Strike_R","Defend_R","Defend_R","Defend_R","Bash","Reaper","Inflame+1","Thunderclap","Apotheosis+1","Spot Weakness","Pummel","True Grit","Thunderclap","Clothesline+1","Dropkick","Flame Barrier","Double Tap","Spot Weakness","Battle Trance+1","Shockwave","Heavy Blade","Shockwave","Shrug It Off","Shrug It Off","Battle Trance+1","Impervious","Entrench+1","Shrug It Off+1","Seeing Red","Double Tap","Reaper","Body Slam","Rage+1"],"special_seed":0,"relics":["Burning Blood","Prayer Wheel","Bottled Tornado","Bottled Flame","Philosopher\u0027s Stone","Paper Frog","Red Skull","Pen Nib","Thread and Needle","Lizard Tail","Dead Branch","Pear","Mercury Hourglass","Dream Catcher","Ancient Tea Set","Smiling Mask"],"potions_floor_usage":[],"damage_taken":[{"damage":0.0,"enemies":"2 Louse","floor":1.0,"turns":3.0},{"damage":6.0,"enemies":"Cultist","floor":2.0,"turns":4.0},{"damage":6.0,"enemies":"Small Slimes","floor":5.0,"turns":4.0},{"damage":18.0,"enemies":"Exordium Thugs","floor":7.0,"turns":5.0},{"damage":34.0,"enemies":"3 Sentries","floor":8.0,"turns":7.0},{"damage":16.0,"enemies":"Exordium Wildlife","floor":10.0,"turns":4.0},{"damage":15.0,"enemies":"Gremlin Gang","floor":13.0,"turns":4.0},{"damage":15.0,"enemies":"Lagavulin","floor":14.0,"turns":7.0},{"damage":15.0,"enemies":"Hexaghost","floor":16.0,"turns":9.0},{"damage":16.0,"enemies":"3 Byrds","floor":18.0,"turns":5.0},{"damage":11.0,"enemies":"Shell Parasite","floor":19.0,"turns":2.0},{"damage":29.0,"enemies":"Snecko","floor":21.0,"turns":4.0},{"damage":36.0,"enemies":"3 Cultists","floor":22.0,"turns":5.0},{"damage":44.0,"enemies":"Book of Stabbing","floor":24.0,"turns":5.0},{"damage":9.0,"enemies":"Cultist and Chosen","floor":29.0,"turns":7.0},{"damage":37.0,"enemies":"Slavers","floor":31.0,"turns":4.0},{"damage":0.0,"enemies":"Champ","floor":33.0,"turns":6.0},{"damage":18.0,"enemies":"Orb Walker","floor":35.0,"turns":5.0},{"damage":54.0,"enemies":"3 Shapes","floor":36.0,"turns":4.0},{"damage":16.0,"enemies":"Sphere and 2 Shapes","floor":38.0,"turns":5.0},{"damage":10.0,"enemies":"Mind Bloom Boss Battle","floor":39.0,"turns":4.0},{"damage":40.0,"enemies":"Reptomancer","floor":40.0,"turns":4.0},{"damage":0.0,"enemies":"Writhing Mass","floor":41.0,"turns":3.0},{"damage":12.0,"enemies":"Spire Growth","floor":42.0,"turns":3.0},{"damage":48.0,"enemies":"Nemesis","floor":45.0,"turns":7.0},{"damage":6.0,"enemies":"Giant Head","floor":48.0,"turns":5.0},{"damage":78.0,"enemies":"Time Eater","floor":50.0,"turns":11.0},{"damage":75,"enemies":"Donu and Deca","floor":51,"turns":7}],"seed_played":"-8431205008098476113","potions_obtained":[{"floor":1.0,"key":"Ancient Potion"},{"floor":2.0,"key":"LiquidBronze"},{"floor":10.0,"key":"FearPotion"},{"floor":13.0,"key":"Energy Potion"},{"floor":19.0,"key":"EssenceOfSteel"},{"floor":29.0,"key":"Explosive Potion"},{"floor":31.0,"key":"FearPotion"},{"floor":33.0,"key":"Regen Potion"},{"floor":38.0,"key":"GamblersBrew"},{"floor":39.0,"key":"Fire Potion"},{"floor":41.0,"key":"Energy Potion"},{"floor":45.0,"key":"PowerPotion"}],"is_trial":false,"path_per_floor":["M","M","?","$","M","R","M","E","T","M","R","?","M","E","R","B",null,"M","M","?","M","M","R","E","R","T","$","?","M","T","E","R","B",null,"M","M","?","M","?","E","M","M","T","R","E","$","R","E","R","B","B",null],"character_chosen":"IRONCLAD","items_purchased":["Apotheosis","Impervious","Ancient Tea Set"],"campfire_rested":5,"item_purchase_floors":[4,27,46],"current_hp_per_floor":[75,75,75,75,75,75,75,69,69,62,62,51,60,59,59,66,73,63,58,58,48,45,45,17,39,39,39,85,82,82,56,81,85,85,73,25,25,63,75,75,81,75,75,95,53,53,81,81,95,47,50],"gold":140,"neow_bonus":"ONE_RANDOM_RARE_CARD","is_prod":false,"is_daily":false,"chose_seed":false,"campfire_upgraded":4,"win_rate":0,"timestamp":1558733429,"path_taken":["M","M","?","$","M","R","M","E","T","M","R","?","M","E","R","BOSS","M","M","?","M","M","R","E","R","T","$","?","?","?","E","R","BOSS","M","?","?","M","?","E","M","M","T","R","E","$","R","E","R","BOSS","BOSS"],"build_version":"2019-01-23","purchased_purges":3,"victory":true,"max_hp_per_floor":[75,75,75,75,75,75,75,75,75,75,75,75,75,75,75,75,75,75,75,75,75,75,75,75,75,75,75,85,85,85,85,85,85,85,85,85,85,85,85,95,95,95,95,95,95,95,95,95,95,95,95],"card_choices":[{"not_picked":["Armaments","Intimidate"],"picked":"Inflame","floor":1.0},{"not_picked":["Wild Strike","Headbutt"],"picked":"Thunderclap","floor":2.0},{"not_picked":["Sword Boomerang","Anger"],"picked":"Spot Weakness","floor":5.0},{"not_picked":["Twin Strike","Warcry"],"picked":"Pummel","floor":7.0},{"not_picked":["Body Slam","Entrench"],"picked":"True Grit","floor":8.0},{"not_picked":["Havoc","Pommel Strike"],"picked":"Thunderclap","floor":10.0},{"not_picked":["Rupture","Bloodletting"],"picked":"Clothesline","floor":10.0},{"not_picked":["Heavy Blade","Second Wind"],"picked":"Dropkick","floor":13.0},{"not_picked":["Dual Wield","Clash"],"picked":"Flame Barrier","floor":13.0},{"not_picked":["Headbutt","Metallicize","Iron Wave"],"picked":"SKIP","floor":14.0},{"not_picked":["Dark Embrace","Demon Form"],"picked":"Double Tap","floor":16.0},{"not_picked":["Flex","Wild Strike"],"picked":"Spot Weakness","floor":18.0},{"not_picked":["Pommel Strike","Flex"],"picked":"Battle Trance","floor":18.0},{"not_picked":["Sever Soul","Infernal Blade"],"picked":"Shockwave","floor":19.0},{"not_picked":["Clothesline","Spot Weakness","Inflame"],"picked":"SKIP","floor":19.0},{"not_picked":["Wild Strike","Armaments"],"picked":"Heavy Blade","floor":21.0},{"not_picked":["Clash","Pommel Strike"],"picked":"Shockwave","floor":21.0},{"not_picked":["Burning Pact","Armaments","Wild Strike"],"picked":"SKIP","floor":22.0},{"not_picked":["Bludgeon","Corruption","Warcry"],"picked":"SKIP","floor":22.0},{"not_picked":["Exhume","Pommel Strike"],"picked":"Shrug It Off","floor":24.0},{"not_picked":["Rage","Thunderclap"],"picked":"Shrug It Off","floor":29.0},{"not_picked":["Thunderclap","Clothesline","Entrench"],"picked":"SKIP","floor":29.0},{"not_picked":["Armaments","Clothesline"],"picked":"Battle Trance+1","floor":31.0},{"not_picked":["Dark Embrace","Immolate"],"picked":"Impervious","floor":33.0},{"not_picked":["Pommel Strike","Dropkick","Entrench+1"],"picked":"SKIP","floor":35.0},{"not_picked":["Shrug It Off+1","True Grit+1","Twin Strike"],"picked":"SKIP","floor":35.0},{"not_picked":["Pommel Strike","Dropkick"],"picked":"Entrench+1","floor":35.0},{"not_picked":["Shrug It Off+1","True Grit+1","Twin Strike"],"picked":"SKIP","floor":35.0},{"not_picked":["Iron Wave","Metallicize","Bloodletting+1"],"picked":"SKIP","floor":36.0},{"not_picked":["Wild Strike+1","Power Through","True Grit"],"picked":"SKIP","floor":36.0},{"not_picked":["Sever Soul+1","Armaments"],"picked":"Shrug It Off+1","floor":38.0},{"not_picked":["Power Through","Iron Wave+1","Flex"],"picked":"SKIP","floor":38.0},{"not_picked":["Sword Boomerang","Thunderclap"],"picked":"Seeing Red","floor":39.0},{"not_picked":["Pommel Strike","Clash","Cleave"],"picked":"SKIP","floor":40.0},{"not_picked":["Shrug It Off","Armaments","Pummel"],"picked":"SKIP","floor":41.0},{"not_picked":["Cleave","Wild Strike","Combust"],"picked":"SKIP","floor":41.0},{"not_picked":["Cleave+1","Anger"],"picked":"Double Tap","floor":42.0},{"not_picked":["Thunderclap","Flex+1","Anger"],"picked":"SKIP","floor":42.0},{"not_picked":["Dual Wield","Rampage"],"picked":"Reaper","floor":45.0},{"not_picked":["Havoc","Sentinel"],"picked":"Body Slam","floor":47.0},{"not_picked":["Sever Soul","Wild Strike","Reckless Charge+1"],"picked":"SKIP","floor":48.0},{"not_picked":["Fire Breathing","Ghostly Armor"],"picked":"Rage+1","floor":49.0}],"player_experience":394328,"relics_obtained":[{"floor":8.0,"key":"Prayer Wheel"},{"floor":9.0,"key":"Bottled Tornado"},{"floor":14.0,"key":"Bottled Flame"},{"floor":24.0,"key":"Paper Frog"},{"floor":26.0,"key":"Red Skull"},{"floor":30.0,"key":"Pen Nib"},{"floor":31.0,"key":"Thread and Needle"},{"floor":39.0,"key":"Dead Branch"},{"floor":40.0,"key":"Pear"},{"floor":43.0,"key":"Mercury Hourglass"},{"floor":45.0,"key":"Dream Catcher"},{"floor":48.0,"key":"Smiling Mask"}],"event_choices":[{"damage_healed":0.0,"max_hp_gain":0.0,"max_hp_loss":0.0,"gold_gain":150.0,"event_name":"Liars Game","player_choice":"AGREE","floor":3.0,"gold_loss":0.0,"damage_taken":0.0,"cards_obtained":["Doubt"]},{"damage_healed":0.0,"max_hp_gain":0.0,"max_hp_loss":0.0,"gold_gain":0.0,"event_name":"Wheel of Change","player_choice":"Damaged","floor":12.0,"gold_loss":0.0,"damage_taken":11.0},{"cards_removed":["Strike_R"],"damage_healed":0.0,"max_hp_gain":0.0,"max_hp_loss":0.0,"gold_gain":0.0,"event_name":"Beggar","player_choice":"Gave Gold","floor":20.0,"gold_loss":75.0,"damage_taken":0.0},{"cards_removed":["Impervious"],"damage_healed":36.0,"max_hp_gain":10.0,"max_hp_loss":0.0,"gold_gain":0.0,"event_name":"Bonfire Elementals","player_choice":"Offered Rare","floor":28.0,"gold_loss":0.0,"damage_taken":0.0},{"damage_healed":0.0,"max_hp_gain":0.0,"max_hp_loss":0.0,"gold_gain":0.0,"event_name":"Mysterious Sphere","player_choice":"Ignored","floor":37.0,"gold_loss":0.0,"damage_taken":0.0},{"damage_healed":0.0,"max_hp_gain":0.0,"max_hp_loss":0.0,"gold_gain":0.0,"event_name":"MindBloom","player_choice":"Fight","floor":39.0,"gold_loss":0.0,"damage_taken":0.0}],"is_beta":false,"boss_relics":[{"not_picked":["Calling Bell","Pandora\u0027s Box"],"picked":"Philosopher\u0027s Stone"},{"not_picked":["Mark of Pain","Empty Cage"],"picked":"Lizard Tail"}],"items_purged_floors":[4,27,46],"is_endless":false,"potions_floor_spawned":[1,2,10,13,16,19,21,29,31,33,38,39,41,42,45],"ascension_level":20}