{"gold_per_floor":[110,127,127,146,23,23,36,36,36,36,71,71,92,113,113,203,203,222,222,245,33,46,46,46,79,103,103,144,69,69,69,69,69],"floor_reached":33,"playtime":1565,"items_purged":["Strike_G"],"score":481,"play_id":"129e117b-7e42-49a5-b0ed-7c4f12d90b6d","local_time":"20190516213843","is_ascension_mode":true,"campfire_choices":[{"data":"Choke","floor":6,"key":"SMITH"},{"data":"Underhanded Strike","floor":8,"key":"SMITH"},{"floor":15,"key":"REST"},{"floor":23,"key":"REST"},{"floor":27,"key":"REST"},{"floor":32,"key":"REST"}],"neow_cost":"NONE","seed_source_timestamp":106972648796258,"circlet_count":0,"master_deck":["AscendersBane","Defend_G","Defend_G","Defend_G","Defend_G","Defend_G","Strike_G","Strike_G","Strike_G","Strike_G","Survivor","Neutralize","Backflip+1","Quick Slash","Quick Slash","Choke+1","Underhanded Strike+1","Tools of the Trade","Leg Sweep+1","Leg Sweep","Corpse Explosion","Underhanded Strike+1","Skewer+1","Eviscerate+1","Footwork"],"relics":["Snecko Eye","Golden Idol","Letter Opener","Molten Egg 2","Fusion Hammer","Orichalcum","Lantern","Snake Skull"],"potions_floor_usage":[11,11,16,22,25],"damage_taken":[{"damage":8,"enemies":"Jaw Worm","floor":1,"turns":8},{"damage":1,"enemies":"2 Louse","floor":2,"turns":5},{"damage":2,"enemies":"Cultist","floor":4,"turns":5},{"damage":10,"enemies":"Lots of Slimes","floor":7,"turns":5},{"damage":4,"enemies":"Gremlin Nob","floor":11,"turns":4},{"damage":0,"enemies":"Red Slaver","floor":13,"turns":2},{"damage":14,"enemies":"3 Louse","floor":14,"turns":5},{"damage":25,"enemies":"Slime Boss","floor":16,"turns":12},{"damage":1,"enemies":"Shell Parasite","floor":18,"turns":3},{"damage":0,"enemies":"Chosen","floor":20,"turns":3},{"damage":9,"enemies":"Snake Plant","floor":22,"turns":4},{"damage":31,"enemies":"Book of Stabbing","floor":25,"turns":6},{"damage":10,"enemies":"Slavers","floor":28,"turns":3},{"damage":61,"enemies":"Automaton","floor":33,"turns":12}],"seed_played":"-1013724761986163621","potions_obtained":[{"floor":2,"key":"LiquidBronze"},{"floor":4,"key":"SpeedPotion"},{"floor":7,"key":"Strength Potion"},{"floor":13,"key":"Energy Potion"},{"floor":16,"key":"SkillPotion"},{"floor":22,"key":"Fruit Juice"},{"floor":25,"key":"Energy Potion"}],"is_trial":false,"path_per_floor":["M","M","?","M","$","R","M","R","T","?","E","?","M","M","R","B",null,"M","?","M","$","M","R","$","E","T","R","E","$","?","?","R","B"],"character_chosen":"THE_SILENT","items_purchased":["Choke","Underhanded Strike","Skewer+1","Eviscerate+1","Footwork"],"campfire_rested":4,"item_purchase_floors":[5,5,21,21,21],"current_hp_per_floor":[51,50,50,48,48,48,38,38,38,38,34,21,21,7,26,1,50,49,43,43,43,34,53,53,27,27,48,38,38,38,38,59,0],"gold":69,"neow_bonus":"BOSS_RELIC","is_prod":false,"is_daily":false,"chose_seed":false,"campfire_upgraded":2,"win_rate":0,"timestamp":1558035523,"path_taken":["M","M","?","M","$","R","M","R","T","?","E","?","M","?","R","BOSS","M","?","?","$","M","R","?","E","T","R","E","$","?","?","R","BOSS"],"build_version":"2019-01-23","purchased_purges":1,"victory":false,"max_hp_per_floor":[66,66,66,66,66,66,66,66,66,66,66,66,66,66,66,66,66,66,66,66,66,66,66,66,71,71,71,71,71,71,71,71,71],"card_choices":[{"not_picked":["Deflect","Slice"],"picked":"Backflip","floor":1},{"not_picked":["Setup","Concentrate"],"picked":"Quick Slash","floor":2},{"not_picked":["Cloak And Dagger","Deflect"],"picked":"Quick Slash","floor":4},{"not_picked":["Slice","Blade Dance"],"picked":"Tools of the Trade","floor":7},{"not_picked":["Concentrate","Riddle With Holes"],"picked":"Leg Sweep","floor":11},{"not_picked":["Terror","Escape Plan","Poisoned Stab+1"],"picked":"SKIP","floor":13},{"not_picked":["Bane+1","Terror"],"picked":"Leg Sweep","floor":14},{"not_picked":["Venomology","Glass Knife+1"],"picked":"Corpse Explosion","floor":16},{"not_picked":["Deflect","Quick Slash+1","Setup"],"picked":"SKIP","floor":18},{"not_picked":["Poisoned Stab+1","Die Die Die+1"],"picked":"Underhanded Strike+1","floor":20},{"not_picked":["Cloak And Dagger","Underhanded Strike+1","All Out Attack+1"],"picked":"SKIP","floor":22},{"not_picked":["Blade Dance","Calculated Gamble","Die Die Die+1"],"picked":"SKIP","floor":25},{"not_picked":["Cloak And Dagger+1","Finisher+1","Escape Plan"],"picked":"SKIP","floor":28}],"player_experience":335216,"relics_obtained":[{"floor":9,"key":"Letter Opener"},{"floor":11,"key":"Molten Egg 2"},{"floor":25,"key":"Orichalcum"},{"floor":26,"key":"Lantern"},{"floor":28,"key":"Snake Skull"}],"event_choices":[{"damage_healed":0,"gold_gain":0,"player_choice":"Take Wound","damage_taken":0,"relics_obtained":["Golden Idol"],"max_hp_gain":0,"max_hp_loss":0,"event_name":"Golden Idol","floor":3,"gold_loss":0,"cards_obtained":["Injury"]},{"cards_removed":["Injury"],"damage_healed":0,"gold_gain":0,"player_choice":"Forget","damage_taken":0,"max_hp_gain":0,"max_hp_loss":0,"event_name":"Living Wall","floor":10,"gold_loss":0},{"damage_healed":0,"gold_gain":0,"player_choice":"Entered Light","damage_taken":13,"max_hp_gain":0,"max_hp_loss":0,"event_name":"Shining Light","floor":12,"gold_loss":0,"cards_upgraded":["Leg Sweep","Backflip"]},{"damage_healed":0,"gold_gain":0,"player_choice":"","damage_taken":6,"max_hp_gain":0,"max_hp_loss":0,"event_name":"Knowing Skull","floor":19,"potions_obtained":[],"gold_loss":0,"cards_obtained":[]},{"damage_healed":0,"gold_gain":0,"player_choice":"Ignored","damage_taken":0,"max_hp_gain":0,"max_hp_loss":0,"event_name":"Beggar","floor":30,"gold_loss":0},{"damage_healed":0,"gold_gain":0,"player_choice":"Ignored","damage_taken":0,"max_hp_gain":0,"max_hp_loss":0,"event_name":"N\u0027loth","floor":31,"gold_loss":0}],"is_beta":false,"boss_relics":[{"not_picked":["Busted Crown","Runic Dome"],"picked":"Fusion Hammer"}],"items_purged_floors":[29],"is_endless":false,"potions_floor_spawned":[2,4,7,13,16,22,25],"killed_by":"Automaton","ascension_level":14}