{"gold_per_floor":[212,227,244,244,259,259,289,289,315,334,353,353,353,134,134,232,232,248,248,47,47,63,63,163,163,236,236,256,288,288,288,288,288],"floor_reached":33,"playtime":900,"items_purged":[],"score":263,"play_id":"13794563-1b9e-4667-8c6a-28441e595e6d","local_time":"20190525005833","is_ascension_mode":false,"campfire_choices":[{"data":"Perfected Strike","floor":6,"key":"SMITH"},{"data":"Perfected Strike","floor":8,"key":"SMITH"},{"data":"Pommel Strike","floor":13,"key":"SMITH"},{"data":"Defend_R","floor":15,"key":"SMITH"},{"data":"Bash","floor":23,"key":"SMITH"},{"data":"Anger","floor":25,"key":"SMITH"},{"data":"Shrug It Off","floor":30,"key":"SMITH"},{"floor":32,"key":"REST"}],"neow_cost":"NONE","seed_source_timestamp":629922483900517,"circlet_count":0,"master_deck":["Strike_R+1","Strike_R+1","Strike_R+1","Strike_R+1","Strike_R+1","Defend_R+1","Defend_R+1","Defend_R+1","Bash+1","Perfected Strike+1","Perfected Strike+1","Cleave","Pommel Strike+1","Anger+1","Deflect","Shrug It Off+1","Streamline+1","Gash+1"],"relics":["Burning Blood","Boot","Potion Belt","PrismaticShard","Black Star","Toolbox","Bronze Scales","Du-Vu Doll","Molten Egg 2","Paper Frog","Art of War","Omamori"],"potions_floor_usage":[7,16,24,24,33,33,33],"damage_taken":[{"damage":6,"enemies":"Cultist","floor":1,"turns":3},{"damage":11,"enemies":"Small Slimes","floor":2,"turns":3},{"damage":3,"enemies":"Jaw Worm","floor":3,"turns":3},{"damage":10,"enemies":"Looter","floor":5,"turns":2},{"damage":15,"enemies":"3 Sentries","floor":7,"turns":7},{"damage":0,"enemies":"3 Louse","floor":10,"turns":3},{"damage":12,"enemies":"Blue Slaver","floor":11,"turns":2},{"damage":54,"enemies":"Hexaghost","floor":16,"turns":9},{"damage":10,"enemies":"3 Byrds","floor":18,"turns":4},{"damage":0,"enemies":"Spheric Guardian","floor":22,"turns":3},{"damage":8,"enemies":"Colosseum Slavers","floor":24,"turns":2},{"damage":17,"enemies":"Colosseum Nobs","floor":24,"turns":4},{"damage":20,"enemies":"Centurion and Healer","floor":28,"turns":5},{"damage":19,"enemies":"Gremlin Leader","floor":29,"turns":5},{"damage":62,"enemies":"Automaton","floor":33,"turns":6}],"seed_played":"3371216202506271692","potions_obtained":[{"floor":3,"key":"EssenceOfSteel"},{"floor":5,"key":"Block Potion"},{"floor":7,"key":"Poison Potion"},{"floor":10,"key":"PowerPotion"},{"floor":11,"key":"BloodPotion"},{"floor":18,"key":"Strength Potion"},{"floor":29,"key":"PowerPotion"}],"is_trial":false,"path_per_floor":["M","M","M","?","M","R","E","R","T","M","M","?","R","$","R","B",null,"M","?","$","?","M","R","?","R","T","?","M","E","R","?","R","B"],"character_chosen":"IRONCLAD","items_purchased":["PrismaticShard","Anger","Toolbox"],"campfire_rested":1,"item_purchase_floors":[14,14,20],"current_hp_per_floor":[80,75,78,78,74,74,65,65,65,71,65,70,70,70,70,22,80,76,76,76,76,80,80,67,67,67,67,53,40,40,25,50,0],"gold":288,"neow_bonus":"HUNDRED_GOLD","is_prod":false,"is_daily":false,"chose_seed":false,"campfire_upgraded":7,"win_rate":0,"timestamp":1558738713,"path_taken":["M","M","M","?","M","R","E","R","T","M","?","?","R","$","R","BOSS","M","?","$","?","M","R","?","R","T","?","M","E","R","?","R","BOSS"],"build_version":"2019-01-23","purchased_purges":0,"victory":false,"max_hp_per_floor":[80,80,80,80,80,80,80,80,80,80,80,80,80,80,80,80,80,80,80,80,80,80,80,80,80,80,80,80,80,80,85,85,85],"card_choices":[{"not_picked":["Thunderclap","Inflame"],"picked":"Perfected Strike","floor":1},{"not_picked":["Fire Breathing","Sever Soul"],"picked":"Clothesline","floor":2},{"not_picked":["Warcry","Combust"],"picked":"Perfected Strike","floor":3},{"not_picked":["Burning Pact","Rampage","Sword Boomerang"],"picked":"SKIP","floor":5},{"not_picked":["Hemokinesis","Battle Trance","Limit Break"],"picked":"SKIP","floor":7},{"not_picked":["Sword Boomerang","Metallicize"],"picked":"Cleave","floor":10},{"not_picked":["Warcry","Ghostly Armor"],"picked":"Pommel Strike","floor":11},{"not_picked":["Coolheaded+1","Barrage+1"],"picked":"Deflect","floor":18},{"not_picked":["Double Energy","Steam Power+1","Chaos"],"picked":"SKIP","floor":22},{"not_picked":["Evolve+1","Self Repair"],"picked":"Streamline+1","floor":28},{"not_picked":["Jack Of All Trades","Blade Dance"],"picked":"Gash+1","floor":29}],"player_experience":401293,"relics_obtained":[{"floor":7,"key":"Boot"},{"floor":9,"key":"Potion Belt"},{"floor":24,"key":"Du-Vu Doll"},{"floor":24,"key":"Molten Egg 2"},{"floor":26,"key":"Paper Frog"},{"floor":29,"key":"Art of War"},{"floor":29,"key":"Omamori"}],"event_choices":[{"cards_removed":["Defend_R"],"damage_healed":0,"gold_gain":0,"player_choice":"Purged","damage_taken":0,"max_hp_gain":0,"max_hp_loss":0,"event_name":"Purifier","floor":4,"gold_loss":0},{"cards_removed":["Clothesline"],"damage_healed":5,"gold_gain":0,"player_choice":"Offered Common","damage_taken":0,"max_hp_gain":0,"max_hp_loss":0,"event_name":"Bonfire Elementals","floor":12,"gold_loss":0},{"cards_removed":["Clothesline"],"damage_healed":5,"gold_gain":0,"player_choice":"Offered Special","damage_taken":0,"max_hp_gain":0,"max_hp_loss":0,"event_name":"Bonfire Elementals","floor":12,"gold_loss":0},{"damage_healed":0,"gold_gain":0,"player_choice":"Simplicity","damage_taken":0,"max_hp_gain":0,"max_hp_loss":0,"event_name":"Back to Basics","floor":19,"gold_loss":0,"cards_upgraded":["Strike_R","Strike_R","Strike_R","Strike_R","Strike_R","Defend_R","Defend_R"]},{"damage_healed":0,"gold_gain":0,"player_choice":"Opened","damage_taken":0,"relics_obtained":["Bronze Scales"],"max_hp_gain":0,"max_hp_loss":0,"event_name":"The Mausoleum","floor":21,"gold_loss":0},{"damage_healed":0,"gold_gain":0,"player_choice":"Fight","damage_taken":0,"max_hp_gain":0,"max_hp_loss":0,"event_name":"Colosseum","floor":24,"gold_loss":0},{"damage_healed":0,"gold_gain":0,"player_choice":"Fought Nobs","damage_taken":0,"max_hp_gain":0,"max_hp_loss":0,"event_name":"Colosseum","floor":24,"gold_loss":0},{"damage_healed":0,"gold_gain":0,"player_choice":"Read","damage_taken":0,"max_hp_gain":0,"max_hp_loss":0,"event_name":"The Library","floor":27,"gold_loss":0,"cards_obtained":["Shrug It Off"]},{"damage_healed":0,"gold_gain":0,"player_choice":"Shed Blood","damage_taken":20,"max_hp_gain":5,"max_hp_loss":0,"event_name":"Forgotten Altar","floor":31,"gold_loss":0}],"is_beta":false,"boss_relics":[{"not_picked":["Runic Pyramid","Empty Cage"],"picked":"Black Star"}],"items_purged_floors":[],"is_endless":false,"potions_floor_spawned":[3,5,7,10,11,18,29],"killed_by":"Automaton","ascension_level":0}