{"gold_per_floor":[112,112,124,143,158,158,187,187,260,260,290,290,325,345,345,440,440,459,459,459,51,66,66,66,66,91,109,126,126],"floor_reached":29,"playtime":1074,"items_purged":["Strike_R"],"score":365,"play_id":"a1e4065c-154b-4245-b171-cc54aa5132aa","local_time":"20190408194736","is_ascension_mode":true,"campfire_choices":[{"data":"Bash","floor":6,"key":"SMITH"},{"data":"Inflame","floor":8,"key":"SMITH"},{"floor":10,"key":"REST"},{"data":"True Grit","floor":15,"key":"SMITH"},{"data":"Metamorphosis","floor":23,"key":"SMITH"},{"data":"True Grit","floor":25,"key":"SMITH"}],"neow_cost":"CURSE","seed_source_timestamp":867471637499796,"circlet_count":0,"master_deck":["AscendersBane","Strike_R","Strike_R+1","Strike_R","Defend_R","Defend_R","Defend_R","Bash+1","Shrug It Off","Inflame+1","Iron Wave+1","Intimidate","Corruption","True Grit+1","True Grit+1","Exhume","Flex","Metamorphosis+1","Necronomicurse"],"relics":["Burning Blood","Incense Burner","Du-Vu Doll","Matryoshka","Whetstone","Mango","Sozu","Dream Catcher","Necronomicon","Kunai","Red Skull"],"potions_floor_usage":[13,16,16,16],"damage_taken":[{"damage":13,"enemies":"Jaw Worm","floor":1,"turns":6},{"damage":1,"enemies":"Cultist","floor":3,"turns":4},{"damage":8,"enemies":"2 Louse","floor":4,"turns":3},{"damage":8,"enemies":"Looter","floor":5,"turns":4},{"damage":38,"enemies":"Gremlin Nob","floor":7,"turns":5},{"damage":15,"enemies":"Lagavulin","floor":11,"turns":5},{"damage":3,"enemies":"3 Sentries","floor":13,"turns":8},{"damage":0,"enemies":"Red Slaver","floor":14,"turns":4},{"damage":38,"enemies":"Hexaghost","floor":16,"turns":10},{"damage":7,"enemies":"Shell Parasite","floor":18,"turns":5},{"damage":15,"enemies":"Spheric Guardian","floor":22,"turns":4},{"damage":0,"enemies":"Snake Plant","floor":27,"turns":3},{"damage":8,"enemies":"Sentry and Sphere","floor":28,"turns":5},{"damage":62,"enemies":"Book of Stabbing","floor":29,"turns":4}],"seed_played":"6043674152825693611","potions_obtained":[{"floor":1,"key":"Fire Potion"},{"floor":4,"key":"Ancient Potion"},{"floor":7,"key":"BloodPotion"},{"floor":13,"key":"SpeedPotion"}],"is_trial":false,"path_per_floor":["M","?","M","M","M","R","E","R","T","R","E","?","E","M","R","B",null,"M","?","?","$","M","R","?","R","T","M","M","E"],"character_chosen":"IRONCLAD","items_purchased":["Dream Catcher","Metamorphosis"],"campfire_rested":1,"item_purchase_floors":[21,21],"current_hp_per_floor":[65,65,70,68,66,66,34,34,34,58,49,42,59,65,65,42,81,80,80,80,80,71,71,55,55,55,61,59,0],"gold":126,"neow_bonus":"ONE_RARE_RELIC","is_prod":false,"is_daily":false,"chose_seed":false,"campfire_upgraded":5,"win_rate":0,"timestamp":1554745656,"path_taken":["M","?","M","?","M","R","E","R","T","R","E","?","E","M","R","BOSS","M","?","?","$","?","R","?","R","T","M","M","E"],"build_version":"2019-01-23","purchased_purges":1,"victory":false,"max_hp_per_floor":[80,80,80,80,80,80,80,80,80,80,80,80,94,94,94,94,94,94,94,94,94,94,94,94,94,94,94,94,94],"card_choices":[{"not_picked":["True Grit","Sword Boomerang"],"picked":"Shrug It Off","floor":1},{"not_picked":["Shrug It Off","True Grit"],"picked":"Inflame","floor":3},{"not_picked":["Uppercut","Second Wind"],"picked":"Iron Wave","floor":4},{"not_picked":["Burning Pact","Clash","Evolve"],"picked":"SKIP","floor":5},{"not_picked":["Pommel Strike","Fiend Fire"],"picked":"Intimidate","floor":7},{"not_picked":["Dark Embrace","Havoc"],"picked":"Corruption","floor":11},{"not_picked":["Bloodletting","Warcry"],"picked":"True Grit","floor":13},{"not_picked":["Perfected Strike","Body Slam"],"picked":"True Grit","floor":14},{"not_picked":["Impervious","Reaper"],"picked":"Exhume","floor":16},{"not_picked":["Dual Wield","Armaments+1"],"picked":"Flex","floor":18},{"not_picked":["Twin Strike","Havoc","Headbutt"],"picked":"SKIP","floor":22},{"not_picked":["Rage","Burning Pact","Reaper"],"picked":"SKIP","floor":27},{"not_picked":["Twin Strike","Clothesline","Wild Strike"],"picked":"SKIP","floor":28}],"player_experience":214328,"relics_obtained":[{"floor":7,"key":"Du-Vu Doll"},{"floor":9,"key":"Matryoshka"},{"floor":11,"key":"Whetstone"},{"floor":13,"key":"Mango"},{"floor":24,"key":"Necronomicon"},{"floor":26,"key":"Kunai"},{"floor":26,"key":"Red Skull"}],"event_choices":[{"cards_removed":["Decay"],"damage_healed":0,"gold_gain":0,"player_choice":"Purged","damage_taken":0,"max_hp_gain":0,"max_hp_loss":0,"event_name":"Purifier","floor":2,"gold_loss":0},{"cards_removed":["Strike_R"],"damage_healed":0,"gold_gain":0,"player_choice":"Card Removal","damage_taken":7,"max_hp_gain":0,"max_hp_loss":0,"event_name":"Golden Wing","floor":12,"gold_loss":0},{"damage_healed":0,"gold_gain":0,"player_choice":"Ignored","damage_taken":0,"max_hp_gain":0,"max_hp_loss":0,"event_name":"Ghosts","floor":19,"gold_loss":0},{"cards_removed":["Defend_R"],"damage_healed":0,"gold_gain":0,"player_choice":"Purged","damage_taken":0,"max_hp_gain":0,"max_hp_loss":0,"event_name":"Purifier","floor":20,"gold_loss":0},{"damage_healed":0,"gold_gain":0,"player_choice":"Obtained Book","damage_taken":16,"max_hp_gain":0,"max_hp_loss":0,"event_name":"Cursed Tome","floor":24,"gold_loss":0}],"is_beta":false,"boss_relics":[{"not_picked":["Fusion Hammer","Black Blood"],"picked":"Sozu"}],"items_purged_floors":[21],"is_endless":false,"potions_floor_spawned":[1,4,7,13,22,27,28],"killed_by":"Book of Stabbing","ascension_level":10}