{"gold_per_floor":[18,18,18,18,32,63,63,76,102,122,122],"floor_reached":11,"playtime":520,"items_purged":[],"score":117,"play_id":"5d1c4a41-52ab-49c7-a9a5-b7720e00a368","local_time":"20190509193314","is_ascension_mode":true,"campfire_choices":[{"floor":7,"key":"REST"}],"neow_cost":"NO_GOLD","seed_source_timestamp":1933108207980981,"circlet_count":0,"master_deck":["AscendersBane","Defend_G","Defend_G","Defend_G","Defend_G","Strike_G","Strike_G","Strike_G","Strike_G","Survivor","Neutralize","Underhanded Strike","Acrobatics","Prepared","Dagger Spray","PiercingWail"],"relics":["Ring of the Snake","Unceasing Top","Omamori","Smiling Mask"],"potions_floor_usage":[11],"damage_taken":[{"damage":1,"enemies":"Small Slimes","floor":1,"turns":5},{"damage":2,"enemies":"2 Louse","floor":5,"turns":3},{"damage":52,"enemies":"3 Sentries","floor":6,"turns":14},{"damage":2,"enemies":"Jaw Worm","floor":8,"turns":4},{"damage":14,"enemies":"Lots of Slimes","floor":10,"turns":3},{"damage":13,"enemies":"Exordium Thugs","floor":11,"turns":5}],"seed_played":"1823102091632710207","potions_obtained":[{"floor":10,"key":"Block Potion"}],"is_trial":false,"path_per_floor":["M","?","?","?","M","E","R","M","T","M","M"],"character_chosen":"THE_SILENT","items_purchased":[],"campfire_rested":1,"item_purchase_floors":[],"current_hp_per_floor":[62,55,55,55,53,1,22,20,20,6,0],"gold":122,"neow_bonus":"ONE_RARE_RELIC","is_prod":false,"is_daily":false,"chose_seed":false,"campfire_upgraded":0,"win_rate":0,"timestamp":1557423194,"path_taken":["M","?","?","?","?","E","R","M","T","?","M"],"build_version":"2019-01-23","purchased_purges":0,"victory":false,"max_hp_per_floor":[70,70,70,70,70,70,70,70,70,70,70],"card_choices":[{"not_picked":["Dagger Spray","Dodge and Roll"],"picked":"Underhanded Strike","floor":1},{"not_picked":["Endless Agony","Sucker Punch"],"picked":"Acrobatics","floor":5},{"not_picked":["Setup","Quick Slash"],"picked":"Prepared","floor":6},{"not_picked":["Flying Knee","Accuracy"],"picked":"Dagger Spray","floor":8},{"not_picked":["Flechettes","Backflip"],"picked":"PiercingWail","floor":10}],"player_experience":282487,"relics_obtained":[{"floor":6,"key":"Omamori"},{"floor":9,"key":"Smiling Mask"}],"event_choices":[{"cards_removed":["Strike_G"],"damage_healed":0,"gold_gain":0,"player_choice":"Card Removal","damage_taken":7,"max_hp_gain":0,"max_hp_loss":0,"event_name":"Golden Wing","floor":2,"gold_loss":0},{"cards_removed":["Defend_G"],"damage_healed":0,"gold_gain":0,"player_choice":"Forget","damage_taken":0,"max_hp_gain":0,"max_hp_loss":0,"event_name":"Living Wall","floor":3,"gold_loss":0},{"damage_healed":0,"gold_gain":0,"player_choice":"Leave","damage_taken":0,"max_hp_gain":0,"max_hp_loss":0,"event_name":"The Cleric","floor":4,"gold_loss":0}],"is_beta":false,"boss_relics":[],"items_purged_floors":[],"is_endless":false,"potions_floor_spawned":[10],"killed_by":"Exordium Thugs","ascension_level":12}