{"gold_per_floor":[112,125,145,145,164,198,198,198,274,337,337,355,382,126,126,126],"floor_reached":16,"playtime":1016,"items_purged":[],"score":160,"play_id":"80d0b0ad-aa2c-415d-a532-06fb5c307e62","local_time":"20190621181032","is_ascension_mode":true,"campfire_choices":[{"data":"Warcry","floor":11,"key":"SMITH"},{"data":"Immolate","floor":15,"key":"SMITH"}],"neow_cost":"NONE","seed_source_timestamp":78152391705771,"circlet_count":0,"master_deck":["Strike_R","Strike_R","Strike_R","Strike_R","Defend_R","Defend_R","Defend_R","Defend_R","Bash","Immolate+1","Iron Wave","Warcry+1","Flame Barrier","Flex","Shrug It Off","Battle Trance"],"relics":["Burning Blood","Nunchaku","Lantern","Self Forming Clay","Juzu Bracelet","Bottled Flame"],"potions_floor_usage":[13,16],"damage_taken":[{"damage":1,"enemies":"Cultist","floor":1,"turns":3},{"damage":0,"enemies":"Small Slimes","floor":2,"turns":2},{"damage":3,"enemies":"Jaw Worm","floor":3,"turns":4},{"damage":6,"enemies":"Blue Slaver","floor":5,"turns":4},{"damage":15,"enemies":"3 Sentries","floor":6,"turns":7},{"damage":1,"enemies":"Looter","floor":12,"turns":4},{"damage":31,"enemies":"Gremlin Nob","floor":13,"turns":5},{"damage":73,"enemies":"The Guardian","floor":16,"turns":17}],"seed_played":"-8501869095624452676","potions_obtained":[{"floor":2,"key":"Block Potion"},{"floor":5,"key":"Weak Potion"},{"floor":13,"key":"LiquidBronze"}],"is_trial":false,"path_per_floor":["M","M","M","?","M","E","$","?","T","?","R","M","E","$","R","B"],"character_chosen":"IRONCLAD","items_purchased":["Bottled Flame"],"campfire_rested":0,"item_purchase_floors":[14],"current_hp_per_floor":[77,80,80,80,80,71,71,64,64,64,64,69,44,44,44,0],"gold":126,"neow_bonus":"ONE_RANDOM_RARE_CARD","is_prod":false,"is_daily":false,"chose_seed":false,"campfire_upgraded":2,"win_rate":0,"timestamp":1561158632,"path_taken":["M","M","M","?","?","E","$","?","T","?","R","M","E","$","R","BOSS"],"build_version":"2019-01-23","purchased_purges":0,"victory":false,"max_hp_per_floor":[80,80,80,80,80,80,80,80,80,80,80,80,80,80,80,80],"card_choices":[{"not_picked":["Heavy Blade","Rage"],"picked":"Iron Wave","floor":1},{"not_picked":["Dual Wield","Pommel Strike"],"picked":"Warcry","floor":2},{"not_picked":["True Grit","Wild Strike"],"picked":"Flame Barrier","floor":3},{"not_picked":["Exhume","Burning Pact"],"picked":"Shrug It Off","floor":5},{"not_picked":["Rupture","Twin Strike"],"picked":"Battle Trance","floor":6},{"not_picked":["Sword Boomerang","Havoc","Flex"],"picked":"SKIP","floor":12},{"not_picked":["Bloodletting","Burning Pact","Thunderclap"],"picked":"SKIP","floor":13}],"player_experience":233618,"relics_obtained":[{"floor":6,"key":"Nunchaku"},{"floor":9,"key":"Self Forming Clay"},{"floor":13,"key":"Juzu Bracelet"}],"event_choices":[{"damage_healed":0,"gold_gain":0,"cards_transformed":["Strike_R"],"player_choice":"Transformed","damage_taken":0,"max_hp_gain":0,"max_hp_loss":0,"event_name":"Transmorgrifier","floor":4,"gold_loss":0,"cards_obtained":["Flex"]},{"damage_healed":0,"gold_gain":0,"player_choice":"Success","damage_taken":7,"relics_obtained":["Lantern"],"max_hp_gain":0,"max_hp_loss":0,"event_name":"Scrap Ooze","floor":8,"gold_loss":0},{"damage_healed":0,"gold_gain":63,"player_choice":"Gained Gold","damage_taken":0,"max_hp_gain":0,"max_hp_loss":0,"event_name":"Golden Wing","floor":10,"gold_loss":0}],"is_beta":false,"boss_relics":[],"items_purged_floors":[],"is_endless":false,"potions_floor_spawned":[2,5,13],"killed_by":"The Guardian","ascension_level":9}