{"gold_per_floor":[118,134,134,144,144,171,186,212,212,41,59,59,69,88,88,184,184,197,197,122,122,137,137],"floor_reached":23,"playtime":3416,"items_purged":["Strike_G"],"score":228,"play_id":"f3a64b40-58ca-45c9-bf00-812c4237eeea","local_time":"20190529210448","is_ascension_mode":false,"campfire_choices":[{"floor":12,"key":"REST"},{"floor":15,"key":"REST"}],"neow_cost":"NONE","seed_source_timestamp":2782793240603152,"circlet_count":0,"master_deck":["Defend_G","Defend_G","Defend_G","Defend_G+1","Defend_G","Strike_G+1","Survivor","Neutralize","Flying Knee","Poisoned Stab","Bane","Backflip","Catalyst","Well Laid Plans","Poisoned Stab","All Out Attack","Burst","PiercingWail","Corpse Explosion","Escape Plan","Writhe","Deflect+1"],"relics":["Ring of the Snake","StoneCalendar","Darkstone Periapt","Bottled Lightning","Kunai","Empty Cage","Blood Vial"],"potions_floor_usage":[16,16,18,18,23],"damage_taken":[{"damage":0,"enemies":"Cultist","floor":1,"turns":4},{"damage":0,"enemies":"Small Slimes","floor":2,"turns":3},{"damage":0,"enemies":"Jaw Worm","floor":4,"turns":3},{"damage":21,"enemies":"Gremlin Nob","floor":6,"turns":5},{"damage":3,"enemies":"2 Fungi Beasts","floor":7,"turns":3},{"damage":16,"enemies":"Lagavulin","floor":8,"turns":7},{"damage":11,"enemies":"Blue Slaver","floor":11,"turns":3},{"damage":12,"enemies":"Large Slime","floor":13,"turns":5},{"damage":0,"enemies":"3 Louse","floor":14,"turns":4},{"damage":25,"enemies":"Slime Boss","floor":16,"turns":7},{"damage":9,"enemies":"Shell Parasite","floor":18,"turns":6},{"damage":20,"enemies":"Spheric Guardian","floor":22,"turns":5},{"damage":47,"enemies":"Gremlin Leader","floor":23,"turns":6}],"seed_played":"5224634869907102654","potions_obtained":[{"floor":4,"key":"Dexterity Potion"},{"floor":11,"key":"SkillPotion"},{"floor":13,"key":"Explosive Potion"},{"floor":16,"key":"Weak Potion"},{"floor":18,"key":"GamblersBrew"}],"is_trial":false,"path_per_floor":["M","M","?","M","?","E","M","E","T","$","M","R","M","M","R","B",null,"M","?","?","?","M","E"],"character_chosen":"THE_SILENT","items_purchased":["Well Laid Plans","Poisoned Stab"],"campfire_rested":2,"item_purchase_floors":[10,10],"current_hp_per_floor":[77,77,62,62,55,34,31,15,15,15,4,27,15,15,38,13,77,68,54,54,60,42,0],"gold":137,"neow_bonus":"TEN_PERCENT_HP_BONUS","is_prod":false,"is_daily":false,"chose_seed":false,"campfire_upgraded":0,"win_rate":0.0,"timestamp":1559178288,"path_taken":["M","M","?","M","?","E","?","E","T","$","M","R","M","M","R","BOSS","M","?","?","?","M","E"],"build_version":"2019-01-23","purchased_purges":1,"victory":false,"max_hp_per_floor":[77,77,77,77,77,77,77,77,77,77,77,77,77,77,77,77,77,77,82,82,88,88,88],"card_choices":[{"not_picked":["Sucker Punch","Quick Slash"],"picked":"Flying Knee","floor":1},{"not_picked":["Die Die Die","Deadly Poison"],"picked":"Poisoned Stab","floor":2},{"not_picked":["Skewer","Dagger Spray"],"picked":"Bane","floor":4},{"not_picked":["Riddle With Holes","Slice","Sucker Punch"],"picked":"SKIP","floor":6},{"not_picked":["Dagger Spray","Bane"],"picked":"Backflip","floor":7},{"not_picked":["Masterful Stab","Backflip"],"picked":"Catalyst","floor":8},{"not_picked":["Outmaneuver","Slice"],"picked":"All Out Attack","floor":11},{"not_picked":["Dagger Spray","Backflip"],"picked":"Burst","floor":13},{"not_picked":["Cloak And Dagger","Slice"],"picked":"PiercingWail","floor":14},{"not_picked":["Phantasmal Killer","After Image"],"picked":"Corpse Explosion","floor":16},{"not_picked":["Heel Hook+1","Deflect+1"],"picked":"Escape Plan","floor":18},{"not_picked":["Escape Plan","Cloak And Dagger"],"picked":"Deflect+1","floor":22}],"player_experience":1083462,"relics_obtained":[{"floor":6,"key":"Darkstone Periapt"},{"floor":8,"key":"Bottled Lightning"},{"floor":9,"key":"Kunai"}],"event_choices":[{"damage_healed":0,"gold_gain":0,"player_choice":"Entered Light","damage_taken":15,"max_hp_gain":0,"max_hp_loss":0,"event_name":"Shining Light","floor":3,"gold_loss":0,"cards_upgraded":["Defend_G","Strike_G"]},{"damage_healed":0,"gold_gain":0,"player_choice":"Success","damage_taken":7,"relics_obtained":["StoneCalendar"],"max_hp_gain":0,"max_hp_loss":0,"event_name":"Scrap Ooze","floor":5,"gold_loss":0},{"damage_healed":0,"gold_gain":0,"player_choice":"Shed Blood","damage_taken":19,"max_hp_gain":5,"max_hp_loss":0,"event_name":"Forgotten Altar","floor":19,"gold_loss":0},{"cards_removed":["Strike_G"],"damage_healed":0,"gold_gain":0,"player_choice":"Gave Gold","damage_taken":0,"max_hp_gain":0,"max_hp_loss":0,"event_name":"Beggar","floor":20,"gold_loss":75},{"damage_healed":0,"gold_gain":0,"player_choice":"Opened","damage_taken":0,"relics_obtained":["Blood Vial"],"max_hp_gain":0,"max_hp_loss":0,"event_name":"The Mausoleum","floor":21,"gold_loss":0,"cards_obtained":["Writhe"]}],"is_beta":false,"boss_relics":[{"not_picked":["Sozu","White Beast Statue"],"picked":"Empty Cage"}],"items_purged_floors":[10],"is_endless":false,"potions_floor_spawned":[4,11,13,16,18],"killed_by":"Gremlin Leader","ascension_level":0}