{"gold_per_floor":[113,113,113,113,133,162,6,6,6,6,6,16,29,49,49,49],"floor_reached":16,"playtime":1314,"items_purged":["Defend_R"],"score":105,"play_id":"655b2029-0c26-4d31-854d-3f6ae1091e02","local_time":"20190623214740","is_ascension_mode":true,"campfire_choices":[{"floor":8,"key":"REST"},{"floor":11,"key":"REST"},{"floor":15,"key":"REST"}],"neow_cost":"NONE","seed_source_timestamp":1307682544504769,"circlet_count":0,"master_deck":["Strike_R","Strike_R","Defend_R","Defend_R","Defend_R","Bash","Limit Break","Fire Breathing","Bloodletting","Flash of Steel","Heavy Blade"],"relics":["Burning Blood","GremlinMask","Mercury Hourglass","Pantograph"],"potions_floor_usage":[5,16],"damage_taken":[{"damage":0,"enemies":"Small Slimes","floor":1,"turns":3},{"damage":32,"enemies":"Jaw Worm","floor":5,"turns":9},{"damage":41,"enemies":"Gremlin Nob","floor":6,"turns":5},{"damage":7,"enemies":"Cultist","floor":12,"turns":3},{"damage":10,"enemies":"Looter","floor":13,"turns":4},{"damage":15,"enemies":"Gremlin Gang","floor":14,"turns":3},{"damage":85,"enemies":"Slime Boss","floor":16,"turns":10}],"seed_played":"-1634574509466078115","potions_obtained":[{"floor":1,"key":"PowerPotion"},{"floor":13,"key":"FearPotion"},{"floor":14,"key":"Ancient Potion"}],"is_trial":false,"path_per_floor":["M","?","?","?","M","E","$","R","T","?","R","M","M","M","R","B"],"character_chosen":"IRONCLAD","items_purchased":["Flash of Steel"],"campfire_rested":3,"item_purchase_floors":[7],"current_hp_per_floor":[80,73,73,73,47,12,12,36,36,36,60,59,55,46,70,0],"gold":49,"neow_bonus":"ONE_RANDOM_RARE_CARD","is_prod":false,"is_daily":false,"chose_seed":false,"campfire_upgraded":0,"win_rate":0,"timestamp":1561340860,"path_taken":["M","?","?","?","?","E","$","R","T","?","R","M","?","M","R","BOSS"],"build_version":"2019-01-23","purchased_purges":1,"victory":false,"max_hp_per_floor":[80,80,80,80,80,80,80,80,80,80,80,80,80,80,80,80],"card_choices":[{"not_picked":["Ghostly Armor","Twin Strike"],"picked":"Fire Breathing","floor":1},{"not_picked":["Feel No Pain","Headbutt","Warcry"],"picked":"SKIP","floor":5},{"not_picked":["Whirlwind","Wild Strike"],"picked":"Bloodletting","floor":6},{"not_picked":["Twin Strike","Sword Boomerang"],"picked":"Heavy Blade","floor":12},{"not_picked":["Shrug It Off","Reckless Charge","Heavy Blade"],"picked":"SKIP","floor":13},{"not_picked":["Havoc","Dual Wield","Bloodletting"],"picked":"SKIP","floor":14}],"player_experience":1193961,"relics_obtained":[{"floor":6,"key":"Mercury Hourglass"},{"floor":9,"key":"Pantograph"}],"event_choices":[{"cards_removed":["Strike_R"],"damage_healed":0,"gold_gain":0,"player_choice":"Card Removal","damage_taken":7,"max_hp_gain":0,"max_hp_loss":0,"event_name":"Golden Wing","floor":2,"gold_loss":0},{"cards_removed":["Strike_R"],"damage_healed":0,"gold_gain":0,"player_choice":"Forget","damage_taken":0,"max_hp_gain":0,"max_hp_loss":0,"event_name":"Living Wall","floor":3,"gold_loss":0},{"damage_healed":0,"gold_gain":0,"player_choice":"Trade","damage_taken":0,"relics_obtained":["GremlinMask"],"max_hp_gain":0,"max_hp_loss":0,"event_name":"FaceTrader","floor":4,"gold_loss":0},{"cards_removed":["Strike_R"],"damage_healed":0,"gold_gain":0,"player_choice":"Offered Basic","damage_taken":0,"max_hp_gain":0,"max_hp_loss":0,"event_name":"Bonfire Elementals","floor":10,"gold_loss":0}],"is_beta":false,"boss_relics":[],"items_purged_floors":[7],"is_endless":false,"potions_floor_spawned":[1,13,14],"killed_by":"Slime Boss","ascension_level":1}