{"gold_per_floor":[112,112,112,132,64,64,99,113,113,126,156,156,156,166,166,261,261,277,288,10,10,10,36,36,36,61,89,89,101,101,111,111,215,215,230,230,241,241,241,267,267,187,187,206,234,234,254,288,288,288,288,288,7,7],"floor_reached":54,"playtime":3604,"items_purged":["Blade Dance","Sucker Punch+1"],"score":968,"play_id":"77b1ac2d-c6f0-4a3f-b312-5e07f8e0f742","local_time":"20190312191707","is_ascension_mode":true,"campfire_choices":[{"data":"Leg Sweep","floor":6,"key":"SMITH"},{"data":"Envenom","floor":12,"key":"SMITH"},{"data":"Sucker Punch","floor":15,"key":"SMITH"},{"floor":24,"key":"REST"},{"floor":30,"key":"REST"},{"floor":32,"key":"REST"},{"floor":41,"key":"REST"},{"floor":49,"key":"RECALL"},{"data":"Neutralize","floor":52,"key":"SMITH"}],"neow_cost":"NONE","seed_source_timestamp":7665331488435,"circlet_count":0,"master_deck":["Survivor+1","Neutralize+1","Leg Sweep+1","Endless Agony","Heel Hook","Envenom+1","Malaise","Grand Finale","Dagger Throw","Unload","Deadly Poison","Poisoned Stab","Quick Slash","Terror+1","Footwork+1","Endless Agony","Endless Agony","Heel Hook","Leg Sweep+1","Adrenaline","Leg Sweep","Madness+1","Madness","Backflip","Choke+1"],"relics":["Ring of the Snake","NeowsBlessing","Sundial","Dream Catcher","Paper Crane","Potion Belt","Pandora\u0027s Box","DollysMirror","The Courier","Oddly Smooth Stone","Torii","Philosopher\u0027s Stone","Regal Pillow","Lantern","Juzu Bracelet","War Paint","Happy Flower"],"potions_floor_usage":[10,27,29,29,31,31,33,45,48,50,50,50,50,50,50,50,54,54],"damage_taken":[{"damage":0,"enemies":"Jaw Worm","floor":1,"turns":1},{"damage":0,"enemies":"Small Slimes","floor":4,"turns":1},{"damage":0,"enemies":"3 Sentries","floor":7,"turns":1},{"damage":0,"enemies":"Cultist","floor":8,"turns":3},{"damage":10,"enemies":"Lots of Slimes","floor":10,"turns":4},{"damage":0,"enemies":"Large Slime","floor":14,"turns":5},{"damage":29,"enemies":"Hexaghost","floor":16,"turns":13},{"damage":0,"enemies":"3 Byrds","floor":18,"turns":5},{"damage":6,"enemies":"2 Thieves","floor":19,"turns":3},{"damage":31,"enemies":"Gremlin Leader","floor":23,"turns":8},{"damage":12,"enemies":"Book of Stabbing","floor":27,"turns":5},{"damage":12,"enemies":"Cultist and Chosen","floor":29,"turns":4},{"damage":8,"enemies":"3 Cultists","floor":31,"turns":6},{"damage":50,"enemies":"Champ","floor":33,"turns":11},{"damage":39,"enemies":"3 Darklings","floor":35,"turns":5},{"damage":0,"enemies":"Orb Walker","floor":37,"turns":2},{"damage":49,"enemies":"Nemesis","floor":40,"turns":7},{"damage":1,"enemies":"Transient","floor":44,"turns":5},{"damage":6,"enemies":"Giant Head","floor":45,"turns":7},{"damage":13,"enemies":"3 Darklings","floor":47,"turns":3},{"damage":0,"enemies":"Nemesis","floor":48,"turns":7},{"damage":17,"enemies":"Donu and Deca","floor":50,"turns":12},{"damage":69,"enemies":"Shield and Spear","floor":54,"turns":7}],"seed_played":"-5195682862176896644","potions_obtained":[{"floor":1,"key":"Poison Potion"},{"floor":4,"key":"Ancient Potion"},{"floor":14,"key":"SpeedPotion"},{"floor":16,"key":"Swift Potion"},{"floor":18,"key":"SteroidPotion"},{"floor":19,"key":"LiquidBronze"},{"floor":27,"key":"Dexterity Potion"},{"floor":29,"key":"SpeedPotion"},{"floor":35,"key":"Energy Potion"},{"floor":44,"key":"EntropicBrew"},{"floor":45,"key":"GamblersBrew"},{"floor":48,"key":"Poison Potion"}],"is_trial":false,"path_per_floor":["M","?","?","M","$","R","E","M","T","M","?","R","?","M","R","B",null,"M","M","$","?","$","E","R","?","T","E","?","M","R","M","R","B",null,"M","?","M","?","?","E","R","$","T","M","E","?","M","E","R","B",null,"R","$","E"],"character_chosen":"THE_SILENT","items_purchased":["Leg Sweep","DollysMirror","PowerPotion","War Paint","Happy Flower"],"campfire_rested":4,"item_purchase_floors":[5,20,53,53,53],"current_hp_per_floor":[70,56,56,56,56,56,56,56,56,46,46,46,46,46,46,17,70,70,64,64,64,64,33,54,54,54,42,29,17,39,31,53,3,75,36,36,36,27,66,17,51,51,51,50,44,44,31,31,31,14,66,66,66,0],"gold":7,"neow_bonus":"THREE_ENEMY_KILL","is_prod":false,"is_daily":false,"chose_seed":false,"campfire_upgraded":4,"win_rate":0,"timestamp":1552414627,"path_taken":["M","?","?","?","$","R","E","M","T","?","?","R","?","M","R","BOSS","M","M","$","?","?","E","R","?","T","E","?","M","R","M","R","BOSS","M","?","?","?","?","E","R","$","T","M","E","?","M","E","R","BOSS","R","$","E"],"build_version":"2019-01-23","purchased_purges":2,"victory":false,"max_hp_per_floor":[70,70,70,70,70,70,70,70,70,70,70,70,70,70,70,70,70,70,70,70,70,70,70,70,70,70,70,75,75,75,75,75,75,75,75,75,75,75,66,66,66,66,66,66,66,66,66,66,66,66,66,66,66,66],"card_choices":[{"not_picked":["Riddle With Holes","Expertise"],"picked":"Dodge and Roll","floor":1},{"not_picked":["Dagger Throw","Well Laid Plans"],"picked":"Sucker Punch","floor":4},{"not_picked":["PiercingWail","Cloak And Dagger"],"picked":"Endless Agony","floor":7},{"not_picked":["Dagger Spray","Quick Slash"],"picked":"Heel Hook","floor":8},{"not_picked":["Bane","Well Laid Plans"],"picked":"Envenom","floor":10},{"not_picked":["Prepared","Cloak And Dagger","Flechettes"],"picked":"SKIP","floor":14},{"not_picked":["Prepared","Cloak And Dagger","Flechettes"],"picked":"SKIP","floor":14},{"not_picked":["Tools of the Trade","Wraith Form v2"],"picked":"Malaise","floor":16},{"not_picked":["Sucker Punch","Dagger Throw+1"],"picked":"Endless Agony","floor":18},{"not_picked":["PiercingWail+1","Terror+1","Tactician+1"],"picked":"SKIP","floor":19},{"not_picked":["Sucker Punch","Calculated Gamble","Quick Slash+1"],"picked":"SKIP","floor":23},{"not_picked":["A Thousand Cuts","Storm of Steel","PiercingWail"],"picked":"SKIP","floor":27},{"not_picked":["Dodge and Roll","Dagger Throw","PiercingWail+1"],"picked":"SKIP","floor":29},{"not_picked":["Dagger Throw","Backflip","Acrobatics+1"],"picked":"SKIP","floor":31},{"not_picked":["Burst","Bullet Time"],"picked":"Adrenaline","floor":33},{"not_picked":["Dagger Throw+1","Cloak And Dagger+1","Quick Slash"],"picked":"SKIP","floor":35},{"not_picked":["Deadly Poison+1","Calculated Gamble+1"],"picked":"Leg Sweep","floor":37},{"not_picked":["Caltrops","Bouncing Flask+1","Unload"],"picked":"SKIP","floor":40},{"not_picked":["Masterful Stab","Acrobatics"],"picked":"Backflip","floor":41},{"not_picked":["Dagger Throw","Terror+1","Acrobatics+1"],"picked":"SKIP","floor":44},{"not_picked":["Dagger Spray+1","Deflect","Dagger Throw"],"picked":"SKIP","floor":45},{"not_picked":["Caltrops","PiercingWail+1"],"picked":"Choke+1","floor":47},{"not_picked":["Envenom","Masterful Stab","Outmaneuver"],"picked":"SKIP","floor":48}],"player_experience":70047,"relics_obtained":[{"floor":7,"key":"Dream Catcher"},{"floor":9,"key":"Paper Crane"},{"floor":23,"key":"The Courier"},{"floor":26,"key":"Oddly Smooth Stone"},{"floor":27,"key":"Torii"},{"floor":40,"key":"Regal Pillow"},{"floor":45,"key":"Lantern"},{"floor":48,"key":"Juzu Bracelet"}],"event_choices":[{"damage_healed":0,"gold_gain":0,"player_choice":"Entered Light","damage_taken":14,"max_hp_gain":0,"max_hp_loss":0,"event_name":"Shining Light","floor":2,"gold_loss":0,"cards_upgraded":["Survivor","Strike_G"]},{"cards_removed":["Dodge and Roll"],"damage_healed":0,"gold_gain":0,"player_choice":"Gave Card","damage_taken":0,"relics_obtained":["Sundial"],"max_hp_gain":0,"max_hp_loss":0,"event_name":"WeMeetAgain","floor":3,"gold_loss":0},{"damage_healed":0,"gold_gain":30,"player_choice":"Searched \u00273\u0027 times","damage_taken":0,"relics_obtained":["Potion Belt"],"max_hp_gain":0,"max_hp_loss":0,"event_name":"Dead Adventurer","floor":11,"gold_loss":0},{"damage_healed":0,"gold_gain":0,"player_choice":"Ignored","damage_taken":0,"max_hp_gain":0,"max_hp_loss":0,"event_name":"Liars Game","floor":13,"gold_loss":0},{"damage_healed":0,"gold_gain":0,"player_choice":"Copied","damage_taken":0,"max_hp_gain":0,"max_hp_loss":0,"event_name":"Duplicator","floor":21,"gold_loss":0,"cards_obtained":["Leg Sweep"]},{"damage_healed":0,"gold_gain":0,"player_choice":"Ignored","damage_taken":0,"max_hp_gain":0,"max_hp_loss":0,"event_name":"Beggar","floor":25,"gold_loss":0},{"damage_healed":0,"gold_gain":0,"player_choice":"Shed Blood","damage_taken":18,"max_hp_gain":5,"max_hp_loss":0,"event_name":"Forgotten Altar","floor":28,"gold_loss":0},{"damage_healed":0,"gold_gain":0,"player_choice":"Forge","damage_taken":0,"max_hp_gain":0,"max_hp_loss":0,"event_name":"Accursed Blacksmith","floor":36,"gold_loss":0,"cards_upgraded":["Footwork"]},{"damage_healed":0,"gold_gain":0,"player_choice":"Embrace Madness","damage_taken":9,"max_hp_gain":0,"max_hp_loss":0,"event_name":"Winding Halls","floor":38,"gold_loss":0,"cards_obtained":["Madness","Madness"]},{"damage_healed":66,"gold_gain":0,"player_choice":"Heal","damage_taken":0,"max_hp_gain":0,"max_hp_loss":9,"event_name":"The Moai Head","floor":39,"gold_loss":0},{"damage_healed":0,"gold_gain":0,"player_choice":"0 cards matched","damage_taken":0,"max_hp_gain":0,"max_hp_loss":0,"event_name":"Match and Keep!","floor":46,"gold_loss":0,"cards_obtained":[]}],"is_beta":false,"boss_relics":[{"not_picked":["White Beast Statue","Orrery"],"picked":"Pandora\u0027s Box"},{"not_picked":["Coffee Dripper","Cursed Key"],"picked":"Philosopher\u0027s Stone"}],"items_purged_floors":[20,42],"is_endless":false,"potions_floor_spawned":[1,4,14,16,18,19,27,29,35,44,45,48],"killed_by":"Shield and Spear","ascension_level":4}