{"gold_per_floor":[12,12,12,23,23,23,33,33,33,46,72,102,114,146,158,247,259,289,320,348,379,1,1],"floor_reached":23,"playtime":1035,"items_purged":["Strike_B"],"score":361,"play_id":"ba34afb5-a547-4f39-a1c5-e60e737b1a0e","local_time":"20190602200751","is_ascension_mode":true,"campfire_choices":[{"data":"Capacitor","floor":6.0,"key":"SMITH"},{"floor":13.0,"key":"REST"},{"data":"Defragment","floor":15.0,"key":"SMITH"}],"neow_cost":"NO_GOLD","seed_source_timestamp":1389965995442913,"circlet_count":0,"master_deck":["AscendersBane","Strike_B","Strike_B","Strike_B","Defend_B","Defend_B","Defend_B","Defend_B","Zap","Dualcast","Core Surge","Coolheaded","Capacitor+1","Genetic Algorithm","Defragment+1","Thunder Strike","Ball Lightning","Glacier","Conserve Battery","Chill","Glacier","Self Repair","Defragment","Self Repair"],"special_seed":0,"relics":["Cracked Core","WarpedTongs","Pantograph","MawBank","Orrery","Mummified Hand"],"potions_floor_usage":[19,21],"damage_taken":[{"damage":7.0,"enemies":"Small Slimes","floor":1.0,"turns":3.0},{"damage":7.0,"enemies":"Jaw Worm","floor":4.0,"turns":2.0},{"damage":0.0,"enemies":"Cultist","floor":7.0,"turns":3.0},{"damage":11.0,"enemies":"3 Louse","floor":10.0,"turns":3.0},{"damage":36.0,"enemies":"Gremlin Nob","floor":11.0,"turns":5.0},{"damage":1.0,"enemies":"Lots of Slimes","floor":12.0,"turns":7.0},{"damage":5.0,"enemies":"Red Slaver","floor":14.0,"turns":3.0},{"damage":15.0,"enemies":"Slime Boss","floor":16.0,"turns":8.0},{"damage":5.0,"enemies":"Shell Parasite","floor":18.0,"turns":9.0},{"damage":0,"enemies":"Chosen","floor":19,"turns":5},{"damage":37,"enemies":"Centurion and Healer","floor":20,"turns":13},{"damage":6,"enemies":"Snake Plant","floor":21,"turns":6},{"damage":38,"enemies":"Slavers","floor":23,"turns":2}],"seed_played":"1431546225497742783","potions_obtained":[{"floor":11.0,"key":"Block Potion"},{"floor":12.0,"key":"AttackPotion"},{"floor":16.0,"key":"Explosive Potion"},{"floor":20,"key":"Swift Potion"},{"floor":21,"key":"LiquidBronze"}],"is_trial":false,"path_per_floor":["M","?","?","M","?","R","M","$","T","M","E","M","R","M","R","B",null,"M","M","M","M","$","E"],"character_chosen":"DEFECT","items_purchased":["Mummified Hand","Self Repair"],"campfire_rested":1,"item_purchase_floors":[22,22],"current_hp_per_floor":[57,57,57,50,50,50,50,50,50,39,3,2,23,18,18,28,60,55,62,32,36,36,0],"gold":1,"neow_bonus":"THREE_RARE_CARDS","is_prod":false,"is_daily":false,"chose_seed":false,"campfire_upgraded":2,"win_rate":0,"timestamp":1559498871,"path_taken":["M","?","?","?","?","R","M","$","T","M","E","M","R","M","R","BOSS","M","?","M","M","$","E"],"build_version":"2019-01-23","purchased_purges":1,"victory":false,"max_hp_per_floor":[71,71,71,71,71,71,71,71,71,71,71,71,71,71,71,71,71,71,71,71,71,71,71],"card_choices":[{"not_picked":["Amplify","Fission"],"picked":"Core Surge","floor":0.0},{"not_picked":["Compile Driver","Gash"],"picked":"Coolheaded","floor":1.0},{"not_picked":["Coolheaded","Compile Driver"],"picked":"Capacitor","floor":4.0},{"not_picked":["Steam Power","Steam"],"picked":"Genetic Algorithm","floor":7.0},{"not_picked":["Rebound","Double Energy","BootSequence"],"picked":"SKIP","floor":10.0},{"not_picked":["Darkness","Sweeping Beam"],"picked":"Defragment","floor":11.0},{"not_picked":["Barrage","Compile Driver"],"picked":"Thunder Strike","floor":12.0},{"not_picked":["Beam Cell","Fusion"],"picked":"Ball Lightning","floor":14.0},{"not_picked":["Cold Snap","Leap"],"picked":"Glacier","floor":17.0},{"not_picked":["Hologram","Undo"],"picked":"Conserve Battery","floor":17.0},{"not_picked":["Fusion","Rebound"],"picked":"Chill","floor":17.0},{"not_picked":["Cold Snap","Darkness"],"picked":"Glacier","floor":17.0},{"not_picked":["Double Energy+1","Redo"],"picked":"Self Repair","floor":18.0},{"not_picked":["Hello World","Hologram","Reprogram"],"picked":"SKIP","floor":19},{"not_picked":["Compile Driver+1","Doom and Gloom+1"],"picked":"Defragment","floor":20},{"not_picked":["Melter","Stack","Auto Shields"],"picked":"SKIP","floor":21}],"player_experience":506801,"relics_obtained":[{"floor":9.0,"key":"Pantograph"},{"floor":11.0,"key":"MawBank"}],"event_choices":[{"damage_healed":0.0,"max_hp_gain":0.0,"max_hp_loss":0.0,"gold_gain":0.0,"event_name":"The Cleric","player_choice":"Leave","floor":2.0,"gold_loss":0.0,"damage_taken":0.0},{"damage_healed":0.0,"max_hp_gain":0.0,"max_hp_loss":0.0,"gold_gain":0.0,"event_name":"Accursed Blacksmith","player_choice":"Rummage","floor":3.0,"gold_loss":0.0,"damage_taken":0.0,"relics_obtained":["WarpedTongs"],"cards_obtained":["Pain"]},{"cards_removed":["Pain"],"damage_healed":0.0,"max_hp_gain":0.0,"max_hp_loss":0.0,"gold_gain":0.0,"event_name":"Purifier","player_choice":"Purged","floor":5.0,"gold_loss":0.0,"damage_taken":0.0}],"is_beta":false,"boss_relics":[{"not_picked":["Coffee Dripper","Empty Cage"],"picked":"Orrery"}],"items_purged_floors":[22],"is_endless":false,"potions_floor_spawned":[11,12,16,20,21],"killed_by":"Slavers","ascension_level":17}