{"gold_per_floor":[116,131,131,7,23,23,48,48,93,123,102,115,115,130,130,235,235,250,250,24,36,54,82,82,82,82,97,97,123,123,142,142,142],"floor_reached":33,"playtime":1684,"items_purged":["Shame","Feel No Pain"],"score":367,"play_id":"a3dd4601-e31d-4e58-a0a4-4ca4af3fb59c","local_time":"20190629235949","is_ascension_mode":true,"campfire_choices":[{"data":"Armaments","floor":6.0,"key":"SMITH"},{"data":"Shrug It Off","floor":13.0,"key":"SMITH"},{"data":"Anger","floor":15.0,"key":"SMITH"},{"data":"Whirlwind","floor":24.0,"key":"SMITH"},{"floor":28.0,"key":"REST"},{"data":"Spot Weakness","floor":30,"key":"SMITH"},{"floor":32,"key":"REST"}],"neow_cost":"CURSE","seed_source_timestamp":1286877651307150,"circlet_count":0,"master_deck":["Strike_R","Strike_R","Strike_R","Strike_R","Defend_R","Defend_R","Defend_R","Defend_R","Bash","Flame Barrier","Armaments+1","Shrug It Off+1","Twin Strike","Ghostly Armor","Sword Boomerang","Anger+1","Feed","Pommel Strike","Writhe","Whirlwind+1","Flame Barrier+1","Clothesline","Battle Trance+1","Spot Weakness+1","Immolate"],"special_seed":0,"relics":["Burning Blood","Orichalcum","Unceasing Top","Vajra","Odd Mushroom","Velvet Choker","Regal Pillow","Happy Flower","Gremlin Horn","Girya"],"potions_floor_usage":[29],"damage_taken":[{"damage":8.0,"enemies":"Jaw Worm","floor":1.0,"turns":5.0},{"damage":5.0,"enemies":"2 Louse","floor":2.0,"turns":4.0},{"damage":0.0,"enemies":"Small Slimes","floor":5.0,"turns":3.0},{"damage":10.0,"enemies":"Gremlin Nob","floor":7.0,"turns":3.0},{"damage":28.0,"enemies":"The Mushroom Lair","floor":10.0,"turns":7.0},{"damage":23.0,"enemies":"Gremlin Gang","floor":12.0,"turns":6.0},{"damage":5.0,"enemies":"3 Louse","floor":14.0,"turns":5.0},{"damage":51.0,"enemies":"Slime Boss","floor":16.0,"turns":9.0},{"damage":13.0,"enemies":"Spheric Guardian","floor":18.0,"turns":5.0},{"damage":2.0,"enemies":"Shell Parasite","floor":21.0,"turns":6.0},{"damage":21.0,"enemies":"Sentry and Sphere","floor":22.0,"turns":7.0},{"damage":46.0,"enemies":"Slavers","floor":23.0,"turns":7.0},{"damage":19.0,"enemies":"Snecko","floor":27.0,"turns":6.0},{"damage":38,"enemies":"Gremlin Leader","floor":29,"turns":8},{"damage":20,"enemies":"Snake Plant","floor":31,"turns":4},{"damage":91,"enemies":"Champ","floor":33,"turns":15}],"seed_played":"-2849232527180448878","potions_obtained":[{"floor":5.0,"key":"BloodPotion"},{"floor":7.0,"key":"PowerPotion"},{"floor":16.0,"key":"Regen Potion"},{"floor":18.0,"key":"AttackPotion"},{"floor":22.0,"key":"GamblersBrew"}],"is_trial":false,"path_per_floor":["M","M","?","$","M","R","E","?","T","?","?","M","R","M","R","B",null,"M","?","$","M","M","E","R","?","T","M","R","E","R","M","R","B"],"character_chosen":"IRONCLAD","items_purchased":["Fire Potion","Whirlwind","SpeedPotion"],"campfire_rested":2,"item_purchase_floors":[4,20,20],"current_hp_per_floor":[94,95,83,83,89,89,85,85,85,63,63,55,55,56,56,11,96,89,89,89,96,84,44,44,44,44,31,76,58,58,44,89,0],"gold":142,"neow_bonus":"TWENTY_PERCENT_HP_BONUS","is_prod":false,"is_daily":false,"chose_seed":false,"campfire_upgraded":5,"win_rate":0,"timestamp":1561877989,"path_taken":["M","M","?","$","M","R","E","?","T","?","?","M","R","M","R","BOSS","M","?","$","M","M","E","R","?","T","?","R","E","R","M","R","BOSS"],"build_version":"2019-01-23","purchased_purges":2,"victory":false,"max_hp_per_floor":[96,96,96,96,96,96,96,96,96,96,96,96,96,96,96,96,96,96,96,96,99,102,102,102,102,102,102,102,102,102,102,102,102],"card_choices":[{"not_picked":["Pommel Strike","Wild Strike"],"picked":"Flame Barrier","floor":1.0},{"not_picked":["Clash","Rampage"],"picked":"Armaments","floor":2.0},{"not_picked":["Dropkick","Warcry"],"picked":"Shrug It Off","floor":5.0},{"not_picked":["Sentinel","Burning Pact"],"picked":"Twin Strike","floor":7.0},{"not_picked":["True Grit","Iron Wave"],"picked":"Ghostly Armor","floor":10.0},{"not_picked":["True Grit","Flex"],"picked":"Sword Boomerang","floor":12.0},{"not_picked":["Body Slam","Thunderclap"],"picked":"Anger","floor":14.0},{"not_picked":["Offering","Double Tap"],"picked":"Feed","floor":16.0},{"not_picked":["Anger+1","Searing Blow+1"],"picked":"Pommel Strike","floor":18.0},{"not_picked":["Seeing Red","Shrug It Off"],"picked":"Flame Barrier+1","floor":21.0},{"not_picked":["Thunderclap+1","Combust"],"picked":"Clothesline","floor":22.0},{"not_picked":["Thunderclap","Sever Soul"],"picked":"Battle Trance","floor":23.0},{"not_picked":["Blood for Blood","Heavy Blade+1","Thunderclap"],"picked":"SKIP","floor":27.0},{"not_picked":["Heavy Blade+1","Armaments"],"picked":"Spot Weakness","floor":29},{"not_picked":["Dual Wield","True Grit"],"picked":"Immolate","floor":31}],"player_experience":519950,"relics_obtained":[{"floor":7.0,"key":"Unceasing Top"},{"floor":9.0,"key":"Vajra"},{"floor":10.0,"key":"Odd Mushroom"},{"floor":23.0,"key":"Happy Flower"},{"floor":26.0,"key":"Gremlin Horn"},{"floor":29,"key":"Girya"}],"event_choices":[{"damage_healed":0.0,"max_hp_gain":0.0,"max_hp_loss":0.0,"gold_gain":0.0,"event_name":"Scrap Ooze","player_choice":"Success","floor":3.0,"gold_loss":0.0,"damage_taken":12.0,"relics_obtained":["Orichalcum"]},{"damage_healed":0.0,"max_hp_gain":0.0,"max_hp_loss":0.0,"gold_gain":0.0,"cards_transformed":["Strike_R"],"event_name":"Living Wall","player_choice":"Change","floor":8.0,"gold_loss":0.0,"damage_taken":0.0,"cards_obtained":["Feel No Pain"]},{"damage_healed":0.0,"max_hp_gain":0.0,"max_hp_loss":0.0,"gold_gain":0.0,"event_name":"Mushrooms","player_choice":"Fought Mushrooms","floor":10.0,"gold_loss":0.0,"damage_taken":0.0},{"damage_healed":0.0,"max_hp_gain":0.0,"max_hp_loss":0.0,"gold_gain":0.0,"event_name":"World of Goop","player_choice":"Left Gold","floor":11.0,"gold_loss":21.0,"damage_taken":0.0},{"damage_healed":0.0,"max_hp_gain":0.0,"max_hp_loss":0.0,"gold_gain":0.0,"event_name":"The Mausoleum","player_choice":"Opened","floor":19.0,"gold_loss":0.0,"damage_taken":0.0,"relics_obtained":["Regal Pillow"],"cards_obtained":["Writhe"]},{"damage_healed":0.0,"max_hp_gain":0.0,"max_hp_loss":0.0,"gold_gain":0.0,"event_name":"Accursed Blacksmith","player_choice":"Forge","floor":25.0,"gold_loss":0.0,"damage_taken":0.0,"cards_upgraded":["Battle Trance"]}],"is_beta":false,"boss_relics":[{"not_picked":["Empty Cage","Runic Cube"],"picked":"Velvet Choker"}],"items_purged_floors":[4,20],"is_endless":false,"potions_floor_spawned":[5,7,16,18,22],"killed_by":"Champ","ascension_level":4}