{"gold_per_floor":[216,73,73,73,92,120,120,20,20,20,48,63,93,93,93,93],"floor_reached":16,"playtime":511,"items_purged":["Strike_R","Strike_R"],"score":122,"play_id":"1a364063-5ec8-4da0-abec-657b4f598ca6","local_time":"20190529213659","is_ascension_mode":true,"campfire_choices":[{"data":"Inflame","floor":7,"key":"SMITH"},{"data":"Metallicize","floor":10,"key":"SMITH"},{"data":"Rampage","floor":15,"key":"SMITH"}],"neow_cost":"NONE","seed_source_timestamp":911516218983889,"circlet_count":0,"master_deck":["Strike_R","Strike_R","Defend_R","Defend_R","Defend_R","Bash","Cleave","Metallicize+1","Wild Strike","Inflame+1","Fire Breathing","Clothesline","Pommel Strike","Rampage+1","Regret"],"relics":["Burning Blood","PreservedInsect","Bag of Preparation","Regal Pillow","Juzu Bracelet","Matryoshka"],"potions_floor_usage":[11,16],"damage_taken":[{"damage":0,"enemies":"Cultist","floor":1,"turns":4},{"damage":8,"enemies":"Jaw Worm","floor":5,"turns":3},{"damage":24,"enemies":"Gremlin Nob","floor":6,"turns":4},{"damage":14,"enemies":"Lagavulin","floor":11,"turns":5},{"damage":3,"enemies":"2 Louse","floor":12,"turns":3},{"damage":10,"enemies":"Gremlin Nob","floor":13,"turns":3},{"damage":45,"enemies":"The Guardian","floor":16,"turns":7}],"seed_played":"-5628922207891471609","potions_obtained":[{"floor":6,"key":"AttackPotion"},{"floor":13,"key":"Energy Potion"}],"is_trial":false,"path_per_floor":["M","$","?","?","M","E","R","$","T","R","E","M","E","?","R","B"],"character_chosen":"IRONCLAD","items_purchased":["Metallicize"],"campfire_rested":0,"item_purchase_floors":[2],"current_hp_per_floor":[80,80,73,73,71,53,53,53,53,53,45,48,44,44,44,0],"gold":93,"neow_bonus":"HUNDRED_GOLD","is_prod":false,"is_daily":false,"chose_seed":false,"campfire_upgraded":3,"win_rate":0,"timestamp":1559183819,"path_taken":["M","?","?","?","?","E","R","$","T","R","E","M","E","?","R","BOSS"],"build_version":"2019-01-23","purchased_purges":2,"victory":false,"max_hp_per_floor":[80,80,80,80,80,80,80,80,80,80,80,80,80,80,80,80],"card_choices":[{"not_picked":["True Grit","Warcry"],"picked":"Cleave","floor":1},{"not_picked":["Shrug It Off","Pummel"],"picked":"Inflame","floor":5},{"not_picked":["Wild Strike","Dark Embrace"],"picked":"Fire Breathing","floor":6},{"not_picked":["Corruption","True Grit"],"picked":"Clothesline","floor":11},{"not_picked":["Combust","True Grit"],"picked":"Pommel Strike","floor":12},{"not_picked":["Reckless Charge","Limit Break"],"picked":"Rampage","floor":13}],"player_experience":30824,"relics_obtained":[{"floor":6,"key":"PreservedInsect"},{"floor":9,"key":"Bag of Preparation"},{"floor":11,"key":"Regal Pillow"},{"floor":13,"key":"Juzu Bracelet"}],"event_choices":[{"cards_removed":["Defend_R"],"damage_healed":0,"gold_gain":0,"player_choice":"Card Removal","damage_taken":7,"max_hp_gain":0,"max_hp_loss":0,"event_name":"Golden Wing","floor":3,"gold_loss":0},{"damage_healed":0,"gold_gain":0,"cards_transformed":["Strike_R"],"player_choice":"Transformed","damage_taken":0,"max_hp_gain":0,"max_hp_loss":0,"event_name":"Transmorgrifier","floor":4,"gold_loss":0,"cards_obtained":["Wild Strike"]},{"damage_healed":0,"gold_gain":0,"player_choice":"Box","damage_taken":0,"relics_obtained":["Matryoshka"],"max_hp_gain":0,"max_hp_loss":0,"event_name":"Big Fish","floor":14,"gold_loss":0,"cards_obtained":["Regret"]}],"is_beta":false,"boss_relics":[],"items_purged_floors":[2,8],"is_endless":false,"potions_floor_spawned":[6,13],"killed_by":"The Guardian","ascension_level":1}