{"gold_per_floor":[115,115,190,190,207,232,232,245,245,262,277,307,307,326,326,401,401,412,296,312,312],"floor_reached":21,"playtime":627,"items_purged":["Strike_R"],"score":432,"play_id":"d281d477-a584-4512-9ec8-b6d986c45554","local_time":"20190617171937","is_ascension_mode":true,"campfire_choices":[{"data":"Bash","floor":7.0,"key":"SMITH"},{"data":"Sword Boomerang","floor":13.0,"key":"SMITH"},{"data":"Flame Barrier","floor":15.0,"key":"SMITH"}],"neow_cost":"NONE","seed_source_timestamp":264543168515132,"circlet_count":0,"master_deck":["AscendersBane","Strike_R","Strike_R","Strike_R","Defend_R","Defend_R","Defend_R","Defend_R","Bash+1","Disarm","Dropkick","Spot Weakness","Disarm","Sword Boomerang+1","Flame Barrier+1","Limit Break","Heavy Blade","Ghostly Armor","Pummel"],"special_seed":0,"relics":["Burning Blood","NeowsBlessing","Dodecahedron","Mummified Hand","Nunchaku","Sozu"],"potions_floor_usage":[21,21],"damage_taken":[{"damage":0.0,"enemies":"2 Louse","floor":1.0,"turns":1.0},{"damage":0.0,"enemies":"Small Slimes","floor":5.0,"turns":1.0},{"damage":0.0,"enemies":"3 Sentries","floor":6.0,"turns":2.0},{"damage":0.0,"enemies":"Cultist","floor":8.0,"turns":3.0},{"damage":0.0,"enemies":"2 Fungi Beasts","floor":10.0,"turns":3.0},{"damage":12.0,"enemies":"3 Louse","floor":11.0,"turns":5.0},{"damage":32.0,"enemies":"Gremlin Nob","floor":12.0,"turns":4.0},{"damage":16.0,"enemies":"Blue Slaver","floor":14.0,"turns":5.0},{"damage":3.0,"enemies":"The Guardian","floor":16.0,"turns":10.0},{"damage":28.0,"enemies":"Chosen","floor":18.0,"turns":5.0},{"damage":17,"enemies":"Shell Parasite","floor":20,"turns":5},{"damage":37,"enemies":"Cultist and Chosen","floor":21,"turns":5}],"seed_played":"2929638558679143654","potions_obtained":[{"floor":1.0,"key":"FearPotion"},{"floor":11.0,"key":"Explosive Potion"},{"floor":12.0,"key":"SkillPotion"},{"floor":14.0,"key":"Explosive Potion"},{"floor":16.0,"key":"PowerPotion"}],"is_trial":false,"path_per_floor":["M","?","?","?","M","E","R","M","T","M","M","E","R","M","R","B",null,"M","$","M","M"],"character_chosen":"IRONCLAD","items_purchased":["Ghostly Armor"],"campfire_rested":0,"item_purchase_floors":[19],"current_hp_per_floor":[74,79,68,68,74,80,80,80,80,80,74,48,48,38,38,41,70,48,48,37,0],"gold":312,"neow_bonus":"THREE_ENEMY_KILL","is_prod":false,"is_daily":false,"chose_seed":false,"campfire_upgraded":3,"win_rate":0,"timestamp":1560784777,"path_taken":["M","?","?","?","M","E","R","?","T","M","M","E","R","M","R","BOSS","M","$","M","M"],"build_version":"2019-01-23","purchased_purges":1,"victory":false,"max_hp_per_floor":[75,80,80,80,80,80,80,80,80,80,80,80,80,80,80,80,80,80,80,80,80],"card_choices":[{"not_picked":["Evolve","Heavy Blade"],"picked":"Disarm","floor":1.0},{"not_picked":["Intimidate","Perfected Strike"],"picked":"Dropkick","floor":5.0},{"not_picked":["Exhume","Heavy Blade"],"picked":"Spot Weakness","floor":6.0},{"not_picked":["Hemokinesis","Flex"],"picked":"Disarm","floor":8.0},{"not_picked":["Evolve","Rupture"],"picked":"Sword Boomerang","floor":10.0},{"not_picked":["Evolve","Blood for Blood"],"picked":"Flame Barrier","floor":11.0},{"not_picked":["Clothesline","Entrench","Second Wind"],"picked":"SKIP","floor":12.0},{"not_picked":["Clash","Armaments","Uppercut"],"picked":"SKIP","floor":14.0},{"not_picked":["Bludgeon","Double Tap"],"picked":"Limit Break","floor":16.0},{"not_picked":["Headbutt","Anger"],"picked":"Heavy Blade","floor":18.0},{"not_picked":["Metallicize","Flex"],"picked":"Pummel","floor":20}],"player_experience":586397,"relics_obtained":[{"floor":6.0,"key":"Dodecahedron"},{"floor":9.0,"key":"Mummified Hand"},{"floor":12.0,"key":"Nunchaku"}],"event_choices":[{"damage_healed":0.0,"max_hp_gain":5.0,"max_hp_loss":0.0,"gold_gain":0.0,"event_name":"Big Fish","player_choice":"Donut","floor":2.0,"gold_loss":0.0,"damage_taken":0.0},{"damage_healed":0.0,"max_hp_gain":0.0,"max_hp_loss":0.0,"gold_gain":75.0,"event_name":"World of Goop","player_choice":"Gather Gold","floor":3.0,"gold_loss":0.0,"damage_taken":11.0},{"cards_removed":["Strike_R"],"damage_healed":0.0,"max_hp_gain":0.0,"max_hp_loss":0.0,"gold_gain":0.0,"event_name":"Bonfire Elementals","player_choice":"Offered Basic","floor":4.0,"gold_loss":0.0,"damage_taken":0.0}],"is_beta":false,"boss_relics":[{"not_picked":["Black Star","White Beast Statue"],"picked":"Sozu"}],"items_purged_floors":[19],"is_endless":false,"potions_floor_spawned":[1,11,12,14,16],"killed_by":"Cultist and Chosen","ascension_level":20}