{"gold_per_floor":[111,36,53,128,148,148,168,168,194,209,209,221,171,196,196,295,295,306,321,43,43,63,63,63,76,76,76],"floor_reached":27,"playtime":1055,"items_purged":["Regret","Strike_B"],"score":215,"play_id":"0689961e-0487-4e5e-82b4-ee82b362a18e","local_time":"20190614180806","is_ascension_mode":false,"campfire_choices":[{"data":"Fusion","floor":6,"key":"SMITH"},{"data":"Zap","floor":8,"key":"SMITH"},{"data":"Static Discharge","floor":15,"key":"SMITH"},{"floor":23,"key":"REST"}],"neow_cost":"CURSE","seed_source_timestamp":7917576266627,"circlet_count":0,"master_deck":["Strike_B","Strike_B","Strike_B","Defend_B","Defend_B","Defend_B","Defend_B","Zap+1","Auto Shields","Barrage","Fusion+1","Redo","Fusion","Static Discharge+1","Meteor Strike","Secret Weapon","Redo"],"relics":["Du-Vu Doll","Bag of Marbles","Happy Flower","Blood Vial","Nuclear Battery","Nloth\u0027s Gift","Calipers"],"potions_floor_usage":[10,14,16,22,25],"damage_taken":[{"damage":0,"enemies":"2 Louse","floor":1,"turns":2},{"damage":1,"enemies":"Jaw Worm","floor":3,"turns":4},{"damage":0,"enemies":"Small Slimes","floor":5,"turns":3},{"damage":5,"enemies":"3 Louse","floor":7,"turns":4},{"damage":2,"enemies":"Gremlin Gang","floor":10,"turns":4},{"damage":0,"enemies":"Large Slime","floor":12,"turns":5},{"damage":17,"enemies":"3 Sentries","floor":14,"turns":9},{"damage":21,"enemies":"Hexaghost","floor":16,"turns":9},{"damage":12,"enemies":"Shell Parasite","floor":18,"turns":6},{"damage":17,"enemies":"Spheric Guardian","floor":19,"turns":3},{"damage":24,"enemies":"Chosen and Byrds","floor":22,"turns":6},{"damage":9,"enemies":"Centurion and Healer","floor":25,"turns":8},{"damage":48,"enemies":"3 Cultists","floor":27,"turns":4}],"seed_played":"-3278969065088989164","potions_obtained":[{"floor":1,"key":"SteroidPotion"},{"floor":5,"key":"AttackPotion"},{"floor":12,"key":"SkillPotion"},{"floor":19,"key":"Ancient Potion"},{"floor":22,"key":"Block Potion"}],"is_trial":false,"path_per_floor":["M","$","M","?","M","R","M","R","T","M","T","M","?","E","R","B",null,"M","M","$","?","M","R","$","M","T","M"],"character_chosen":"DEFECT","items_purchased":["Secret Weapon"],"campfire_rested":1,"item_purchase_floors":[20],"current_hp_per_floor":[75,75,74,63,63,63,58,58,58,56,56,56,56,39,39,20,75,63,48,48,48,26,48,48,41,41,0],"gold":76,"neow_bonus":"ONE_RARE_RELIC","is_prod":false,"is_daily":false,"chose_seed":false,"campfire_upgraded":3,"win_rate":0,"timestamp":1560528486,"path_taken":["M","$","M","?","M","R","M","R","T","M","?","M","?","E","R","BOSS","M","M","$","?","M","R","$","M","T","?"],"build_version":"2019-01-23","purchased_purges":2,"victory":false,"max_hp_per_floor":[75,75,75,75,75,75,75,75,75,75,75,75,75,75,75,75,75,75,75,75,75,75,75,75,75,75,75],"card_choices":[{"not_picked":["Rip and Tear","Scrape"],"picked":"Auto Shields","floor":1},{"not_picked":["Compile Driver","Streamline"],"picked":"Barrage","floor":3},{"not_picked":["Steam","Force Field"],"picked":"Fusion","floor":5},{"not_picked":["Ball Lightning","FTL","Leap"],"picked":"SKIP","floor":7},{"not_picked":["Stack","Turbo"],"picked":"Redo","floor":10},{"not_picked":["Compile Driver","Darkness"],"picked":"Fusion","floor":12},{"not_picked":["Hello World","Sweeping Beam"],"picked":"Static Discharge","floor":14},{"not_picked":["Seek","Echo Form"],"picked":"Meteor Strike","floor":16},{"not_picked":["Rebound+1","Stack","Cold Snap"],"picked":"SKIP","floor":18},{"not_picked":["Ball Lightning","Steam","Hello World"],"picked":"SKIP","floor":19},{"not_picked":["Heatsinks","BootSequence+1"],"picked":"Redo","floor":22},{"not_picked":["Barrage","Cold Snap","Multi-Cast"],"picked":"SKIP","floor":25}],"player_experience":567726,"relics_obtained":[{"floor":9,"key":"Bag of Marbles"},{"floor":11,"key":"Happy Flower"},{"floor":14,"key":"Blood Vial"},{"floor":26,"key":"Calipers"}],"event_choices":[{"damage_healed":0,"gold_gain":75,"player_choice":"Gather Gold","damage_taken":11,"max_hp_gain":0,"max_hp_loss":0,"event_name":"World of Goop","floor":4,"gold_loss":0},{"cards_removed":["Dualcast"],"damage_healed":0,"gold_gain":0,"player_choice":"Card Removal","damage_taken":0,"max_hp_gain":0,"max_hp_loss":0,"event_name":"The Cleric","floor":13,"gold_loss":50},{"damage_healed":0,"gold_gain":0,"player_choice":"Traded Relic","damage_taken":0,"relics_obtained":["Nloth\u0027s Gift"],"max_hp_gain":0,"max_hp_loss":0,"event_name":"N\u0027loth","floor":21,"relics_lost":["Cracked Core"],"gold_loss":0}],"is_beta":false,"boss_relics":[{"not_picked":["FrozenCore","Black Star"],"picked":"Nuclear Battery"}],"items_purged_floors":[2,20],"is_endless":false,"potions_floor_spawned":[1,5,12,19,22],"killed_by":"3 Cultists","ascension_level":0}