{"gold_per_floor":[118,193,118,171,182,182,211,211,211,237,287,287,306,337,337,337],"floor_reached":16,"playtime":403,"items_purged":[],"score":232,"play_id":"c334965e-cbad-415a-8207-4e7f135ee80a","local_time":"20190630111335","is_ascension_mode":true,"campfire_choices":[{"data":"Immolate","floor":6.0,"key":"SMITH"},{"data":"Bash","floor":8.0,"key":"SMITH"},{"data":"Clothesline","floor":12,"key":"SMITH"},{"floor":15,"key":"REST"}],"neow_cost":"NONE","seed_source_timestamp":416135393988042,"circlet_count":0,"master_deck":["AscendersBane","Strike_R","Strike_R","Strike_R","Strike_R","Defend_R","Defend_R","Defend_R","Defend_R","Bash+1","Immolate+1","Bloodletting","Battle Trance","Clothesline+1","Intimidate"],"special_seed":0,"relics":["Burning Blood","Regal Pillow","Ancient Tea Set","Torii","Mango","Thread and Needle"],"potions_floor_usage":[13,14,16],"damage_taken":[{"damage":1.0,"enemies":"Cultist","floor":1.0,"turns":3.0},{"damage":3.0,"enemies":"Small Slimes","floor":5.0,"turns":2.0},{"damage":50.0,"enemies":"Lagavulin","floor":7.0,"turns":9.0},{"damage":8,"enemies":"Gremlin Nob","floor":10,"turns":3},{"damage":9,"enemies":"Jaw Worm","floor":13,"turns":2},{"damage":24,"enemies":"Lagavulin","floor":14,"turns":6},{"damage":56,"enemies":"Hexaghost","floor":16,"turns":9}],"seed_played":"1395615648886475556","potions_obtained":[{"floor":7.0,"key":"Dexterity Potion"},{"floor":10,"key":"BloodPotion"},{"floor":13,"key":"GamblersBrew"}],"is_trial":false,"path_per_floor":["M","?","?","T","M","R","E","R","T","E","?","R","M","E","R","B"],"character_chosen":"IRONCLAD","items_purchased":[],"campfire_rested":1,"item_purchase_floors":[],"current_hp_per_floor":[73,62,62,62,65,65,21,21,21,33,25,25,30,12,53,0],"gold":337,"neow_bonus":"ONE_RANDOM_RARE_CARD","is_prod":false,"is_daily":false,"chose_seed":false,"campfire_upgraded":3,"win_rate":0,"timestamp":1561886015,"path_taken":["M","?","?","?","M","R","E","R","T","E","?","R","M","E","R","BOSS"],"build_version":"2019-01-23","purchased_purges":0,"victory":false,"max_hp_per_floor":[75,75,75,75,75,75,75,75,75,89,89,89,89,89,89,89],"card_choices":[{"not_picked":["Sword Boomerang","Wild Strike"],"picked":"Bloodletting","floor":1.0},{"not_picked":["Wild Strike","Cleave","Corruption"],"picked":"SKIP","floor":5.0},{"not_picked":["Armaments","Barricade"],"picked":"Battle Trance","floor":7.0},{"not_picked":["Clothesline","Sword Boomerang","Rage"],"picked":"SKIP","floor":10},{"not_picked":["Sword Boomerang","Rage"],"picked":"Clothesline","floor":10},{"not_picked":["Combust","Twin Strike","Cleave"],"picked":"SKIP","floor":13},{"not_picked":["Second Wind","Cleave"],"picked":"Intimidate","floor":14}],"player_experience":685672,"relics_obtained":[{"floor":4.0,"key":"Regal Pillow"},{"floor":7.0,"key":"Ancient Tea Set"},{"floor":9.0,"key":"Torii"},{"floor":10,"key":"Mango"},{"floor":14,"key":"Thread and Needle"}],"event_choices":[{"damage_healed":0.0,"max_hp_gain":0.0,"max_hp_loss":0.0,"gold_gain":75.0,"event_name":"World of Goop","player_choice":"Gather Gold","floor":2.0,"gold_loss":0.0,"damage_taken":11.0},{"cards_removed":["Strike_R"],"damage_healed":0.0,"max_hp_gain":0.0,"max_hp_loss":0.0,"gold_gain":0.0,"event_name":"The Cleric","player_choice":"Card Removal","floor":3.0,"gold_loss":75.0,"damage_taken":0.0},{"damage_healed":0,"gold_gain":50,"player_choice":"Touch","damage_taken":8,"max_hp_gain":0,"max_hp_loss":0,"event_name":"FaceTrader","floor":11,"gold_loss":0}],"is_beta":false,"boss_relics":[],"items_purged_floors":[],"is_endless":false,"potions_floor_spawned":[7,10,13],"killed_by":"Hexaghost","ascension_level":20}