{"gold_per_floor":[118,68,68,84,84,100,100,25,25,52,52],"floor_reached":11,"playtime":539,"items_purged":["Strike_G"],"score":71,"play_id":"fd587ac9-4381-4043-a102-c20e114714cf","local_time":"20190606220817","is_ascension_mode":false,"campfire_choices":[{"data":"Noxious Fumes","floor":7,"key":"SMITH"}],"neow_cost":"TEN_PERCENT_HP_LOSS","seed_source_timestamp":3480669754816554,"circlet_count":0,"master_deck":["Defend_G","Defend_G","Defend_G","Defend_G","Defend_G","Strike_G","Survivor","Neutralize","Heel Hook","Predator+1","Deadly Poison+1","Noxious Fumes+1","Adrenaline"],"relics":["Ring of the Snake","Mummified Hand","Turnip","The Courier"],"potions_floor_usage":[],"damage_taken":[{"damage":0,"enemies":"2 Louse","floor":1,"turns":2},{"damage":3,"enemies":"Jaw Worm","floor":4,"turns":2},{"damage":0,"enemies":"Small Slimes","floor":6,"turns":2},{"damage":38,"enemies":"Gremlin Nob","floor":10,"turns":5}],"seed_played":"-1610054962496577306","potions_obtained":[{"floor":10,"key":"Regen Potion"}],"is_trial":false,"path_per_floor":["M","?","?","M","T","M","R","$","T","E","?"],"character_chosen":"THE_SILENT","items_purchased":[],"campfire_rested":0,"item_purchase_floors":[],"current_hp_per_floor":[63,63,50,47,47,47,47,47,47,9,0],"gold":52,"neow_bonus":"TRANSFORM_TWO_CARDS","is_prod":false,"is_daily":false,"chose_seed":false,"campfire_upgraded":1,"win_rate":0.0,"timestamp":1559873297,"path_taken":["M","?","?","M","?","M","R","$","T","E","?"],"build_version":"2019-01-23","purchased_purges":1,"victory":false,"max_hp_per_floor":[63,63,63,63,63,63,63,63,63,63,63],"card_choices":[{"not_picked":["Sucker Punch","Dash"],"picked":"Deadly Poison","floor":1},{"not_picked":["Eviscerate","Acrobatics","Backflip"],"picked":"SKIP","floor":4},{"not_picked":["Acrobatics","Poisoned Stab"],"picked":"Noxious Fumes","floor":6},{"not_picked":["Cloak And Dagger","Backflip"],"picked":"Adrenaline","floor":10}],"player_experience":1115841,"relics_obtained":[{"floor":5,"key":"Mummified Hand"},{"floor":9,"key":"Turnip"},{"floor":10,"key":"The Courier"}],"event_choices":[{"cards_removed":["Strike_G"],"damage_healed":0,"gold_gain":0,"player_choice":"Card Removal","damage_taken":0,"max_hp_gain":0,"max_hp_loss":0,"event_name":"The Cleric","floor":2,"gold_loss":50},{"damage_healed":0,"gold_gain":0,"player_choice":"Entered Light","damage_taken":13,"max_hp_gain":0,"max_hp_loss":0,"event_name":"Shining Light","floor":3,"gold_loss":0,"cards_upgraded":["Predator","Deadly Poison"]}],"is_beta":false,"boss_relics":[],"items_purged_floors":[8],"is_endless":false,"potions_floor_spawned":[10],"ascension_level":0}