{"gold_per_floor":[118,131,148,166,185,185,198,231,231,262,262,262,3,30,30,125,125,142,152,169,169,34,34,65,77,77,77,106,118,137,172,172,268,268,279,296,296,296,89,89,118,118,118,118,118,148,159,214,214,214,214,214,89,124,124],"floor_reached":56,"playtime":1772,"items_purged":["Strike_B","Strike_B","Strike_B"],"score":1387,"play_id":"1842c4aa-658e-40ef-9b3b-cc52283961ee","local_time":"20190530152138","is_ascension_mode":true,"campfire_choices":[{"data":"Zap","floor":6,"key":"SMITH"},{"data":"Defragment","floor":12,"key":"SMITH"},{"data":"Apotheosis","floor":15,"key":"SMITH"},{"data":"Capacitor","floor":23,"key":"SMITH"},{"floor":27,"key":"REST"},{"data":"Biased Cognition","floor":32,"key":"SMITH"},{"data":"Seek","floor":40,"key":"SMITH"},{"data":"Panacea","floor":42,"key":"SMITH"},{"floor":44,"key":"RECALL"},{"floor":49,"key":"REST"},{"data":"Fusion","floor":52,"key":"SMITH"}],"neow_cost":"NONE","seed_source_timestamp":7223187846944,"circlet_count":0,"master_deck":["Strike_B","Defend_B","Defend_B","Defend_B","Defend_B","Zap+1","Dualcast","Cold Snap","Undo","Ball Lightning","Ball Lightning","Electrodynamics","Defragment+1","Apotheosis+1","Echo Form","Loop+1","Hologram","Capacitor+1","Seek+1","Skim+1","Biased Cognition+1","Static Discharge","Rainbow","Defragment+1","Panacea+1","Fusion+1","BootSequence"],"relics":["FrozenCore","StoneCalendar","Dream Catcher","Bag of Marbles","Potion Belt","Pear","Lantern","Orichalcum","Cables","Juzu Bracelet","Inserter","OrangePellets","Bronze Scales","Darkstone Periapt","Emotion Chip","Incense Burner"],"potions_floor_usage":[30,30,55,55,55,55,55],"damage_taken":[{"damage":1,"enemies":"Jaw Worm","floor":1,"turns":3},{"damage":1,"enemies":"Cultist","floor":2,"turns":3},{"damage":0,"enemies":"Small Slimes","floor":3,"turns":3},{"damage":0,"enemies":"2 Fungi Beasts","floor":4,"turns":4},{"damage":0,"enemies":"Looter","floor":5,"turns":3},{"damage":2,"enemies":"3 Louse","floor":7,"turns":3},{"damage":21,"enemies":"Gremlin Nob","floor":8,"turns":4},{"damage":6,"enemies":"Lagavulin","floor":10,"turns":6},{"damage":0,"enemies":"Gremlin Nob","floor":14,"turns":2},{"damage":3,"enemies":"Slime Boss","floor":16,"turns":6},{"damage":13,"enemies":"2 Thieves","floor":18,"turns":3},{"damage":2,"enemies":"Shell Parasite","floor":19,"turns":6},{"damage":2,"enemies":"Cultist and Chosen","floor":20,"turns":5},{"damage":16,"enemies":"Gremlin Leader","floor":24,"turns":7},{"damage":14,"enemies":"Snecko","floor":25,"turns":5},{"damage":24,"enemies":"Slavers","floor":28,"turns":4},{"damage":13,"enemies":"Shelled Parasite and Fungi","floor":29,"turns":7},{"damage":0,"enemies":"Centurion and Healer","floor":30,"turns":7},{"damage":27,"enemies":"Book of Stabbing","floor":31,"turns":5},{"damage":9,"enemies":"Automaton","floor":33,"turns":10},{"damage":0,"enemies":"Orb Walker","floor":35,"turns":4},{"damage":25,"enemies":"3 Darklings","floor":36,"turns":3},{"damage":3,"enemies":"Giant Head","floor":41,"turns":9},{"damage":10,"enemies":"Nemesis","floor":46,"turns":7},{"damage":0,"enemies":"Transient","floor":47,"turns":5},{"damage":16,"enemies":"2 Orb Walkers","floor":48,"turns":4},{"damage":20,"enemies":"Awakened One","floor":50,"turns":9},{"damage":28,"enemies":"Shield and Spear","floor":54,"turns":7},{"damage":0,"enemies":"The Heart","floor":55,"turns":8}],"seed_played":"914897569937361848","potions_obtained":[{"floor":1,"key":"Poison Potion"},{"floor":4,"key":"Weak Potion"},{"floor":7,"key":"Regen Potion"},{"floor":11,"key":"Regen Potion"},{"floor":16,"key":"SpeedPotion"},{"floor":24,"key":"Fire Potion"},{"floor":28,"key":"SpeedPotion"},{"floor":31,"key":"Dexterity Potion"},{"floor":33,"key":"FocusPotion"}],"is_trial":false,"path_per_floor":["M","M","M","M","M","R","M","E","T","E","?","R","$","E","R","B",null,"M","M","M","?","$","R","E","M","T","R","E","M","M","E","R","B",null,"M","M","?","?","$","R","E","R","T","R","?","E","M","?","R","B",null,"R","$","E","B",null],"character_chosen":"DEFECT","items_purchased":["Apotheosis","Capacitor","OrangePellets"],"campfire_rested":2,"item_purchase_floors":[13,22,39],"current_hp_per_floor":[81,80,80,80,80,80,78,57,57,51,51,51,51,51,51,48,82,69,67,65,75,75,75,59,45,45,72,48,35,84,57,57,48,92,92,67,67,67,67,67,64,64,64,64,64,54,54,38,64,44,87,87,87,59,59],"gold":124,"neow_bonus":"TEN_PERCENT_HP_BONUS","is_prod":false,"is_daily":false,"chose_seed":false,"campfire_upgraded":8,"win_rate":0,"timestamp":1559222498,"path_taken":["M","M","M","M","M","R","M","E","T","E","?","R","?","E","R","BOSS","M","M","M","?","$","R","E","M","T","R","E","M","?","E","R","BOSS","M","M","?","?","$","R","E","R","T","R","?","E","M","?","R","BOSS","R","$","E","BOSS"],"build_version":"2019-05-28","purchased_purges":3,"victory":true,"max_hp_per_floor":[82,82,82,82,82,82,82,82,82,82,82,82,82,82,82,82,82,82,82,82,92,92,92,92,92,92,92,92,92,92,92,92,92,92,92,92,92,92,92,92,92,92,92,92,87,87,87,87,87,87,87,87,87,87,87],"card_choices":[{"not_picked":["Reprogram","Streamline","Turbo"],"picked":"SKIP","floor":1},{"not_picked":["FTL","Beam Cell"],"picked":"Cold Snap","floor":2},{"not_picked":["Go for the Eyes","Redo"],"picked":"Undo","floor":3},{"not_picked":["Gash","Rebound"],"picked":"Ball Lightning","floor":4},{"not_picked":["Reinforced Body","Steam"],"picked":"Ball Lightning","floor":5},{"not_picked":["Force Field","Double Energy","White Noise"],"picked":"SKIP","floor":7},{"not_picked":["Steam","Consume"],"picked":"Electrodynamics","floor":8},{"not_picked":["Genetic Algorithm","Reinforced Body"],"picked":"Defragment","floor":10},{"not_picked":["Steam Power","Streamline","Redo"],"picked":"SKIP","floor":14},{"not_picked":["Core Surge","Chill"],"picked":"Echo Form","floor":16},{"not_picked":["Ball Lightning","Leap","Beam Cell"],"picked":"SKIP","floor":18},{"not_picked":["Reinforced Body","Scrape+1"],"picked":"Loop+1","floor":19},{"not_picked":["Hello World","Ball Lightning"],"picked":"Hologram","floor":20},{"not_picked":["Steam+1","Coolheaded"],"picked":"Seek","floor":24},{"not_picked":["Go for the Eyes+1","Hello World"],"picked":"Skim+1","floor":25},{"not_picked":["Reprogram","Gash","Storm"],"picked":"SKIP","floor":28},{"not_picked":["Sweeping Beam","Cold Snap","Beam Cell+1"],"picked":"SKIP","floor":29},{"not_picked":["Ball Lightning","Heatsinks"],"picked":"Biased Cognition","floor":30},{"not_picked":["Gash","Turbo"],"picked":"Static Discharge","floor":31},{"not_picked":["Meteor Strike","Reboot"],"picked":"Rainbow","floor":33},{"not_picked":["Steam","Chaos"],"picked":"Defragment+1","floor":35},{"not_picked":["Sweeping Beam+1","Reprogram+1","Cold Snap"],"picked":"SKIP","floor":36},{"not_picked":["The Bomb","Deep Breath"],"picked":"Panacea","floor":37},{"not_picked":["Beam Cell+1","Auto Shields","Streamline+1"],"picked":"SKIP","floor":41},{"not_picked":["Steam","Sweeping Beam+1","Streamline+1"],"picked":"SKIP","floor":46},{"not_picked":["Redo+1","Storm"],"picked":"Fusion","floor":47},{"not_picked":["Compile Driver","Creative AI"],"picked":"BootSequence","floor":48},{"not_picked":["Gash+1","Hologram+1","Chaos"],"picked":"SKIP","floor":54}],"player_experience":1616562,"relics_obtained":[{"floor":8,"key":"StoneCalendar"},{"floor":9,"key":"Dream Catcher"},{"floor":10,"key":"Bag of Marbles"},{"floor":14,"key":"Potion Belt"},{"floor":24,"key":"Lantern"},{"floor":26,"key":"Orichalcum"},{"floor":28,"key":"Cables"},{"floor":31,"key":"Juzu Bracelet"},{"floor":41,"key":"Bronze Scales"},{"floor":46,"key":"Darkstone Periapt"},{"floor":48,"key":"Emotion Chip"},{"floor":54,"key":"Incense Burner"}],"event_choices":[{"damage_healed":0,"gold_gain":0,"player_choice":"Got Potions","damage_taken":0,"max_hp_gain":0,"max_hp_loss":0,"event_name":"Lab","floor":11,"gold_loss":0},{"damage_healed":0,"gold_gain":0,"player_choice":"Gave Potion","damage_taken":0,"relics_obtained":["Pear"],"max_hp_gain":0,"max_hp_loss":0,"event_name":"WeMeetAgain","floor":21,"gold_loss":0},{"damage_healed":0,"gold_gain":0,"player_choice":"Memory 1","damage_taken":0,"max_hp_gain":0,"max_hp_loss":0,"event_name":"SensoryStone","floor":37,"gold_loss":0},{"damage_healed":0,"gold_gain":0,"player_choice":"Ignored","damage_taken":0,"max_hp_gain":0,"max_hp_loss":0,"event_name":"Tomb of Lord Red Mask","floor":38,"gold_loss":0},{"damage_healed":0,"gold_gain":0,"player_choice":"Max HP","damage_taken":0,"max_hp_gain":0,"max_hp_loss":5,"event_name":"Winding Halls","floor":45,"gold_loss":0},{"damage_healed":0,"gold_gain":0,"player_choice":"Fight","damage_taken":0,"max_hp_gain":0,"max_hp_loss":0,"event_name":"Mysterious Sphere","floor":48,"gold_loss":0}],"is_beta":true,"boss_relics":[{"not_picked":["Pandora\u0027s Box","Cursed Key"],"picked":"FrozenCore"},{"not_picked":["Empty Cage","Orrery"],"picked":"Inserter"}],"items_purged_floors":[13,22,53],"is_endless":false,"potions_floor_spawned":[1,4,7,8,16,24,28,31,33,36,41,48],"ascension_level":1}