{"gold_per_floor":[112,193,203,217,292,292,303,303,303,478,753,88,106,120,120,222,222,240,240,240,7,0,0,0,14,14,58,58,95,105,105],"floor_reached":31,"playtime":4490,"items_purged":["Regret"],"score":227,"play_id":"af8e11ee-9830-4336-8b88-50e238f8f645","local_time":"20190422190608","is_ascension_mode":false,"campfire_choices":[{"floor":6,"key":"REST"},{"data":"Thunderclap","floor":8,"key":"SMITH"},{"floor":15,"key":"REST"},{"data":"Bloodletting","floor":23,"key":"SMITH"},{"floor":28,"key":"REST"}],"neow_cost":"NONE","seed_source_timestamp":847893482891631,"circlet_count":0,"master_deck":["Strike_R","Strike_R","Strike_R","Defend_R","Defend_R","Defend_R","Bash","Combust","Thunderclap+1","Cleave","Metallicize","Doubt","The Bomb","Armaments","Bloodletting+1","Feed+1","Demon Form+1","Intimidate+1","Battle Trance+1","Rupture","Rage","HandOfGreed+1","Sword Boomerang+1","Infernal Blade","Armaments","Rage","Double Tap"],"relics":["Eternal Feather","Sundial","Molten Egg 2","Regal Pillow","Bottled Lightning","Astrolabe","Gremlin Horn"],"potions_floor_usage":[],"damage_taken":[{"damage":10,"enemies":"Cultist","floor":1,"turns":4},{"damage":7,"enemies":"Small Slimes","floor":3,"turns":3},{"damage":7,"enemies":"2 Louse","floor":4,"turns":3},{"damage":7,"enemies":"2 Fungi Beasts","floor":7,"turns":2},{"damage":14,"enemies":"Looter","floor":13,"turns":4},{"damage":10,"enemies":"Red Slaver","floor":14,"turns":3},{"damage":53,"enemies":"Slime Boss","floor":16,"turns":9},{"damage":23,"enemies":"Spheric Guardian","floor":18,"turns":4},{"damage":25,"enemies":"3 Byrds","floor":25,"turns":3},{"damage":40,"enemies":"Cultist and Chosen","floor":27,"turns":6},{"damage":36,"enemies":"Centurion and Healer","floor":29,"turns":5},{"damage":13,"enemies":"3 Cultists","floor":30,"turns":4},{"damage":9,"enemies":"Snake Plant","floor":31,"turns":1}],"seed_played":"-4312676291855817566","potions_obtained":[{"floor":4,"key":"Weak Potion"},{"floor":7,"key":"Swift Potion"},{"floor":16,"key":"SpeedPotion"},{"floor":27,"key":"SteroidPotion"}],"is_trial":false,"path_per_floor":["M","T","M","M","?","R","M","R","T","?","?","$","M","M","R","B",null,"M","?","?","$","?","R","$","M","T","M","R","M","M","M"],"character_chosen":"IRONCLAD","items_purchased":["The Bomb","Regal Pillow","Bottled Lightning","HandOfGreed+1","Sword Boomerang+1"],"campfire_rested":3,"item_purchase_floors":[12,12,12,21,21],"current_hp_per_floor":[70,70,63,56,45,75,68,74,74,74,74,74,60,50,80,27,80,57,57,57,57,57,69,69,44,44,4,58,22,9,0],"gold":105,"neow_bonus":"BOSS_RELIC","is_prod":false,"is_daily":false,"chose_seed":false,"campfire_upgraded":2,"win_rate":0.0,"timestamp":1555974368,"path_taken":["M","?","M","M","?","R","M","R","T","?","?","$","?","M","R","BOSS","M","?","?","$","?","R","$","M","T","M","R","M","M","M"],"build_version":"2019-01-23","purchased_purges":1,"victory":false,"max_hp_per_floor":[80,80,80,80,80,80,80,80,80,80,80,80,80,80,80,80,80,80,80,80,80,80,80,80,80,80,80,80,80,80,80],"card_choices":[{"not_picked":["Warcry","Flex"],"picked":"Combust","floor":1},{"not_picked":["True Grit","Shrug It Off"],"picked":"Thunderclap","floor":3},{"not_picked":["Metallicize","Ghostly Armor"],"picked":"Cleave","floor":4},{"not_picked":["Sword Boomerang","Pommel Strike"],"picked":"Metallicize","floor":7},{"not_picked":["Perfected Strike+1","Clash+1"],"picked":"Armaments","floor":13},{"not_picked":["Feed+1","Flex"],"picked":"Bloodletting","floor":14},{"not_picked":["Demon Form","Berserk"],"picked":"Feed+1","floor":16},{"not_picked":["Pommel Strike+1","Anger+1"],"picked":"Rupture","floor":18},{"not_picked":["Clothesline+1","Feel No Pain"],"picked":"Infernal Blade","floor":25},{"not_picked":["Flex","Warcry"],"picked":"Armaments","floor":27},{"not_picked":["Fire Breathing","Clash+1"],"picked":"Rage","floor":29},{"not_picked":["Twin Strike+1","Anger+1"],"picked":"Double Tap","floor":30}],"player_experience":5330,"relics_obtained":[{"floor":2,"key":"Sundial"},{"floor":9,"key":"Molten Egg 2"},{"floor":26,"key":"Gremlin Horn"}],"event_choices":[{"damage_healed":0,"gold_gain":75,"player_choice":"Gather Gold","damage_taken":11,"max_hp_gain":0,"max_hp_loss":0,"event_name":"World of Goop","floor":5,"gold_loss":0},{"damage_healed":0,"gold_gain":175,"player_choice":"AGREE","damage_taken":0,"max_hp_gain":0,"max_hp_loss":0,"event_name":"Liars Game","floor":10,"gold_loss":0,"cards_obtained":["Doubt"]},{"damage_healed":0,"gold_gain":275,"player_choice":"Desecrate","damage_taken":0,"max_hp_gain":0,"max_hp_loss":0,"event_name":"Golden Shrine","floor":11,"gold_loss":0,"cards_obtained":["Regret"]},{"damage_healed":0,"gold_gain":0,"player_choice":"Read","damage_taken":0,"max_hp_gain":0,"max_hp_loss":0,"event_name":"The Library","floor":19,"gold_loss":0,"cards_obtained":["Rage"]},{"damage_healed":0,"gold_gain":0,"player_choice":"Ignored","damage_taken":0,"max_hp_gain":0,"max_hp_loss":0,"event_name":"Vampires","floor":20,"gold_loss":0},{"damage_healed":0,"gold_gain":0,"player_choice":"Paid Fearfully","damage_taken":0,"max_hp_gain":0,"max_hp_loss":0,"event_name":"Masked Bandits","floor":22,"gold_loss":7}],"is_beta":false,"boss_relics":[{"not_picked":["Coffee Dripper","Runic Dome"],"picked":"Astrolabe"}],"items_purged_floors":[12],"is_endless":false,"potions_floor_spawned":[4,7,16,27,29],"killed_by":"Snake Plant","ascension_level":0}