{"gold_per_floor":[111,124,16,30,41,41,75,75,75,88,88,102,102,134,134,208,208,225,243,37,66,80,80,106,106,106,120,140,140,168,184,184,255,255,266,266,1265,1290,1300,1328,1218,1218,1218,109,124,124,149,166,166,166,166,166,166,23,57,57],"floor_reached":57,"playtime":6528,"items_purged":["Normality","Defend_B"],"score":2724,"play_id":"0f3b8642-5261-4ccc-be4d-945691917ff1","local_time":"20190630141305","is_ascension_mode":true,"campfire_choices":[{"data":"Rip and Tear","floor":6.0,"key":"SMITH"},{"data":"Zap","floor":8.0,"key":"SMITH"},{"data":"Self Repair","floor":11.0,"key":"SMITH"},{"data":"Reinforced Body","floor":15.0,"key":"SMITH"},{"data":"Seek","floor":25.0,"key":"SMITH"},{"data":"Coolheaded","floor":29.0,"key":"SMITH"},{"floor":32.0,"key":"RECALL"},{"data":"Capacitor","floor":42.0,"key":"SMITH"},{"data":"Machine Learning","floor":46.0,"key":"SMITH"},{"data":"Defragment","floor":49.0,"key":"SMITH"},{"data":"Biased Cognition","floor":53.0,"key":"SMITH"}],"neow_cost":"NONE","seed_source_timestamp":92463797788427,"circlet_count":0,"master_deck":["AscendersBane","Defend_B","Defend_B","Defend_B","Zap+1","Dualcast","Self Repair+1","Rip and Tear+1","Rebound","Cold Snap","Conserve Battery","Compile Driver","Reinforced Body+1","Electrodynamics","Seek+1","Self Repair+1","FTL+1","Redo+1","Coolheaded+1","Doom and Gloom+1","Reprogram+1","Conserve Battery","Echo Form","Stack+1","Buffer+1","Biased Cognition+1","Capacitor+1","Machine Learning+1","Conserve Battery+1","Barrage+1","BootSequence+1","Echo Form","Redo+1","Defragment+1","Coolheaded","Chill+1"],"special_seed":0,"relics":["Cracked Core","Prayer Wheel","Dead Branch","StoneCalendar","Sundial","Astrolabe","Red Mask","Blue Candle","Cables","Orichalcum","Runic Dome","The Courier","Torii","DataDisk","Pantograph","Ancient Tea Set","Incense Burner","FossilizedHelix","Unceasing Top","Shuriken"],"potions_floor_usage":[56,56],"damage_taken":[{"damage":1.0,"enemies":"Cultist","floor":1.0,"turns":4.0},{"damage":4.0,"enemies":"Jaw Worm","floor":2.0,"turns":5.0},{"damage":3.0,"enemies":"2 Louse","floor":4.0,"turns":2.0},{"damage":7.0,"enemies":"Blue Slaver","floor":5.0,"turns":3.0},{"damage":14.0,"enemies":"3 Sentries","floor":7.0,"turns":7.0},{"damage":6.0,"enemies":"3 Louse","floor":10.0,"turns":3.0},{"damage":2.0,"enemies":"Red Slaver","floor":12.0,"turns":3.0},{"damage":5.0,"enemies":"Lagavulin","floor":14.0,"turns":7.0},{"damage":20.0,"enemies":"The Guardian","floor":16.0,"turns":9.0},{"damage":0.0,"enemies":"Spheric Guardian","floor":18.0,"turns":4.0},{"damage":31.0,"enemies":"Shell Parasite","floor":19.0,"turns":6.0},{"damage":0.0,"enemies":"Masked Bandits","floor":21.0,"turns":2.0},{"damage":17.0,"enemies":"Centurion and Healer","floor":22.0,"turns":4.0},{"damage":59.0,"enemies":"Book of Stabbing","floor":24.0,"turns":7.0},{"damage":15.0,"enemies":"3 Cultists","floor":27.0,"turns":7.0},{"damage":0.0,"enemies":"Chosen and Byrds","floor":28.0,"turns":7.0},{"damage":45.0,"enemies":"Slavers","floor":30.0,"turns":7.0},{"damage":13.0,"enemies":"Centurion and Healer","floor":31.0,"turns":6.0},{"damage":7.0,"enemies":"Champ","floor":33.0,"turns":21.0},{"damage":30.0,"enemies":"3 Shapes","floor":35.0,"turns":4.0},{"damage":0.0,"enemies":"Orb Walker","floor":39.0,"turns":5.0},{"damage":2.0,"enemies":"Nemesis","floor":40.0,"turns":9.0},{"damage":0.0,"enemies":"Transient","floor":45.0,"turns":6.0},{"damage":9.0,"enemies":"Reptomancer","floor":47.0,"turns":6.0},{"damage":0.0,"enemies":"Writhing Mass","floor":48.0,"turns":7.0},{"damage":40.0,"enemies":"Donu and Deca","floor":50.0,"turns":10.0},{"damage":30.0,"enemies":"Time Eater","floor":51.0,"turns":18.0},{"damage":26.0,"enemies":"Shield and Spear","floor":55.0,"turns":6.0},{"damage":65,"enemies":"The Heart","floor":56,"turns":10}],"seed_played":"7700890536373315207","potions_obtained":[{"floor":1.0,"key":"LiquidBronze"},{"floor":5.0,"key":"Energy Potion"},{"floor":18.0,"key":"PowerPotion"},{"floor":21.0,"key":"SkillPotion"},{"floor":24.0,"key":"FearPotion"},{"floor":30.0,"key":"Poison Potion"},{"floor":31.0,"key":"FocusPotion"},{"floor":35.0,"key":"FearPotion"},{"floor":39.0,"key":"Swift Potion"},{"floor":48.0,"key":"Weak Potion"}],"is_trial":false,"path_per_floor":["M","M","$","M","M","R","E","R","T","M","R","M","?","E","R","B",null,"M","M","$","?","M","?","E","R","T","M","M","R","E","M","R","B",null,"M","?","?","T","M","E","?","R","T","$","M","R","E","M","R","B","B",null,"R","$","E","B",null],"character_chosen":"DEFECT","items_purchased":["FocusPotion","Rebound","Echo Form","Explosive Potion","DataDisk","Pantograph","Echo Form","Ancient Tea Set","Incense Burner","FossilizedHelix","FocusPotion"],"campfire_rested":0,"item_purchase_floors":[3,3,20,20,44,44,44,44,44,44,54],"current_hp_per_floor":[63,66,66,70,70,70,63,63,63,64,64,71,60,65,65,55,67,71,60,60,70,71,71,52,52,52,57,71,71,66,71,71,71,71,71,71,71,71,71,71,71,71,71,71,71,71,71,71,71,61,71,71,71,71,55,16],"gold":57,"neow_bonus":"REMOVE_CARD","is_prod":false,"is_daily":false,"chose_seed":false,"campfire_upgraded":10,"win_rate":0,"timestamp":1561929185,"path_taken":["M","?","$","M","?","R","E","R","T","M","R","M","?","E","R","BOSS","M","M","$","?","M","?","E","R","T","?","M","R","E","M","R","BOSS","M","?","?","?","M","E","?","R","T","$","M","R","E","M","R","BOSS","BOSS","R","$","E","BOSS"],"build_version":"2019-06-29","purchased_purges":2,"victory":true,"max_hp_per_floor":[71,71,71,71,71,71,71,71,71,71,71,71,71,71,71,71,71,71,71,71,71,71,71,71,71,71,71,71,71,71,71,71,71,71,71,71,71,71,71,71,71,71,71,71,71,71,71,71,71,71,71,71,71,71,71,71],"card_choices":[{"not_picked":["Hello World","Turbo"],"picked":"Self Repair","floor":1.0},{"not_picked":["Stack","Turbo"],"picked":"Rip and Tear","floor":2.0},{"not_picked":["Turbo","Go for the Eyes"],"picked":"Cold Snap","floor":4.0},{"not_picked":["Storm","Skim","Hello World"],"picked":"SKIP","floor":5.0},{"not_picked":["Storm","Skim","Hello World"],"picked":"SKIP","floor":5.0},{"not_picked":["Barrage","Force Field","Thunder Strike"],"picked":"SKIP","floor":7.0},{"not_picked":["Heatsinks","Fusion"],"picked":"Conserve Battery","floor":10.0},{"not_picked":["Sweeping Beam","Streamline"],"picked":"Compile Driver","floor":10.0},{"not_picked":["Consume","Seek"],"picked":"Reinforced Body","floor":12.0},{"not_picked":["Stack","Steam","Beam Cell"],"picked":"SKIP","floor":12.0},{"not_picked":["Self Repair","Force Field"],"picked":"Electrodynamics","floor":14.0},{"not_picked":["Core Surge","Electrodynamics"],"picked":"Seek","floor":16.0},{"not_picked":["Stack","Gash"],"picked":"Coolheaded","floor":18.0},{"not_picked":["Sweeping Beam","Stack"],"picked":"Doom and Gloom","floor":18.0},{"not_picked":["Consume","Compile Driver"],"picked":"Reprogram+1","floor":19.0},{"not_picked":["Compile Driver","Coolheaded"],"picked":"Conserve Battery","floor":19.0},{"not_picked":["Coolheaded","Sweeping Beam"],"picked":"Stack+1","floor":22.0},{"not_picked":["Stack","White Noise"],"picked":"Buffer","floor":22.0},{"not_picked":["Redo","Compile Driver"],"picked":"Biased Cognition","floor":24.0},{"not_picked":["Leap","Steam","Go for the Eyes"],"picked":"SKIP","floor":27.0},{"not_picked":["Streamline","Doom and Gloom","Static Discharge"],"picked":"SKIP","floor":27.0},{"not_picked":["Sweeping Beam","Redo","Gash+1"],"picked":"SKIP","floor":28.0},{"not_picked":["Turbo","Sweeping Beam","Streamline"],"picked":"SKIP","floor":28.0},{"not_picked":["Echo Form","Glacier"],"picked":"Capacitor","floor":30.0},{"not_picked":["Ball Lightning","Chaos","Reprogram+1"],"picked":"SKIP","floor":31.0},{"not_picked":["FTL+1","Skim","White Noise"],"picked":"SKIP","floor":31.0},{"not_picked":["Reboot","Multi-Cast"],"picked":"Machine Learning","floor":33.0},{"not_picked":["Leap+1","Chill"],"picked":"Conserve Battery+1","floor":35.0},{"not_picked":["Fusion","Sweeping Beam+1"],"picked":"Barrage+1","floor":35.0},{"not_picked":["Sunder","Scrape"],"picked":"BootSequence+1","floor":39.0},{"not_picked":["Creative AI","Barrage","Sweeping Beam+1"],"picked":"SKIP","floor":39.0},{"not_picked":["Creative AI","Barrage","Sweeping Beam+1"],"picked":"SKIP","floor":39.0},{"not_picked":["Rip and Tear","Turbo","Multi-Cast"],"picked":"SKIP","floor":40.0},{"not_picked":["Streamline","Reinforced Body"],"picked":"Redo+1","floor":45.0},{"not_picked":["Storm","Aggregate","Blizzard"],"picked":"SKIP","floor":45.0},{"not_picked":["Redo","Cold Snap"],"picked":"Defragment","floor":47.0},{"not_picked":["Steam","Redo"],"picked":"Coolheaded","floor":48.0},{"not_picked":["Conserve Battery","Leap","Barrage"],"picked":"SKIP","floor":48.0},{"not_picked":["Steam","Beam Cell"],"picked":"Chill+1","floor":55.0}],"player_experience":1715926,"relics_obtained":[{"floor":7.0,"key":"Prayer Wheel"},{"floor":9.0,"key":"Dead Branch"},{"floor":14.0,"key":"Sundial"},{"floor":21.0,"key":"Red Mask"},{"floor":24.0,"key":"Blue Candle"},{"floor":26.0,"key":"Cables"},{"floor":30.0,"key":"Orichalcum"},{"floor":40.0,"key":"The Courier"},{"floor":43.0,"key":"Torii"},{"floor":47.0,"key":"Unceasing Top"},{"floor":55.0,"key":"Shuriken"}],"event_choices":[{"damage_healed":0.0,"max_hp_gain":0.0,"max_hp_loss":0.0,"gold_gain":0.0,"event_name":"Scrap Ooze","player_choice":"Success","floor":13.0,"gold_loss":0.0,"damage_taken":11.0,"relics_obtained":["StoneCalendar"]},{"damage_healed":0.0,"max_hp_gain":0.0,"max_hp_loss":0.0,"gold_gain":0.0,"event_name":"Masked Bandits","player_choice":"Fought Bandits","floor":21.0,"gold_loss":0.0,"damage_taken":0.0},{"damage_healed":0.0,"max_hp_gain":0.0,"max_hp_loss":0.0,"gold_gain":0.0,"event_name":"Upgrade Shrine","player_choice":"Upgraded","floor":23.0,"gold_loss":0.0,"damage_taken":0.0,"cards_upgraded":["Buffer"]},{"damage_healed":0.0,"max_hp_gain":0.0,"max_hp_loss":0.0,"gold_gain":0.0,"event_name":"SensoryStone","player_choice":"Memory 1","floor":36.0,"gold_loss":0.0,"damage_taken":0.0},{"damage_healed":0.0,"max_hp_gain":0.0,"max_hp_loss":0.0,"gold_gain":999.0,"event_name":"MindBloom","player_choice":"Gold","floor":37.0,"gold_loss":0.0,"damage_taken":0.0,"cards_obtained":["Normality","Normality"]},{"cards_removed":["Normality"],"damage_healed":0.0,"max_hp_gain":0.0,"max_hp_loss":0.0,"gold_gain":0.0,"event_name":"Designer","player_choice":"Upgrade and Remove","floor":41.0,"gold_loss":110.0,"damage_taken":0.0,"cards_upgraded":["Doom and Gloom"]}],"is_beta":true,"boss_relics":[{"not_picked":["Sozu","Orrery"],"picked":"Astrolabe"},{"not_picked":["Black Star","Runic Pyramid"],"picked":"Runic Dome"}],"items_purged_floors":[44,54],"is_endless":false,"potions_floor_spawned":[1,5,18,21,24,30,31,35,39,48],"ascension_level":20}