{"gold_per_floor":[116,116,116,128,154,166,221,233,245,272,327,258,358,374,374,497,497,497,70,70,70,70,70,70,70,70,70,70,70,70,70,70,70,70,70,70,70,70,70],"floor_reached":39,"playtime":855,"items_purged":["Strike_R"],"score":434,"play_id":"77c0fb62-b6b8-4e72-9898-c9d0e265be6c","local_time":"20190525003711","is_ascension_mode":false,"campfire_choices":[{"data":"Bash","floor":6,"key":"SMITH"},{"data":"Double Tap","floor":8,"key":"SMITH"},{"data":"Heavy Blade","floor":15,"key":"SMITH"},{"data":"Carnage","floor":23,"key":"SMITH"},{"data":"Flame Barrier","floor":32,"key":"SMITH"}],"neow_cost":"NONE","seed_source_timestamp":628685019862415,"circlet_count":0,"master_deck":["Defend_R","Defend_R","Defend_R","Bash+1","Twin Strike","Double Tap+1","Heavy Blade+1","Inflame","Demon Form","Carnage+1","Flame Barrier+1","Bite","Bite","Bite","Bite","Bite","Demon Form","Parasite"],"relics":["Velvet Choker","Bloody Idol","MawBank","Bottled Lightning","Singing Bowl","StoneCalendar","Ectoplasm","MealTicket","Gremlin Horn","Tiny Chest","Runic Dome"],"potions_floor_usage":[7,16,24,33,33,39],"damage_taken":[{"damage":0,"enemies":"Small Slimes","floor":1,"turns":2},{"damage":6,"enemies":"Jaw Worm","floor":5,"turns":3},{"damage":11,"enemies":"3 Sentries","floor":7,"turns":6},{"damage":0,"enemies":"Cultist","floor":10,"turns":2},{"damage":16,"enemies":"Lagavulin","floor":11,"turns":5},{"damage":7,"enemies":"2 Fungi Beasts","floor":14,"turns":3},{"damage":3,"enemies":"Hexaghost","floor":16,"turns":5},{"damage":10,"enemies":"3 Byrds","floor":18,"turns":5},{"damage":0,"enemies":"Spheric Guardian","floor":20,"turns":3},{"damage":15,"enemies":"Colosseum Slavers","floor":21,"turns":3},{"damage":20,"enemies":"Book of Stabbing","floor":24,"turns":3},{"damage":8,"enemies":"Snecko","floor":27,"turns":3},{"damage":10,"enemies":"Cultist and Chosen","floor":30,"turns":4},{"damage":32,"enemies":"Snake Plant","floor":31,"turns":3},{"damage":77,"enemies":"Collector","floor":33,"turns":6},{"damage":23,"enemies":"3 Darklings","floor":35,"turns":5},{"damage":15,"enemies":"Orb Walker","floor":36,"turns":2},{"damage":58,"enemies":"Spire Growth","floor":37,"turns":5},{"damage":58,"enemies":"Writhing Mass","floor":39,"turns":4}],"seed_played":"-3538811690238828276","potions_obtained":[{"floor":5,"key":"PowerPotion"},{"floor":11,"key":"PowerPotion"},{"floor":14,"key":"LiquidBronze"},{"floor":24,"key":"Regen Potion"},{"floor":31,"key":"Regen Potion"},{"floor":33,"key":"Energy Potion"},{"floor":35,"key":"EntropicBrew"},{"floor":37,"key":"Regen Potion"}],"is_trial":false,"path_per_floor":["M","?","?","$","M","R","E","R","T","M","E","$","?","M","R","B",null,"M","$","M","?","?","R","E","?","T","M","?","?","M","M","R","B",null,"M","M","M","$","M"],"character_chosen":"IRONCLAD","items_purchased":["Heavy Blade","Inflame","MealTicket","Carnage","Flame Barrier"],"campfire_rested":0,"item_purchase_floors":[12,12,19,19,19],"current_hp_per_floor":[80,60,53,53,47,47,36,36,36,38,24,24,24,19,19,16,86,78,78,80,65,63,63,45,45,45,49,49,49,49,33,33,14,73,68,61,21,21,0],"gold":70,"neow_bonus":"BOSS_RELIC","is_prod":false,"is_daily":false,"chose_seed":false,"campfire_upgraded":5,"win_rate":0,"timestamp":1558737431,"path_taken":["M","?","?","?","M","R","E","R","T","M","E","$","?","M","R","BOSS","M","$","M","?","?","R","E","?","T","M","?","?","M","M","R","BOSS","M","M","M","?","M"],"build_version":"2019-01-23","purchased_purges":1,"victory":false,"max_hp_per_floor":[80,80,80,80,80,80,80,80,80,82,84,84,84,86,86,86,86,88,88,90,90,63,63,65,65,65,67,67,67,69,71,71,73,73,75,77,79,79,79],"card_choices":[{"not_picked":["Anger","Warcry","Shrug It Off"],"picked":"SKIP","floor":1},{"not_picked":["Clothesline","Pommel Strike"],"picked":"Twin Strike","floor":5},{"not_picked":["Battle Trance","Shockwave"],"picked":"Double Tap","floor":7},{"not_picked":["Clash","True Grit","Warcry"],"picked":"Singing Bowl","floor":10},{"not_picked":["Corruption","Warcry","Offering"],"picked":"Singing Bowl","floor":11},{"not_picked":["Clothesline","Anger","Pommel Strike"],"picked":"Singing Bowl","floor":14},{"not_picked":["Juggernaut","Offering"],"picked":"Demon Form","floor":16},{"not_picked":["Clothesline","Iron Wave","Anger"],"picked":"Singing Bowl","floor":18},{"not_picked":["Thunderclap","True Grit","Fiend Fire"],"picked":"Singing Bowl","floor":20},{"not_picked":["Searing Blow","Body Slam","Sword Boomerang"],"picked":"Singing Bowl","floor":24},{"not_picked":["Infernal Blade","Power Through","Armaments+1"],"picked":"Singing Bowl","floor":27},{"not_picked":["Shrug It Off+1","Pommel Strike","Clothesline"],"picked":"Singing Bowl","floor":30},{"not_picked":["Hemokinesis","Heavy Blade","Clash+1"],"picked":"Singing Bowl","floor":31},{"not_picked":["Feed","Barricade","Exhume"],"picked":"Singing Bowl","floor":33},{"not_picked":["Combust+1","Pommel Strike+1","Sword Boomerang"],"picked":"Singing Bowl","floor":35},{"not_picked":["Cleave+1","Flex+1","Body Slam+1"],"picked":"Singing Bowl","floor":36},{"not_picked":["Ghostly Armor","Power Through","Clothesline+1"],"picked":"Singing Bowl","floor":37}],"player_experience":400113,"relics_obtained":[{"floor":7,"key":"Bottled Lightning"},{"floor":9,"key":"Singing Bowl"},{"floor":11,"key":"StoneCalendar"},{"floor":24,"key":"Gremlin Horn"},{"floor":26,"key":"Tiny Chest"}],"event_choices":[{"damage_healed":0,"gold_gain":0,"player_choice":"Take Damage","damage_taken":20,"relics_obtained":["Golden Idol"],"max_hp_gain":0,"max_hp_loss":0,"event_name":"Golden Idol","floor":2,"gold_loss":0},{"damage_healed":0,"gold_gain":0,"player_choice":"Success","damage_taken":7,"relics_obtained":["MawBank"],"max_hp_gain":0,"max_hp_loss":0,"event_name":"Scrap Ooze","floor":3,"gold_loss":0},{"damage_healed":0,"gold_gain":100,"player_choice":"Pray","damage_taken":0,"max_hp_gain":0,"max_hp_loss":0,"event_name":"Golden Shrine","floor":13,"gold_loss":0},{"damage_healed":0,"gold_gain":0,"player_choice":"Fight","damage_taken":0,"max_hp_gain":0,"max_hp_loss":0,"event_name":"Colosseum","floor":21,"gold_loss":0},{"damage_healed":0,"gold_gain":0,"player_choice":"Fled From Nobs","damage_taken":0,"max_hp_gain":0,"max_hp_loss":0,"event_name":"Colosseum","floor":21,"gold_loss":0},{"damage_healed":0,"gold_gain":0,"player_choice":"Became a vampire","damage_taken":0,"max_hp_gain":0,"max_hp_loss":27,"event_name":"Vampires","floor":22,"gold_loss":0,"cards_obtained":["Bite","Bite","Bite","Bite","Bite"]},{"damage_healed":0,"gold_gain":0,"player_choice":"Gave Idol","damage_taken":0,"relics_obtained":["Bloody Idol"],"max_hp_gain":0,"max_hp_loss":0,"event_name":"Forgotten Altar","floor":25,"relics_lost":["Golden Idol"],"gold_loss":0},{"cards_removed":["Defend_R"],"damage_healed":0,"gold_gain":0,"player_choice":"Elegance","damage_taken":0,"max_hp_gain":0,"max_hp_loss":0,"event_name":"Back to Basics","floor":28,"gold_loss":0},{"damage_healed":0,"gold_gain":0,"player_choice":"Copied","damage_taken":0,"max_hp_gain":0,"max_hp_loss":0,"event_name":"Duplicator","floor":29,"gold_loss":0,"cards_obtained":["Demon Form"]}],"is_beta":false,"boss_relics":[{"not_picked":["Philosopher\u0027s Stone","Astrolabe"],"picked":"Ectoplasm"},{"not_picked":["Coffee Dripper","White Beast Statue"],"picked":"Runic Dome"}],"items_purged_floors":[19],"is_endless":false,"potions_floor_spawned":[5,11,14,21,24,31,33,35,37],"killed_by":"Writhing Mass","ascension_level":0}