{"gold_per_floor":[368,385,68,80,100,100,113,113,159,159,176,176,193,249,249,323,323,342,342,342,354,354,354,371,383,383,383,101,111,8,58,58,132,132,149,159,159,159,179,179,207,220,220,251,251,251,526,45,45,45],"floor_reached":50,"playtime":2175,"items_purged":["Masterful Stab","Regret"],"score":1102,"play_id":"70838507-c89e-433b-a9f3-094bbc8a4027","local_time":"20190531225553","is_ascension_mode":true,"campfire_choices":[{"data":"Deadly Poison","floor":6.0,"key":"SMITH"},{"data":"Catalyst","floor":8.0,"key":"SMITH"},{"data":"Neutralize","floor":10.0,"key":"SMITH"},{"data":"Catalyst","floor":12.0,"key":"SMITH"},{"data":"Caltrops","floor":15.0,"key":"SMITH"},{"data":"Blade Dance","floor":23.0,"key":"SMITH"},{"data":"Caltrops","floor":27.0,"key":"SMITH"},{"data":"Cloak And Dagger","floor":32.0,"key":"SMITH"},{"data":"Well Laid Plans","floor":40.0,"key":"SMITH"},{"floor":46.0,"key":"REST"},{"floor":49.0,"key":"REST"}],"neow_cost":"TEN_PERCENT_HP_LOSS","seed_source_timestamp":1225721562498289,"circlet_count":0,"master_deck":["AscendersBane","Survivor","Neutralize+1","Predator","Dagger Spray","Deadly Poison+1","Dagger Spray","Catalyst+1","Terror","Catalyst+1","Deflect","Caltrops+1","Venomology","Predator","Bullet Time","All Out Attack","Blur","Well Laid Plans+1","Blade Dance+1","Flying Knee","PiercingWail","PiercingWail","Caltrops+1","Caltrops","Deflect","Accuracy","Cloak And Dagger+1","Footwork+1","Blur+1","Dash","Parasite","Skewer","Catalyst+1","Footwork+1"],"special_seed":0,"relics":["Ring of the Snake","Gremlin Horn","Vajra","Mummified Hand","Pandora\u0027s Box","Mercury Hourglass","Oddly Smooth Stone","Snecko Eye","Bottled Flame","Juzu Bracelet","Meat on the Bone","Toxic Egg 2","Bag of Preparation","Frozen Egg 2"],"potions_floor_usage":[50],"damage_taken":[{"damage":0.0,"enemies":"2 Louse","floor":1.0,"turns":4.0},{"damage":0.0,"enemies":"Jaw Worm","floor":2.0,"turns":4.0},{"damage":0.0,"enemies":"Cultist","floor":4.0,"turns":3.0},{"damage":0.0,"enemies":"Lots of Slimes","floor":5.0,"turns":1.0},{"damage":0.0,"enemies":"3 Louse","floor":7.0,"turns":2.0},{"damage":0.0,"enemies":"Red Slaver","floor":11.0,"turns":3.0},{"damage":8.0,"enemies":"Looter","floor":13.0,"turns":3.0},{"damage":20.0,"enemies":"Lagavulin Event","floor":14.0,"turns":4.0},{"damage":0.0,"enemies":"Slime Boss","floor":16.0,"turns":4.0},{"damage":3.0,"enemies":"Shell Parasite","floor":18.0,"turns":3.0},{"damage":3.0,"enemies":"Spheric Guardian","floor":21.0,"turns":3.0},{"damage":5.0,"enemies":"3 Cultists","floor":24.0,"turns":4.0},{"damage":14.0,"enemies":"Centurion and Healer","floor":25.0,"turns":5.0},{"damage":18.0,"enemies":"Snecko","floor":29.0,"turns":4.0},{"damage":40.0,"enemies":"Collector","floor":33.0,"turns":7.0},{"damage":6.0,"enemies":"3 Darklings","floor":35.0,"turns":3.0},{"damage":0.0,"enemies":"3 Shapes","floor":36.0,"turns":2.0},{"damage":0.0,"enemies":"Transient","floor":39.0,"turns":6.0},{"damage":55.0,"enemies":"Nemesis","floor":41.0,"turns":7.0},{"damage":0.0,"enemies":"Writhing Mass","floor":42.0,"turns":4.0},{"damage":18.0,"enemies":"Reptomancer","floor":44.0,"turns":5.0},{"damage":65,"enemies":"Donu and Deca","floor":50,"turns":5}],"seed_played":"-3859250529340989208","potions_obtained":[{"floor":4.0,"key":"Strength Potion"},{"floor":11.0,"key":"GhostInAJar"},{"floor":14.0,"key":"Regen Potion"},{"floor":16.0,"key":"Block Potion"},{"floor":18.0,"key":"SteroidPotion"},{"floor":39.0,"key":"Regen Potion"},{"floor":42.0,"key":"Dexterity Potion"},{"floor":44.0,"key":"Ancient Potion"}],"is_trial":false,"path_per_floor":["M","M","$","M","M","R","M","R","T","R","M","R","M","?","R","B",null,"M","?","?","M","?","R","M","M","T","R","$","M","$","?","R","B",null,"M","M","T","?","M","R","E","M","T","E","?","R","?","$","R","B"],"character_chosen":"THE_SILENT","items_purchased":["Gremlin Horn","Deadly Poison","Oddly Smooth Stone","Caltrops","Accuracy","Cloak And Dagger","Frozen Egg 2","Footwork+1","SkillPotion"],"campfire_rested":2,"item_purchase_floors":[3,3,28,28,30,30,48,48,48],"current_hp_per_floor":[59,59,59,59,59,59,59,59,59,59,59,59,51,31,31,43,56,53,53,53,50,70,70,65,66,66,66,66,48,48,48,48,8,55,49,49,49,49,49,49,9,21,21,15,15,36,36,36,57,0],"gold":45,"neow_bonus":"TWO_FIFTY_GOLD","is_prod":false,"is_daily":false,"chose_seed":false,"campfire_upgraded":9,"win_rate":0,"timestamp":1559336153,"path_taken":["M","M","$","M","M","R","M","R","T","R","M","R","M","?","R","BOSS","M","?","?","M","?","R","M","?","T","R","$","M","?","?","R","BOSS","M","?","?","?","M","R","E","M","T","E","?","R","?","$","R","BOSS"],"build_version":"2019-01-23","purchased_purges":2,"victory":false,"max_hp_per_floor":[60,60,60,60,60,60,60,60,60,60,60,60,60,60,60,60,60,60,60,60,60,70,70,70,70,70,70,70,70,70,70,70,70,70,70,70,70,70,70,70,70,70,70,70,70,70,70,70,70,70],"card_choices":[{"not_picked":["Backflip","Bane"],"picked":"Predator","floor":1.0},{"not_picked":["Cloak And Dagger","Quick Slash"],"picked":"Dagger Spray","floor":2.0},{"not_picked":["Dagger Spray","Endless Agony","Underhanded Strike"],"picked":"SKIP","floor":4.0},{"not_picked":["Endless Agony","Underhanded Strike"],"picked":"Dagger Spray","floor":4.0},{"not_picked":["Backstab","Well Laid Plans"],"picked":"Catalyst","floor":5.0},{"not_picked":["Calculated Gamble","Slice"],"picked":"Terror","floor":7.0},{"not_picked":["Tactician","Dash"],"picked":"Catalyst","floor":11.0},{"not_picked":["Quick Slash","Infinite Blades"],"picked":"Deflect","floor":13.0},{"not_picked":["Poisoned Stab","PiercingWail"],"picked":"Caltrops","floor":14.0},{"not_picked":["Phantasmal Killer","Malaise"],"picked":"Venomology","floor":16.0},{"not_picked":["Outmaneuver","Slice","Choke"],"picked":"SKIP","floor":18.0},{"not_picked":["Acrobatics","Sucker Punch","Cloak And Dagger"],"picked":"SKIP","floor":21.0},{"not_picked":["Cloak And Dagger","Outmaneuver"],"picked":"PiercingWail","floor":24.0},{"not_picked":["Dagger Spray","Outmaneuver"],"picked":"Caltrops","floor":25.0},{"not_picked":["Venomology","Blade Dance"],"picked":"Deflect","floor":29.0},{"not_picked":["Bane","Backstab","Flying Knee"],"picked":"SKIP","floor":35.0},{"not_picked":["Sucker Punch","Backflip"],"picked":"Footwork+1","floor":36.0},{"not_picked":["Sucker Punch","Choke"],"picked":"Blur+1","floor":39.0},{"not_picked":["Heel Hook+1","Bouncing Flask"],"picked":"Dash","floor":41.0},{"not_picked":["Dagger Throw","Distraction"],"picked":"Skewer","floor":42.0},{"not_picked":["Concentrate+1","Bane"],"picked":"Catalyst+1","floor":44.0}],"player_experience":490197,"relics_obtained":[{"floor":9.0,"key":"Vajra"},{"floor":14.0,"key":"Mummified Hand"},{"floor":26.0,"key":"Mercury Hourglass"},{"floor":37.0,"key":"Bottled Flame"},{"floor":41.0,"key":"Meat on the Bone"},{"floor":43.0,"key":"Toxic Egg 2"},{"floor":44.0,"key":"Bag of Preparation"}],"event_choices":[{"damage_healed":0.0,"max_hp_gain":0.0,"max_hp_loss":0.0,"gold_gain":0.0,"event_name":"Dead Adventurer","player_choice":"Searched \u00272\u0027 times","floor":14.0,"gold_loss":0.0,"damage_taken":0.0},{"damage_healed":0.0,"max_hp_gain":0.0,"max_hp_loss":0.0,"gold_gain":0.0,"event_name":"Vampires","player_choice":"Ignored","floor":19.0,"gold_loss":0.0,"damage_taken":0.0},{"damage_healed":0.0,"max_hp_gain":0.0,"max_hp_loss":0.0,"gold_gain":0.0,"cards_transformed":["Reflex","Expertise"],"event_name":"Drug Dealer","player_choice":"Became Test Subject","floor":20.0,"gold_loss":0.0,"damage_taken":0.0,"cards_obtained":["Flying Knee","PiercingWail"]},{"cards_removed":["Phantasmal Killer"],"damage_healed":10.0,"max_hp_gain":10.0,"max_hp_loss":0.0,"gold_gain":0.0,"event_name":"Bonfire Elementals","player_choice":"Offered Rare","floor":22.0,"gold_loss":0.0,"damage_taken":0.0},{"damage_healed":0.0,"max_hp_gain":0.0,"max_hp_loss":0.0,"gold_gain":50.0,"event_name":"Golden Shrine","player_choice":"Pray","floor":31.0,"gold_loss":0.0,"damage_taken":0.0},{"damage_healed":0.0,"max_hp_gain":0.0,"max_hp_loss":0.0,"gold_gain":0.0,"event_name":"WeMeetAgain","player_choice":"Gave Potion","floor":38.0,"gold_loss":0.0,"damage_taken":0.0,"relics_obtained":["Juzu Bracelet"]},{"damage_healed":0.0,"max_hp_gain":0.0,"max_hp_loss":0.0,"gold_gain":0.0,"event_name":"Tomb of Lord Red Mask","player_choice":"Ignored","floor":45.0,"gold_loss":0.0,"damage_taken":0.0},{"damage_healed":0.0,"max_hp_gain":0.0,"max_hp_loss":0.0,"gold_gain":275.0,"event_name":"Golden Shrine","player_choice":"Desecrate","floor":47.0,"gold_loss":0.0,"damage_taken":0.0,"cards_obtained":["Regret"]}],"is_beta":false,"boss_relics":[{"not_picked":["Philosopher\u0027s Stone","Runic Dome"],"picked":"Pandora\u0027s Box"},{"not_picked":["Busted Crown","White Beast Statue"],"picked":"Snecko Eye"}],"items_purged_floors":[28,48],"is_endless":false,"potions_floor_spawned":[4,11,14,16,18,25,39,42,44],"killed_by":"Donu and Deca","ascension_level":18}