{"gold_per_floor":[213,231,244,254,264,264,284,284,284,284,318,318,334,346,346,447,447,457,442,461,116,133,133,152,152,152,8,8,23,36,36,36,36],"floor_reached":33,"playtime":3672,"items_purged":["Entrench"],"score":255,"play_id":"b6654d02-bcf6-4477-8dc9-c8c50692b8cb","local_time":"20190629214903","is_ascension_mode":false,"campfire_choices":[{"floor":6.0,"key":"REST"},{"data":"Bash","floor":8.0,"key":"SMITH"},{"data":"Clothesline","floor":10.0,"key":"SMITH"},{"floor":15.0,"key":"REST"},{"floor":23,"key":"REST"},{"floor":25,"key":"REST"},{"floor":32,"key":"REST"}],"neow_cost":"NONE","seed_source_timestamp":0,"circlet_count":0,"master_deck":["Strike_R","Strike_R","Strike_R","Defend_R","Defend_R","Defend_R","Bash+1","Twin Strike","True Grit","Clothesline+1","Shrug It Off","Pommel Strike","Blood for Blood","Pommel Strike","Iron Wave","Juggernaut","Inflame+1","Anger+1","Armaments+1","Body Slam","Seeing Red+1","Body Slam","Bludgeon","Blood for Blood+1","Power Through","Blood for Blood+1","Dropkick+1","Whirlwind+1"],"special_seed":0,"relics":["Burning Blood","Ornamental Fan","Peace Pipe","Astrolabe","TheAbacus","Bag of Preparation","Bag of Marbles"],"potions_floor_usage":[22,22,29,33],"damage_taken":[{"damage":2.0,"enemies":"2 Louse","floor":1.0,"turns":3.0},{"damage":6.0,"enemies":"Jaw Worm","floor":2.0,"turns":3.0},{"damage":10.0,"enemies":"Cultist","floor":3.0,"turns":4.0},{"damage":34.0,"enemies":"Exordium Thugs","floor":4.0,"turns":10.0},{"damage":7.0,"enemies":"Looter","floor":5.0,"turns":3.0},{"damage":13.0,"enemies":"3 Louse","floor":7.0,"turns":4.0},{"damage":24.0,"enemies":"3 Sentries","floor":11.0,"turns":9.0},{"damage":1.0,"enemies":"Red Slaver","floor":13.0,"turns":4.0},{"damage":2.0,"enemies":"2 Fungi Beasts","floor":14.0,"turns":3.0},{"damage":39.0,"enemies":"Hexaghost","floor":16.0,"turns":10.0},{"damage":20.0,"enemies":"Spheric Guardian","floor":18.0,"turns":4.0},{"damage":24,"enemies":"2 Thieves","floor":19,"turns":4},{"damage":31,"enemies":"Snake Plant","floor":20,"turns":5},{"damage":9,"enemies":"Centurion and Healer","floor":22,"turns":6},{"damage":26,"enemies":"3 Cultists","floor":24,"turns":5},{"damage":12,"enemies":"Snake Plant","floor":29,"turns":3},{"damage":16,"enemies":"Shelled Parasite and Fungi","floor":30,"turns":3},{"damage":90,"enemies":"Champ","floor":33,"turns":11}],"seed_played":"3676728928175576698","potions_obtained":[{"floor":2.0,"key":"FearPotion"},{"floor":5.0,"key":"Energy Potion"},{"floor":11.0,"key":"SneckoOil"},{"floor":13.0,"key":"Swift Potion"},{"floor":16.0,"key":"Strength Potion"},{"floor":18,"key":"PowerPotion"},{"floor":22,"key":"Swift Potion"},{"floor":30,"key":"EssenceOfSteel"}],"is_trial":false,"path_per_floor":["M","M","M","M","M","R","M","R","T","R","E","?","M","M","R","B",null,"M","M","M","$","M","R","M","R","T","$","?","M","M","?","R","B"],"character_chosen":"IRONCLAD","items_purchased":["Bludgeon","TheAbacus","Bag of Marbles"],"campfire_rested":5,"item_purchase_floors":[21,21,27],"current_hp_per_floor":[80,80,76,48,47,71,64,64,64,64,46,46,51,55,79,46,80,66,48,23,23,20,44,24,48,48,48,48,42,32,58,80,0],"gold":36,"neow_bonus":"HUNDRED_GOLD","is_prod":false,"is_daily":false,"chose_seed":false,"campfire_upgraded":2,"win_rate":0.0,"timestamp":1561801743,"path_taken":["M","M","M","M","M","R","M","R","T","R","E","?","M","M","R","BOSS","M","M","M","$","M","R","M","R","T","$","?","M","?","?","R","BOSS"],"build_version":"2019-01-23","purchased_purges":1,"victory":false,"max_hp_per_floor":[80,80,80,80,80,80,80,80,80,80,80,80,80,80,80,80,80,80,80,80,80,80,80,80,80,80,80,80,80,80,80,80,80],"card_choices":[{"not_picked":["Headbutt","Thunderclap"],"picked":"Twin Strike","floor":1.0},{"not_picked":["Sword Boomerang","Flex"],"picked":"True Grit","floor":2.0},{"not_picked":["Thunderclap","Sever Soul"],"picked":"Clothesline","floor":3.0},{"not_picked":["Pummel","Flex"],"picked":"Shrug It Off","floor":4.0},{"not_picked":["Headbutt","Iron Wave"],"picked":"Pommel Strike","floor":5.0},{"not_picked":["Fiend Fire","Flame Barrier"],"picked":"Blood for Blood","floor":7.0},{"not_picked":["Anger","Rampage"],"picked":"Entrench","floor":11.0},{"not_picked":["Cleave","Shrug It Off"],"picked":"Pommel Strike","floor":13.0},{"not_picked":["Searing Blow","Clash"],"picked":"Iron Wave","floor":14.0},{"not_picked":["Double Tap","Brutality"],"picked":"Juggernaut","floor":16.0},{"not_picked":["Pummel","Cleave"],"picked":"Body Slam","floor":18},{"not_picked":["Headbutt","Armaments"],"picked":"Seeing Red+1","floor":19},{"not_picked":["Twin Strike","Thunderclap"],"picked":"Body Slam","floor":20},{"not_picked":["Battle Trance","Shrug It Off"],"picked":"Blood for Blood+1","floor":22},{"not_picked":["Offering","Cleave"],"picked":"Power Through","floor":24},{"not_picked":["True Grit","Sever Soul"],"picked":"Dropkick+1","floor":29},{"not_picked":["Second Wind","Thunderclap"],"picked":"Whirlwind+1","floor":30}],"player_experience":1818,"relics_obtained":[{"floor":9.0,"key":"Ornamental Fan"},{"floor":11.0,"key":"Peace Pipe"},{"floor":26,"key":"Bag of Preparation"}],"event_choices":[{"damage_healed":0.0,"max_hp_gain":0.0,"max_hp_loss":0.0,"gold_gain":0.0,"event_name":"Golden Idol","player_choice":"Ignored","floor":12.0,"gold_loss":0.0,"damage_taken":0.0},{"damage_healed":0,"gold_gain":0,"player_choice":"Copied","damage_taken":0,"max_hp_gain":0,"max_hp_loss":0,"event_name":"Duplicator","floor":28,"gold_loss":0,"cards_obtained":["Blood for Blood"]},{"damage_healed":26,"gold_gain":0,"player_choice":"Heal","damage_taken":0,"max_hp_gain":0,"max_hp_loss":0,"event_name":"The Library","floor":31,"gold_loss":0}],"is_beta":false,"boss_relics":[{"not_picked":["Mark of Pain","Black Star"],"picked":"Astrolabe"}],"items_purged_floors":[21],"is_endless":false,"potions_floor_spawned":[2,5,11,13,16,18,22,30],"killed_by":"Champ","ascension_level":0}