{"gold_per_floor":[117,26,43,43,43,74,86,119,119,129,142,172,18,18,18,119,119,129,129,59,59,77,77,77],"floor_reached":24,"playtime":1350,"items_purged":["Strike_G"],"score":415,"play_id":"ebf7f914-0b24-4cf2-8cb0-b36f609c6e1c","local_time":"20190629100220","is_ascension_mode":true,"campfire_choices":[{"floor":15,"key":"REST"},{"data":"Catalyst","floor":23,"key":"SMITH"}],"neow_cost":"NONE","seed_source_timestamp":1271628665999900,"circlet_count":0,"master_deck":["Defend_G","Defend_G","Defend_G","Defend_G","Strike_G","Strike_G","Strike_G","Survivor","Neutralize","Deadly Poison","Deadly Poison","PiercingWail","Backflip","Bouncing Flask","Backflip","Blur","Noxious Fumes","Ghostly","Ghostly","Ghostly","Ghostly","Ghostly","Catalyst+1","Writhe","Acrobatics+1"],"special_seed":0,"relics":["Ring of the Snake","NeowsBlessing","WingedGreaves","Pear","Dodecahedron","Paper Crane","Philosopher\u0027s Stone","Question Card"],"potions_floor_usage":[12,24,24,24],"damage_taken":[{"damage":0.0,"enemies":"Jaw Worm","floor":1.0,"turns":1.0},{"damage":0.0,"enemies":"Small Slimes","floor":3.0,"turns":1.0},{"damage":0.0,"enemies":"Gremlin Nob","floor":6.0,"turns":1.0},{"damage":0.0,"enemies":"Cultist","floor":7.0,"turns":3.0},{"damage":7.0,"enemies":"Lagavulin","floor":8.0,"turns":5.0},{"damage":21.0,"enemies":"Gremlin Gang","floor":10.0,"turns":4.0},{"damage":2.0,"enemies":"3 Louse","floor":11.0,"turns":5.0},{"damage":26,"enemies":"3 Sentries","floor":12,"turns":10},{"damage":0,"enemies":"Hexaghost","floor":16,"turns":9},{"damage":18,"enemies":"Shell Parasite","floor":18,"turns":7},{"damage":9,"enemies":"3 Byrds","floor":22,"turns":6},{"damage":32,"enemies":"Book of Stabbing","floor":24,"turns":8}],"seed_played":"4914179393824673616","potions_obtained":[{"floor":3.0,"key":"SteroidPotion"},{"floor":6.0,"key":"AttackPotion"},{"floor":11.0,"key":"Energy Potion"},{"floor":16,"key":"GamblersBrew"},{"floor":22,"key":"EssenceOfSteel"}],"is_trial":false,"path_per_floor":["M","$","M","?","?","E","M","E","T","M","M","E","$","?","R","B",null,"M","?","$","?","M","R","E"],"character_chosen":"THE_SILENT","items_purchased":["Deadly Poison","PiercingWail","Noxious Fumes","Catalyst"],"campfire_rested":1,"item_purchase_floors":[2,2,13,20],"current_hp_per_floor":[63,63,63,56,56,56,56,59,59,38,36,10,10,10,34,34,69,51,40,40,40,31,31,0],"gold":77,"neow_bonus":"THREE_ENEMY_KILL","is_prod":false,"is_daily":false,"chose_seed":false,"campfire_upgraded":1,"win_rate":0,"timestamp":1561827740,"path_taken":["M","$","M","?","?","E","?","E","T","?","M","E","$","?","R","BOSS","M","?","?","?","M","R","E"],"build_version":"2019-01-23","purchased_purges":1,"victory":false,"max_hp_per_floor":[70,70,70,70,70,70,70,80,80,80,80,80,80,80,80,80,80,80,40,40,40,40,40,40],"card_choices":[{"not_picked":["Backflip","Catalyst"],"picked":"Deadly Poison","floor":1.0},{"not_picked":["Flying Knee","Prepared","Dagger Spray"],"picked":"SKIP","floor":3.0},{"not_picked":["Outmaneuver","Malaise"],"picked":"Bouncing Flask","floor":6.0},{"not_picked":["Dagger Spray","Underhanded Strike"],"picked":"Backflip","floor":7.0},{"not_picked":["Slice","Eviscerate","Accuracy"],"picked":"SKIP","floor":8.0},{"not_picked":["Predator","Quick Slash"],"picked":"Blur","floor":10.0},{"not_picked":["Accuracy","Slice","Prepared"],"picked":"SKIP","floor":11.0},{"not_picked":["Backflip","Endless Agony","Quick Slash"],"picked":"SKIP","floor":12},{"not_picked":["Poisoned Stab","Backstab+1","Endless Agony"],"picked":"SKIP","floor":18},{"not_picked":["Quick Slash","Distraction","Deflect"],"picked":"Acrobatics+1","floor":22}],"player_experience":373016,"relics_obtained":[{"floor":6.0,"key":"WingedGreaves"},{"floor":8.0,"key":"Pear"},{"floor":9.0,"key":"Dodecahedron"},{"floor":12,"key":"Paper Crane"}],"event_choices":[{"cards_removed":["Strike_G"],"damage_healed":0.0,"max_hp_gain":0.0,"max_hp_loss":0.0,"gold_gain":0.0,"event_name":"Golden Wing","player_choice":"Card Removal","floor":4.0,"gold_loss":0.0,"damage_taken":7.0},{"damage_healed":0.0,"max_hp_gain":0.0,"max_hp_loss":0.0,"gold_gain":0.0,"cards_transformed":["Defend_G"],"event_name":"Transmorgrifier","player_choice":"Transformed","floor":5.0,"gold_loss":0.0,"damage_taken":0.0,"cards_obtained":["Backflip"]},{"damage_healed":0,"gold_gain":0,"player_choice":"Ignored","damage_taken":0,"max_hp_gain":0,"max_hp_loss":0,"event_name":"Shining Light","floor":14,"gold_loss":0},{"damage_healed":0,"gold_gain":0,"player_choice":"Became a Ghost","damage_taken":0,"max_hp_gain":0,"max_hp_loss":40,"event_name":"Ghosts","floor":19,"gold_loss":0,"cards_obtained":["Ghostly","Ghostly","Ghostly","Ghostly","Ghostly"]},{"damage_healed":0,"gold_gain":0,"player_choice":"Opened","damage_taken":0,"relics_obtained":["Question Card"],"max_hp_gain":0,"max_hp_loss":0,"event_name":"The Mausoleum","floor":21,"gold_loss":0,"cards_obtained":["Writhe"]}],"is_beta":false,"boss_relics":[{"not_picked":["Coffee Dripper","Tiny House"],"picked":"Philosopher\u0027s Stone"}],"items_purged_floors":[13],"is_endless":false,"potions_floor_spawned":[3,6,11,16,22],"killed_by":"Book of Stabbing","ascension_level":7}