{"gold_per_floor":[111,127,145,43,62,87,87,119,165,165,195,195,195,19,19,120,120,133,145,165,178,178,211,231,231,231,257,274,284,284,319,319,420,420,437,448,458,473,48,78,78,110,110,110,138,138,149,167,167,167],"floor_reached":51,"playtime":1608,"items_purged":["Strike_B","Strike_B"],"score":961,"play_id":"66d941f5-cd74-4954-9298-0251c081cbbc","local_time":"20190530183307","is_ascension_mode":true,"campfire_choices":[{"data":"Sunder","floor":7.0,"key":"SMITH"},{"data":"Zap","floor":12.0,"key":"SMITH"},{"floor":15.0,"key":"REST"},{"data":"Defragment","floor":25.0,"key":"SMITH"},{"data":"Capacitor","floor":32,"key":"SMITH"},{"data":"Biased Cognition","floor":41,"key":"SMITH"},{"data":"Echo Form","floor":44,"key":"SMITH"},{"data":"Coolheaded","floor":49,"key":"SMITH"}],"neow_cost":"NONE","seed_source_timestamp":5937211520852,"circlet_count":0,"master_deck":["Defend_B+1","Defend_B+1","Defend_B","Zap+1","Dualcast","Sweeping Beam","Sweeping Beam","Genetic Algorithm+1","Ball Lightning+1","Genetic Algorithm+1","Sunder+1","Core Surge+1","Auto Shields","Defragment+1","Electrodynamics","Static Discharge+1","Electrodynamics+1","Echo Form+1","Cold Snap","Go for the Eyes+1","Self Repair","Cold Snap","Chill+1","Capacitor+1","Glacier","Biased Cognition+1","Undo+1","Genetic Algorithm","White Noise+1","Echo Form+1","Self Repair+1","Double Energy+1","Coolheaded+1","Capacitor"],"special_seed":0,"relics":["Cracked Core","Bottled Flame","Pear","Whetstone","PreservedInsect","Question Card","Astrolabe","Gambling Chip","Mummified Hand","Smiling Mask","Ginger","War Paint","Coffee Dripper","Membership Card","FossilizedHelix","Matryoshka","Bronze Scales","DataDisk","Cables","Lantern"],"potions_floor_usage":[50],"damage_taken":[{"damage":10.0,"enemies":"Small Slimes","floor":1.0,"turns":4.0},{"damage":1.0,"enemies":"Jaw Worm","floor":2.0,"turns":3.0},{"damage":0.0,"enemies":"Cultist","floor":3.0,"turns":3.0},{"damage":2.0,"enemies":"Blue Slaver","floor":5.0,"turns":3.0},{"damage":16.0,"enemies":"Lagavulin","floor":6.0,"turns":6.0},{"damage":18.0,"enemies":"3 Sentries","floor":8.0,"turns":4.0},{"damage":11.0,"enemies":"Lagavulin","floor":11.0,"turns":6.0},{"damage":0.0,"enemies":"Slime Boss","floor":16.0,"turns":6.0},{"damage":1.0,"enemies":"Spheric Guardian","floor":18.0,"turns":4.0},{"damage":22.0,"enemies":"Shell Parasite","floor":19.0,"turns":5.0},{"damage":5.0,"enemies":"Chosen and Byrds","floor":20.0,"turns":5.0},{"damage":6.0,"enemies":"Snake Plant","floor":21.0,"turns":6.0},{"damage":13.0,"enemies":"Book of Stabbing","floor":23.0,"turns":4.0},{"damage":0.0,"enemies":"3 Cultists","floor":24.0,"turns":2.0},{"damage":18.0,"enemies":"Slavers","floor":27.0,"turns":1.0},{"damage":4.0,"enemies":"Snecko","floor":28.0,"turns":5.0},{"damage":2.0,"enemies":"Cultist and Chosen","floor":29.0,"turns":3.0},{"damage":12.0,"enemies":"Gremlin Leader","floor":31.0,"turns":4.0},{"damage":16,"enemies":"Automaton","floor":33,"turns":8},{"damage":0,"enemies":"3 Darklings","floor":35,"turns":5},{"damage":1,"enemies":"Orb Walker","floor":36,"turns":3},{"damage":0,"enemies":"Transient","floor":37,"turns":5},{"damage":0,"enemies":"Sphere and 2 Shapes","floor":38,"turns":5},{"damage":27,"enemies":"Nemesis","floor":40,"turns":5},{"damage":0,"enemies":"Giant Head","floor":42,"turns":6},{"damage":13,"enemies":"Reptomancer","floor":45,"turns":4},{"damage":0,"enemies":"Maw","floor":47,"turns":5},{"damage":0,"enemies":"3 Darklings","floor":48,"turns":4},{"damage":2,"enemies":"Time Eater","floor":50,"turns":7}],"seed_played":"7186259205303225067","potions_obtained":[{"floor":2.0,"key":"Block Potion"},{"floor":6.0,"key":"PowerPotion"},{"floor":11.0,"key":"Strength Potion"},{"floor":24.0,"key":"Strength Potion"}],"is_trial":false,"path_per_floor":["M","M","M","$","M","E","R","E","T","?","E","R","?","$","R","B",null,"M","M","M","M","?","E","M","R","T","E","M","M","?","E","R","B",null,"M","M","M","M","$","E","R","E","T","R","E","?","M","M","R","B",null],"character_chosen":"DEFECT","items_purchased":["Ball Lightning","Defragment","Membership Card","FossilizedHelix","Echo Form"],"campfire_rested":1,"item_purchase_floors":[4,14,39,39,39],"current_hp_per_floor":[72,71,71,71,69,53,53,45,45,27,16,16,9,9,36,36,92,91,69,64,58,58,52,52,52,52,41,44,42,42,37,37,28,92,92,91,92,92,92,72,72,72,72,72,92,92,92,92,92,92],"gold":167,"neow_bonus":"TEN_PERCENT_HP_BONUS","is_prod":false,"is_daily":false,"chose_seed":false,"campfire_upgraded":7,"win_rate":0,"timestamp":1559233987,"path_taken":["M","M","M","$","M","E","R","E","T","?","E","R","?","?","R","BOSS","M","M","M","?","?","E","M","R","T","E","M","?","?","E","R","BOSS","M","M","M","M","$","E","R","E","T","R","E","?","?","M","R","BOSS"],"build_version":"2019-05-28","purchased_purges":2,"victory":true,"max_hp_per_floor":[82,82,82,82,82,82,82,92,92,92,92,92,92,92,92,92,92,92,92,92,92,92,92,92,92,92,92,92,92,92,92,92,92,92,92,92,92,92,92,92,92,92,92,92,92,92,92,92,92,92],"card_choices":[{"not_picked":["Barrage","FTL"],"picked":"Sweeping Beam","floor":1.0},{"not_picked":["Turbo","Rebound"],"picked":"Sweeping Beam","floor":2.0},{"not_picked":["Sweeping Beam","Melter"],"picked":"Genetic Algorithm","floor":3.0},{"not_picked":["Leap","Redo"],"picked":"Genetic Algorithm","floor":5.0},{"not_picked":["Ball Lightning","Go for the Eyes"],"picked":"Sunder","floor":6.0},{"not_picked":["Rebound","Streamline"],"picked":"Core Surge","floor":8.0},{"not_picked":["Hologram","Go for the Eyes"],"picked":"Auto Shields","floor":11.0},{"not_picked":["Meteor Strike","All For One","Buffer"],"picked":"Electrodynamics","floor":16.0},{"not_picked":["Tempest","Beam Cell","Steam"],"picked":"Cold Snap","floor":18.0},{"not_picked":["Doom and Gloom","Leap","Stack+1","Storm"],"picked":"SKIP","floor":19.0},{"not_picked":["Leap","Steam","Streamline"],"picked":"Go for the Eyes+1","floor":20.0},{"not_picked":["Redo+1","Storm","Sweeping Beam"],"picked":"Self Repair","floor":21.0},{"not_picked":["Conserve Battery","Beam Cell+1","Rebound","Melter+1"],"picked":"SKIP","floor":23.0},{"not_picked":["Barrage","Hyperbeam","Steam"],"picked":"Cold Snap","floor":24.0},{"not_picked":["Heatsinks+1","Genetic Algorithm","Doom and Gloom"],"picked":"Chill+1","floor":27.0},{"not_picked":["Defragment","White Noise","Leap"],"picked":"Capacitor","floor":28.0},{"not_picked":["Barrage","Go for the Eyes","Beam Cell","Conserve Battery"],"picked":"SKIP","floor":29.0},{"not_picked":["Capacitor+1","Chaos","Hologram+1"],"picked":"Glacier","floor":31},{"not_picked":["Amplify","Echo Form","Core Surge"],"picked":"Biased Cognition","floor":33},{"not_picked":["Beam Cell+1","Streamline+1","Redo"],"picked":"Undo+1","floor":35},{"not_picked":["Genetic Algorithm","Hologram+1","Steam","FTL"],"picked":"SKIP","floor":36},{"not_picked":["Hologram+1","Steam","FTL"],"picked":"Genetic Algorithm","floor":36},{"not_picked":["Steam+1","Compile Driver","Hologram+1"],"picked":"White Noise+1","floor":37},{"not_picked":["Go for the Eyes","Hologram","Rebound+1","Double Energy"],"picked":"SKIP","floor":38},{"not_picked":["Rebound+1","Recycle+1","Go for the Eyes","Multi-Cast"],"picked":"SKIP","floor":40},{"not_picked":["Ball Lightning","Compile Driver","Steam Power+1"],"picked":"Self Repair+1","floor":42},{"not_picked":["Conserve Battery","Reboot","Rip and Tear+1"],"picked":"Double Energy+1","floor":45},{"not_picked":["Rebound+1","Redo+1","Self Repair+1"],"picked":"Coolheaded","floor":47},{"not_picked":["Reprogram","Hello World+1","Conserve Battery"],"picked":"Capacitor","floor":48}],"player_experience":1623402,"relics_obtained":[{"floor":6.0,"key":"Bottled Flame"},{"floor":8.0,"key":"Pear"},{"floor":9.0,"key":"Whetstone"},{"floor":11.0,"key":"PreservedInsect"},{"floor":23.0,"key":"Mummified Hand"},{"floor":26.0,"key":"Smiling Mask"},{"floor":27.0,"key":"Ginger"},{"floor":31,"key":"War Paint"},{"floor":40,"key":"Matryoshka"},{"floor":42,"key":"Bronze Scales"},{"floor":43,"key":"DataDisk"},{"floor":43,"key":"Cables"},{"floor":45,"key":"Lantern"}],"event_choices":[{"damage_healed":0.0,"max_hp_gain":0.0,"max_hp_loss":0.0,"gold_gain":0.0,"event_name":"Shining Light","player_choice":"Entered Light","floor":10.0,"gold_loss":0.0,"damage_taken":18.0,"cards_upgraded":["Genetic Algorithm","Defend_B"]},{"damage_healed":0.0,"max_hp_gain":0.0,"max_hp_loss":0.0,"gold_gain":0.0,"event_name":"Scrap Ooze","player_choice":"Success","floor":13.0,"gold_loss":0.0,"damage_taken":7.0,"relics_obtained":["Question Card"]},{"damage_healed":0.0,"max_hp_gain":0.0,"max_hp_loss":0.0,"gold_gain":0.0,"event_name":"WeMeetAgain","player_choice":"Gave Potion","floor":22.0,"gold_loss":0.0,"damage_taken":0.0,"relics_obtained":["Gambling Chip"]},{"damage_healed":0.0,"max_hp_gain":0.0,"max_hp_loss":0.0,"gold_gain":0.0,"event_name":"Vampires","player_choice":"Ignored","floor":30.0,"gold_loss":0.0,"damage_taken":0.0},{"damage_healed":0,"gold_gain":0,"player_choice":"Got Potions","damage_taken":0,"max_hp_gain":0,"max_hp_loss":0,"event_name":"Lab","floor":46,"gold_loss":0}],"is_beta":true,"boss_relics":[{"not_picked":["Eternal Feather","Calling Bell"],"picked":"Astrolabe"},{"not_picked":["Lizard Tail","Fusion Hammer"],"picked":"Coffee Dripper"}],"items_purged_floors":[4,14],"is_endless":false,"potions_floor_spawned":[2,6,11,24,28,31,36,40,48],"ascension_level":1}