{"gold_per_floor":[99,99,99,99,99,99,99,99,99,99,99,99,69,69,69,69,69,69,69,69,9,9,9,9,9,9,9,9,9,9,9,9,9,9,9,9,9,9,9,9,9,9,9,9,9,9,9,9,9,9],"floor_reached":51,"playtime":2977,"items_purged":[],"score":1378,"play_id":"f357668a-d14a-484d-8bcf-c30bf9c53747","local_time":"20190526203341","is_ascension_mode":true,"campfire_choices":[{"data":"All Out Attack","floor":6,"key":"SMITH"},{"floor":10,"key":"REST"},{"floor":15,"key":"REST"},{"data":"Neutralize","floor":23,"key":"SMITH"},{"data":"Tactician","floor":25,"key":"SMITH"},{"floor":30,"key":"DIG"},{"floor":32,"key":"DIG"},{"floor":40,"key":"DIG"},{"floor":42,"key":"DIG"},{"floor":45,"key":"DIG"},{"floor":49,"key":"DIG"}],"neow_cost":"NONE","seed_source_timestamp":784756645028772,"circlet_count":0,"master_deck":["AscendersBane","Defend_G","Defend_G","Defend_G","Defend_G","Survivor","Neutralize+1","Dodge and Roll","Acrobatics+1","All Out Attack+1","Well Laid Plans","Leg Sweep","Dagger Throw","Underhanded Strike","Adrenaline","Predator","Bite","Bite","Bite","Bite","Bite","RitualDagger","Glass Knife","Tactician+1","Backflip","PiercingWail+1","Predator","Parasite","Underhanded Strike"],"relics":["Ectoplasm","Bag of Preparation","Shovel","FossilizedHelix","Du-Vu Doll","Philosopher\u0027s Stone","Turnip","Anchor","Pen Nib","StoneCalendar","Letter Opener","Sozu","Orichalcum","Dead Branch","Vajra","Centennial Puzzle","The Courier","Blue Candle","Snake Skull","Strawberry"],"potions_floor_usage":[11,16,18,24,50,50],"damage_taken":[{"damage":0,"enemies":"2 Louse","floor":1,"turns":3},{"damage":3,"enemies":"Jaw Worm","floor":2,"turns":5},{"damage":0,"enemies":"Cultist","floor":4,"turns":6},{"damage":12,"enemies":"Lots of Slimes","floor":5,"turns":3},{"damage":0,"enemies":"Exordium Thugs","floor":7,"turns":5},{"damage":32,"enemies":"Gremlin Nob","floor":8,"turns":5},{"damage":16,"enemies":"Lagavulin","floor":11,"turns":9},{"damage":0,"enemies":"Red Slaver","floor":12,"turns":3},{"damage":0,"enemies":"Looter","floor":13,"turns":3},{"damage":2,"enemies":"Slime Boss","floor":16,"turns":9},{"damage":0,"enemies":"3 Byrds","floor":18,"turns":4},{"damage":3,"enemies":"2 Thieves","floor":21,"turns":5},{"damage":0,"enemies":"Gremlin Leader","floor":24,"turns":5},{"damage":30,"enemies":"Slavers","floor":27,"turns":5},{"damage":0,"enemies":"Snecko","floor":28,"turns":3},{"damage":0,"enemies":"Chosen and Byrds","floor":29,"turns":4},{"damage":5,"enemies":"Champ","floor":33,"turns":10},{"damage":3,"enemies":"3 Darklings","floor":35,"turns":4},{"damage":4,"enemies":"3 Shapes","floor":36,"turns":4},{"damage":33,"enemies":"Writhing Mass","floor":38,"turns":7},{"damage":7,"enemies":"Reptomancer","floor":41,"turns":7},{"damage":21,"enemies":"Giant Head","floor":44,"turns":7},{"damage":0,"enemies":"4 Shapes","floor":46,"turns":5},{"damage":0,"enemies":"Transient","floor":47,"turns":5},{"damage":20,"enemies":"Writhing Mass","floor":48,"turns":8},{"damage":48,"enemies":"Time Eater","floor":50,"turns":9}],"seed_played":"7622702581134439449","potions_obtained":[{"floor":2,"key":"SteroidPotion"},{"floor":5,"key":"SneckoOil"},{"floor":8,"key":"Explosive Potion"},{"floor":11,"key":"Weak Potion"},{"floor":16,"key":"Fire Potion"},{"floor":21,"key":"SpeedPotion"},{"floor":27,"key":"SteroidPotion"},{"floor":28,"key":"Regen Potion"}],"is_trial":false,"path_per_floor":["M","M","?","M","M","R","M","E","T","R","E","M","M","?","R","B",null,"M","?","?","M","?","R","E","R","T","E","M","M","R","$","R","B",null,"M","M","$","M","T","R","E","R","T","E","R","M","M","M","R","B",null],"character_chosen":"THE_SILENT","items_purchased":[],"campfire_rested":2,"item_purchase_floors":[],"current_hp_per_floor":[59,56,56,56,44,44,44,12,12,31,15,15,15,4,23,21,55,55,46,40,46,46,46,46,46,46,26,32,44,44,44,44,43,45,45,46,46,23,23,23,36,36,36,29,29,37,46,36,43,28],"gold":9,"neow_bonus":"BOSS_RELIC","is_prod":false,"is_daily":false,"chose_seed":false,"campfire_upgraded":3,"win_rate":0,"timestamp":1558895621,"path_taken":["M","M","?","M","M","R","M","E","T","R","E","M","M","?","R","BOSS","M","?","?","M","?","R","E","R","T","E","M","?","R","$","R","BOSS","M","M","?","M","?","R","E","R","T","E","R","?","M","M","R","BOSS"],"build_version":"2019-01-23","purchased_purges":0,"victory":true,"max_hp_per_floor":[66,66,66,66,66,66,66,66,66,66,66,66,66,66,66,66,66,66,46,46,46,46,46,46,46,46,46,46,46,46,46,46,46,46,46,46,46,46,46,46,46,46,46,46,46,46,46,46,53,53],"card_choices":[{"not_picked":["Outmaneuver","Deadly Poison"],"picked":"Dodge and Roll","floor":1},{"not_picked":["Quick Slash","Leg Sweep"],"picked":"Acrobatics","floor":2},{"not_picked":["Flechettes","Die Die Die"],"picked":"All Out Attack","floor":4},{"not_picked":["Sucker Punch","Slice"],"picked":"Well Laid Plans","floor":5},{"not_picked":["Slice","Poisoned Stab"],"picked":"Leg Sweep","floor":7},{"not_picked":["Terror","Deadly Poison"],"picked":"Dagger Throw","floor":8},{"not_picked":["Slice","Envenom","Bane"],"picked":"SKIP","floor":11},{"not_picked":["Bane","Blade Dance"],"picked":"Underhanded Strike","floor":12},{"not_picked":["Deflect","Deadly Poison","Dodge and Roll"],"picked":"SKIP","floor":13},{"not_picked":["Corpse Explosion","Grand Finale"],"picked":"Adrenaline","floor":16},{"not_picked":["Bouncing Flask","Blade Dance+1"],"picked":"Predator","floor":18},{"not_picked":["Prepared","Flying Knee","Dagger Spray"],"picked":"SKIP","floor":21},{"not_picked":["Crippling Poison","Endless Agony"],"picked":"Tactician","floor":24},{"not_picked":["Dodge and Roll","Dash","Slice"],"picked":"SKIP","floor":27},{"not_picked":["Dagger Spray","Eviscerate"],"picked":"Backflip","floor":28},{"not_picked":["Blade Dance","Choke+1","Noxious Fumes"],"picked":"SKIP","floor":29},{"not_picked":["Cloak And Dagger","Outmaneuver+1","Flying Knee"],"picked":"SKIP","floor":35},{"not_picked":["Outmaneuver","Bane"],"picked":"PiercingWail+1","floor":36},{"not_picked":["Backflip+1","Cloak And Dagger+1","Acrobatics"],"picked":"SKIP","floor":38},{"not_picked":["Accuracy","Bane","Deflect"],"picked":"SKIP","floor":41},{"not_picked":["Sucker Punch","Escape Plan","Prepared"],"picked":"SKIP","floor":44},{"not_picked":["Doppelganger","Masterful Stab+1"],"picked":"Predator","floor":46},{"not_picked":["Cloak And Dagger","Dagger Spray+1","Bouncing Flask"],"picked":"SKIP","floor":47},{"not_picked":["Acrobatics","Prepared"],"picked":"Underhanded Strike","floor":48}],"player_experience":426652,"relics_obtained":[{"floor":8,"key":"Bag of Preparation"},{"floor":9,"key":"Shovel"},{"floor":11,"key":"FossilizedHelix"},{"floor":24,"key":"Turnip"},{"floor":26,"key":"Anchor"},{"floor":27,"key":"Pen Nib"},{"floor":30,"key":"StoneCalendar"},{"floor":32,"key":"Letter Opener"},{"floor":39,"key":"Orichalcum"},{"floor":40,"key":"Dead Branch"},{"floor":41,"key":"Vajra"},{"floor":42,"key":"Centennial Puzzle"},{"floor":43,"key":"The Courier"},{"floor":44,"key":"Blue Candle"},{"floor":45,"key":"Snake Skull"},{"floor":49,"key":"Strawberry"}],"event_choices":[{"damage_healed":0,"gold_gain":0,"player_choice":"Grow","damage_taken":0,"max_hp_gain":0,"max_hp_loss":0,"event_name":"Living Wall","floor":3,"gold_loss":0,"cards_upgraded":["Acrobatics"]},{"damage_healed":0,"gold_gain":0,"player_choice":"Success","damage_taken":11,"relics_obtained":["Du-Vu Doll"],"max_hp_gain":0,"max_hp_loss":0,"event_name":"Scrap Ooze","floor":14,"gold_loss":0},{"damage_healed":0,"gold_gain":0,"player_choice":"Became a vampire","damage_taken":0,"max_hp_gain":0,"max_hp_loss":20,"event_name":"Vampires","floor":19,"gold_loss":0,"cards_obtained":["Bite","Bite","Bite","Bite","Bite"]},{"damage_healed":0,"gold_gain":0,"player_choice":"Joined the Cult","damage_taken":6,"max_hp_gain":0,"max_hp_loss":0,"event_name":"Nest","floor":20,"gold_loss":0,"cards_obtained":["RitualDagger"]},{"damage_healed":0,"gold_gain":0,"cards_transformed":["Defend_G"],"player_choice":"Transformed","damage_taken":0,"max_hp_gain":0,"max_hp_loss":0,"event_name":"Transmorgrifier","floor":22,"gold_loss":0,"cards_obtained":["Glass Knife"]}],"is_beta":false,"boss_relics":[{"not_picked":["WristBlade","Runic Dome"],"picked":"Philosopher\u0027s Stone"},{"not_picked":["Snecko Eye","Eternal Feather"],"picked":"Sozu"}],"items_purged_floors":[],"is_endless":false,"potions_floor_spawned":[2,5,8,11,13,16,21,27,28,35,44,46,47,48],"ascension_level":15}