{"gold_per_floor":[110,110,120,41,60,85,85,85,85,110,110,110],"floor_reached":12,"playtime":469,"items_purged":[],"score":154,"play_id":"a0a5abfb-489e-4bd1-8129-d4ebefffb289","local_time":"20190403184823","is_ascension_mode":true,"campfire_choices":[{"data":"True Grit","floor":7,"key":"SMITH"}],"neow_cost":"NONE","seed_source_timestamp":432473374634890,"circlet_count":0,"master_deck":["AscendersBane","Strike_R","Strike_R+1","Strike_R","Strike_R","Strike_R","Defend_R","Defend_R+1","Defend_R","Defend_R","Bash+1","Feel No Pain","Inflame","Double Tap","Dropkick","True Grit+1"],"relics":["Burning Blood","NeowsBlessing","Mango","Dead Branch","Strawberry"],"potions_floor_usage":[10,12],"damage_taken":[{"damage":0,"enemies":"Cultist","floor":1,"turns":1},{"damage":0,"enemies":"Small Slimes","floor":3,"turns":1},{"damage":0,"enemies":"2 Louse","floor":5,"turns":1},{"damage":33,"enemies":"3 Sentries","floor":6,"turns":13},{"damage":17,"enemies":"Lagavulin","floor":10,"turns":6},{"damage":48,"enemies":"Gremlin Nob","floor":12,"turns":5}],"seed_played":"-8264817056397300247","potions_obtained":[{"floor":3,"key":"AttackPotion"},{"floor":6,"key":"Energy Potion"},{"floor":10,"key":"Poison Potion"}],"is_trial":false,"path_per_floor":["M","?","M","$","M","E","R","?","T","E","?","E"],"character_chosen":"IRONCLAD","items_purchased":["Double Tap"],"campfire_rested":0,"item_purchase_floors":[4],"current_hp_per_floor":[78,78,80,80,80,67,67,48,48,37,44,0],"gold":110,"neow_bonus":"THREE_ENEMY_KILL","is_prod":false,"is_daily":false,"chose_seed":false,"campfire_upgraded":1,"win_rate":0,"timestamp":1554310103,"path_taken":["M","?","?","$","M","E","R","?","T","E","?","E"],"build_version":"2019-01-23","purchased_purges":0,"victory":false,"max_hp_per_floor":[80,80,80,80,80,94,94,94,94,94,101,101],"card_choices":[{"not_picked":["Clash","Havoc"],"picked":"Feel No Pain","floor":1},{"not_picked":["Anger","Flex"],"picked":"Inflame","floor":3},{"not_picked":["Rampage","Twin Strike"],"picked":"Dropkick","floor":5},{"not_picked":["Headbutt","Corruption"],"picked":"True Grit","floor":6},{"not_picked":["Entrench","Searing Blow","Anger"],"picked":"SKIP","floor":10}],"player_experience":196575,"relics_obtained":[{"floor":6,"key":"Mango"},{"floor":10,"key":"Dead Branch"}],"event_choices":[{"damage_healed":0,"gold_gain":0,"player_choice":"Upgraded","damage_taken":0,"max_hp_gain":0,"max_hp_loss":0,"event_name":"Upgrade Shrine","floor":2,"gold_loss":0,"cards_upgraded":["Bash"]},{"damage_healed":0,"gold_gain":0,"player_choice":"Entered Light","damage_taken":19,"max_hp_gain":0,"max_hp_loss":0,"event_name":"Shining Light","floor":8,"gold_loss":0,"cards_upgraded":["Defend_R","Strike_R"]},{"damage_healed":0,"gold_gain":0,"player_choice":"Gave Potion","damage_taken":0,"relics_obtained":["Strawberry"],"max_hp_gain":0,"max_hp_loss":0,"event_name":"WeMeetAgain","floor":11,"gold_loss":0}],"is_beta":false,"boss_relics":[],"items_purged_floors":[],"is_endless":false,"potions_floor_spawned":[3,6,10],"killed_by":"Gremlin Nob","ascension_level":10}