{"gold_per_floor":[114,187,200,66,66,94,94,123,146,146,146,175,175,4,4,77,77,90,90,101,112,131,131],"floor_reached":23,"playtime":783,"items_purged":[],"score":414,"play_id":"18100086-4440-47d2-89ff-99447a0df2ac","local_time":"20190602144150","is_ascension_mode":true,"campfire_choices":[{"data":"Immolate","floor":7.0,"key":"SMITH"},{"floor":10.0,"key":"REST"},{"data":"Disarm","floor":13.0,"key":"SMITH"},{"data":"Immolate","floor":15.0,"key":"SMITH"}],"neow_cost":"CURSE","seed_source_timestamp":1370689075143178,"circlet_count":0,"master_deck":["AscendersBane","Strike_R","Strike_R","Strike_R","Strike_R","Strike_R","Defend_R","Defend_R","Defend_R","Defend_R","Bash","Doubt","Immolate+1","Disarm+1","True Grit","Immolate+1","Second Wind","Shrug It Off","Pommel Strike","Immolate","Intimidate+1","Ghostly Armor"],"special_seed":0,"relics":["Burning Blood","Letter Opener","StoneCalendar","Strawberry","Centennial Puzzle","Pen Nib","Dream Catcher","Bronze Scales","Sozu"],"potions_floor_usage":[23,23],"damage_taken":[{"damage":7.0,"enemies":"Cultist","floor":1.0,"turns":4.0},{"damage":0.0,"enemies":"2 Louse","floor":3.0,"turns":2.0},{"damage":38.0,"enemies":"3 Sentries","floor":6.0,"turns":7.0},{"damage":35.0,"enemies":"Gremlin Nob","floor":8.0,"turns":5.0},{"damage":5.0,"enemies":"3 Sentries","floor":12.0,"turns":3.0},{"damage":9.0,"enemies":"Hexaghost","floor":16.0,"turns":8.0},{"damage":1.0,"enemies":"Spheric Guardian","floor":18.0,"turns":3.0},{"damage":19.0,"enemies":"Shell Parasite","floor":20.0,"turns":4.0},{"damage":31.0,"enemies":"Shelled Parasite and Fungi","floor":21.0,"turns":5.0},{"damage":1.0,"enemies":"Centurion and Healer","floor":22.0,"turns":5.0},{"damage":29,"enemies":"Gremlin Leader","floor":23,"turns":6}],"seed_played":"-3620943864979087037","potions_obtained":[{"floor":6.0,"key":"Weak Potion"},{"floor":12.0,"key":"SpeedPotion"},{"floor":16.0,"key":"SpeedPotion"}],"is_trial":false,"path_per_floor":["M","T","M","$","?","E","R","E","T","R","?","E","R","$","R","B",null,"M","?","M","M","M","E"],"character_chosen":"IRONCLAD","items_purchased":["True Grit","Immolate","Bronze Scales"],"campfire_rested":1,"item_purchase_floors":[4,4,14],"current_hp_per_floor":[67,67,73,73,62,37,37,8,8,32,32,33,33,33,33,30,69,74,62,49,24,29,0],"gold":131,"neow_bonus":"THREE_RARE_CARDS","is_prod":false,"is_daily":false,"chose_seed":false,"campfire_upgraded":3,"win_rate":0,"timestamp":1559479310,"path_taken":["M","?","M","$","?","E","R","E","T","R","?","E","R","$","R","BOSS","M","?","?","M","M","E"],"build_version":"2019-01-23","purchased_purges":0,"victory":false,"max_hp_per_floor":[75,75,75,75,75,82,82,82,82,82,82,82,82,82,82,82,82,82,82,82,82,82,82],"card_choices":[{"not_picked":["Offering","Exhume"],"picked":"Immolate","floor":0.0},{"not_picked":["Warcry","Sword Boomerang","Heavy Blade"],"picked":"SKIP","floor":1.0},{"not_picked":["Warcry","Wild Strike"],"picked":"Disarm","floor":3.0},{"not_picked":["Hemokinesis","Shockwave"],"picked":"Second Wind","floor":6.0},{"not_picked":["Sentinel","Immolate"],"picked":"Shrug It Off","floor":8.0},{"not_picked":["Heavy Blade","Cleave"],"picked":"Pommel Strike","floor":12.0},{"not_picked":["Berserk","Dark Embrace"],"picked":"Immolate","floor":16.0},{"not_picked":["Body Slam","Pummel"],"picked":"Intimidate+1","floor":18.0},{"not_picked":["Twin Strike","Clothesline","Flex"],"picked":"SKIP","floor":20.0},{"not_picked":["Flex","Anger"],"picked":"Ghostly Armor","floor":21.0},{"not_picked":["Thunderclap","Wild Strike","Hemokinesis"],"picked":"SKIP","floor":22.0}],"player_experience":496692,"relics_obtained":[{"floor":2.0,"key":"Letter Opener"},{"floor":6.0,"key":"Strawberry"},{"floor":8.0,"key":"Centennial Puzzle"},{"floor":9.0,"key":"Pen Nib"},{"floor":12.0,"key":"Dream Catcher"}],"event_choices":[{"damage_healed":0.0,"max_hp_gain":0.0,"max_hp_loss":0.0,"gold_gain":0.0,"event_name":"Scrap Ooze","player_choice":"Success","floor":5.0,"gold_loss":0.0,"damage_taken":11.0,"relics_obtained":["StoneCalendar"]},{"damage_healed":0.0,"max_hp_gain":0.0,"max_hp_loss":0.0,"gold_gain":0.0,"event_name":"Shining Light","player_choice":"Ignored","floor":11.0,"gold_loss":0.0,"damage_taken":0.0},{"damage_healed":0.0,"max_hp_gain":0.0,"max_hp_loss":0.0,"gold_gain":0.0,"event_name":"Wheel of Change","player_choice":"Damaged","floor":19.0,"gold_loss":0.0,"damage_taken":12.0}],"is_beta":false,"boss_relics":[{"not_picked":["Lizard Tail","Runic Dome"],"picked":"Sozu"}],"items_purged_floors":[],"is_endless":false,"potions_floor_spawned":[6,12,16,20,21],"killed_by":"Gremlin Leader","ascension_level":20}