{"gold_per_floor":[109,109,20,20,40,40,57,90,90,108,108,120,120,45,45,118,118,137,151,151,164,164,164,164,178,178,205,205,235,253,90,90,168,168,186,198,208,208,219,219,219],"floor_reached":41,"playtime":2344,"items_purged":["Parasite"],"score":844,"play_id":"a6c38014-c355-46b8-a37b-13da09294c40","local_time":"20190603173123","is_ascension_mode":true,"campfire_choices":[{"data":"Cloak And Dagger","floor":6,"key":"SMITH"},{"data":"Infinite Blades","floor":11,"key":"SMITH"},{"data":"Leg Sweep","floor":15,"key":"SMITH"},{"floor":23,"key":"REST"},{"floor":28,"key":"REST"},{"floor":32,"key":"REST"},{"data":"Concentrate","floor":40,"key":"SMITH"}],"neow_cost":"NONE","seed_source_timestamp":1465742345181787,"circlet_count":0,"master_deck":["AscendersBane","Defend_G+1","Defend_G+1","Defend_G+1","Defend_G+1","Defend_G+1","Strike_G+1","Strike_G+1","Survivor","PiercingWail","Infinite Blades+1","Cloak And Dagger+1","Dash","Footwork+1","Leg Sweep+1","Envenom+1","Predator+1","Footwork+1","A Thousand Cuts+1","Skewer","Outmaneuver","Storm of Steel","Concentrate+1","Adrenaline","Predator","Leg Sweep"],"relics":["Lizard Tail","Frozen Egg 2","Sundial","Snecko Eye","Bottled Flame","Centennial Puzzle","The Specimen","Lantern","Sozu"],"potions_floor_usage":[8,10,25,27,30,37,41],"damage_taken":[{"damage":18,"enemies":"Jaw Worm","floor":1,"turns":8},{"damage":4,"enemies":"Cultist","floor":5,"turns":6},{"damage":0,"enemies":"2 Louse","floor":7,"turns":2},{"damage":14,"enemies":"3 Sentries","floor":8,"turns":7},{"damage":0,"enemies":"Lots of Slimes","floor":10,"turns":4},{"damage":0,"enemies":"2 Fungi Beasts","floor":12,"turns":4},{"damage":41,"enemies":"The Guardian","floor":16,"turns":24},{"damage":7,"enemies":"Chosen","floor":18,"turns":6},{"damage":9,"enemies":"Spheric Guardian","floor":19,"turns":7},{"damage":26,"enemies":"Centurion and Healer","floor":21,"turns":8},{"damage":0,"enemies":"3 Cultists","floor":25,"turns":4},{"damage":16,"enemies":"Slavers","floor":27,"turns":5},{"damage":20,"enemies":"Gremlin Leader","floor":29,"turns":8},{"damage":2,"enemies":"Chosen and Byrds","floor":30,"turns":4},{"damage":15,"enemies":"Automaton","floor":33,"turns":11},{"damage":4,"enemies":"3 Darklings","floor":35,"turns":5},{"damage":11,"enemies":"3 Shapes","floor":36,"turns":2},{"damage":1,"enemies":"3 Darklings","floor":37,"turns":3},{"damage":13,"enemies":"Sphere and 2 Shapes","floor":39,"turns":5},{"damage":27,"enemies":"Reptomancer","floor":41,"turns":2}],"seed_played":"7709697113777288094","potions_obtained":[{"floor":1,"key":"PowerPotion"},{"floor":5,"key":"GhostInAJar"},{"floor":10,"key":"FearPotion"},{"floor":21,"key":"Energy Potion"},{"floor":25,"key":"FearPotion"},{"floor":29,"key":"Energy Potion"},{"floor":30,"key":"FearPotion"},{"floor":33,"key":"GhostInAJar"}],"is_trial":false,"path_per_floor":["M","?","$","?","M","R","M","E","T","M","R","M","?","$","R","B",null,"M","M","?","M","?","R","?","M","T","E","R","E","M","$","R","B",null,"M","M","M","?","M","R","E"],"character_chosen":"THE_SILENT","items_purchased":["Infinite Blades","Lantern"],"campfire_rested":3,"item_purchase_floors":[3,31],"current_hp_per_floor":[41,41,41,41,37,37,37,23,23,23,23,23,39,39,39,31,55,48,39,39,13,13,31,31,31,31,15,33,13,11,11,29,14,51,47,36,35,35,22,22,0],"gold":219,"neow_bonus":"BOSS_RELIC","is_prod":false,"is_daily":false,"chose_seed":false,"campfire_upgraded":4,"win_rate":0,"timestamp":1559575883,"path_taken":["M","?","?","?","M","R","M","E","T","M","R","?","?","$","R","BOSS","M","M","?","?","?","R","?","M","T","E","R","E","?","?","R","BOSS","M","M","M","?","M","R","E"],"build_version":"2019-01-23","purchased_purges":1,"victory":false,"max_hp_per_floor":[66,66,66,66,66,66,66,66,66,66,66,66,66,63,63,63,63,63,63,63,63,63,63,63,63,63,63,63,63,63,63,63,63,63,63,63,63,63,63,63,63],"card_choices":[{"not_picked":["Eviscerate","Prepared"],"picked":"PiercingWail","floor":1},{"not_picked":["Underhanded Strike","Backflip"],"picked":"Dagger Spray","floor":5},{"not_picked":["Bane","Dodge and Roll"],"picked":"Dash","floor":7},{"not_picked":["Dagger Throw","Acrobatics"],"picked":"Footwork","floor":8},{"not_picked":["Deadly Poison","Reflex","Underhanded Strike"],"picked":"SKIP","floor":10},{"not_picked":["Skewer","Outmaneuver"],"picked":"Leg Sweep","floor":12},{"not_picked":["Venomology","Tools of the Trade+1"],"picked":"Envenom+1","floor":16},{"not_picked":["Dodge and Roll","Outmaneuver"],"picked":"Predator+1","floor":18},{"not_picked":["Quick Slash","Prepared"],"picked":"Footwork+1","floor":19},{"not_picked":["Caltrops+1","Dagger Spray+1","Masterful Stab"],"picked":"SKIP","floor":21},{"not_picked":["Flying Knee","Prepared"],"picked":"Skewer","floor":25},{"not_picked":["Infinite Blades+1","Bouncing Flask"],"picked":"Outmaneuver","floor":27},{"not_picked":["Dagger Throw","Underhanded Strike"],"picked":"Storm of Steel","floor":29},{"not_picked":["Well Laid Plans+1","Prepared"],"picked":"Concentrate","floor":30},{"not_picked":["Unload","After Image+1"],"picked":"Adrenaline","floor":33},{"not_picked":["Blade Dance+1","Poisoned Stab","Slice+1"],"picked":"SKIP","floor":35},{"not_picked":["Dagger Spray","Doppelganger"],"picked":"Predator","floor":36},{"not_picked":["Bane","Quick Slash","Escape Plan+1"],"picked":"SKIP","floor":37},{"not_picked":["Distraction+1","Quick Slash"],"picked":"Leg Sweep","floor":39}],"player_experience":510360,"relics_obtained":[{"floor":8,"key":"Frozen Egg 2"},{"floor":9,"key":"Sundial"},{"floor":26,"key":"Bottled Flame"},{"floor":27,"key":"Centennial Puzzle"},{"floor":29,"key":"The Specimen"}],"event_choices":[{"cards_removed":["Strike_G"],"damage_healed":0,"gold_gain":0,"player_choice":"Purged","damage_taken":0,"max_hp_gain":0,"max_hp_loss":0,"event_name":"Purifier","floor":2,"gold_loss":0},{"damage_healed":0,"gold_gain":0,"cards_transformed":["Strike_G"],"player_choice":"Transformed","damage_taken":0,"max_hp_gain":0,"max_hp_loss":0,"event_name":"Transmorgrifier","floor":4,"gold_loss":0,"cards_obtained":["Cloak And Dagger"]},{"damage_healed":16,"gold_gain":0,"player_choice":"Healed and dodged fight","damage_taken":0,"max_hp_gain":0,"max_hp_loss":0,"event_name":"Mushrooms","floor":13,"gold_loss":0,"cards_obtained":["Parasite"]},{"cards_removed":["Strike_G"],"damage_healed":0,"gold_gain":0,"player_choice":"Purged","damage_taken":0,"max_hp_gain":0,"max_hp_loss":0,"event_name":"Purifier","floor":20,"gold_loss":0},{"damage_healed":0,"gold_gain":0,"player_choice":"Simplicity","damage_taken":0,"max_hp_gain":0,"max_hp_loss":0,"event_name":"Back to Basics","floor":22,"gold_loss":0,"cards_upgraded":["Defend_G","Defend_G","Defend_G","Defend_G","Defend_G","Strike_G","Strike_G"]},{"damage_healed":0,"gold_gain":0,"cards_transformed":["Neutralize"],"player_choice":"Transformed","damage_taken":0,"max_hp_gain":0,"max_hp_loss":0,"event_name":"Transmorgrifier","floor":24,"gold_loss":0,"cards_obtained":["A Thousand Cuts"]},{"cards_removed":["Dagger Spray"],"damage_healed":0,"gold_gain":0,"player_choice":"Removed Attack","damage_taken":0,"max_hp_gain":0,"max_hp_loss":0,"event_name":"Falling","floor":38,"gold_loss":0}],"is_beta":false,"boss_relics":[{"not_picked":["Calling Bell","Tiny House"],"picked":"Snecko Eye"},{"not_picked":["Runic Pyramid","Velvet Choker"],"picked":"Sozu"}],"items_purged_floors":[14],"is_endless":false,"potions_floor_spawned":[1,5,7,10,21,25,29,30,33,35,36],"killed_by":"Reptomancer","ascension_level":19}