{"gold_per_floor":[109,109,109,284,303,303,315,315,315,342,356,368,394,394,394,491,491,507,523,523,540,156,156,156,81,131,131,131,131,81,100,100,100],"floor_reached":33,"playtime":1204,"items_purged":["Doubt","Havoc+1"],"score":392,"play_id":"df5a35ba-cd68-422b-8304-4e2c51f41c19","local_time":"20190505151442","is_ascension_mode":true,"campfire_choices":[{"data":"Trip","floor":6.0,"key":"SMITH"},{"data":"Body Slam","floor":8.0,"key":"SMITH"},{"data":"Uppercut","floor":15.0,"key":"SMITH"},{"data":"True Grit","floor":23.0,"key":"SMITH"},{"data":"Feed","floor":27.0,"key":"SMITH"},{"floor":29.0,"key":"REST"},{"data":"Dropkick","floor":32.0,"key":"SMITH"}],"neow_cost":"TEN_PERCENT_HP_LOSS","seed_source_timestamp":1571036144325404,"circlet_count":0,"master_deck":["AscendersBane","Strike_R","Strike_R","Strike_R","Strike_R","Defend_R","Defend_R","Defend_R","PanicButton","Trip+1","Flame Barrier","Uppercut+1","Body Slam+1","Dropkick+1","True Grit+1","Dropkick","Feed+1","Dropkick+1","Thunderclap"],"special_seed":0,"relics":["Burning Blood","Incense Burner","Paper Frog","Ornamental Fan","Blood Vial","Pear","Astrolabe","Bag of Preparation","Strawberry","Smiling Mask","Red Skull"],"potions_floor_usage":[],"damage_taken":[{"damage":0.0,"enemies":"Small Slimes","floor":1.0,"turns":3.0},{"damage":0.0,"enemies":"Jaw Worm","floor":5.0,"turns":5.0},{"damage":0.0,"enemies":"2 Louse","floor":7.0,"turns":2.0},{"damage":42.0,"enemies":"Gremlin Nob","floor":10.0,"turns":6.0},{"damage":4.0,"enemies":"Blue Slaver","floor":11.0,"turns":4.0},{"damage":0.0,"enemies":"Looter","floor":12.0,"turns":3.0},{"damage":37.0,"enemies":"3 Sentries","floor":13.0,"turns":12.0},{"damage":27.0,"enemies":"Hexaghost","floor":16.0,"turns":12.0},{"damage":33.0,"enemies":"Spheric Guardian","floor":18.0,"turns":7.0},{"damage":7.0,"enemies":"3 Byrds","floor":19.0,"turns":5.0},{"damage":29.0,"enemies":"Shelled Parasite and Fungi","floor":21.0,"turns":8.0},{"damage":0.0,"enemies":"Centurion and Healer","floor":31.0,"turns":4.0},{"damage":69,"enemies":"Automaton","floor":33,"turns":8}],"seed_played":"8649289821315928965","potions_obtained":[{"floor":10.0,"key":"SpeedPotion"},{"floor":11.0,"key":"Regen Potion"},{"floor":12.0,"key":"FearPotion"},{"floor":13.0,"key":"Fire Potion"}],"is_trial":false,"path_per_floor":["M","?","T","?","M","R","M","R","T","E","M","M","E","?","R","B",null,"M","M","?","M","$","R","?","?","T","R","T","R","$","M","R","B"],"character_chosen":"IRONCLAD","items_purchased":["Bag of Preparation","Strawberry","Thunderclap"],"campfire_rested":1,"item_purchase_floors":[22,22,22],"current_hp_per_floor":[72,65,65,65,71,71,72,72,72,36,38,44,28,35,35,16,66,41,42,42,21,28,28,28,28,28,28,28,54,54,66,66,0],"gold":100,"neow_bonus":"RANDOM_COLORLESS_2","is_prod":false,"is_daily":false,"chose_seed":false,"campfire_upgraded":6,"win_rate":0,"timestamp":1557062082,"path_taken":["M","?","?","?","M","R","M","R","T","E","?","M","E","?","R","BOSS","M","M","?","M","$","R","?","?","T","R","?","R","$","M","R","BOSS"],"build_version":"2019-01-23","purchased_purges":2,"victory":false,"max_hp_per_floor":[72,72,72,72,72,72,72,72,72,72,72,72,72,82,82,82,82,82,82,82,82,89,89,89,89,89,89,89,89,89,93,93,93],"card_choices":[{"not_picked":["Headbutt","Twin Strike"],"picked":"Flame Barrier","floor":1.0},{"not_picked":["Blood for Blood","Havoc"],"picked":"Uppercut","floor":5.0},{"not_picked":["True Grit","Blood for Blood"],"picked":"Body Slam","floor":7.0},{"not_picked":["Headbutt","Demon Form"],"picked":"Entrench","floor":10.0},{"not_picked":["Heavy Blade","Armaments"],"picked":"Dropkick","floor":11.0},{"not_picked":["Clothesline","Hemokinesis"],"picked":"True Grit","floor":12.0},{"not_picked":["Havoc","Perfected Strike"],"picked":"Dropkick","floor":13.0},{"not_picked":["Demon Form","Fiend Fire"],"picked":"Feed","floor":16.0},{"not_picked":["Clothesline","Spot Weakness","Hemokinesis+1"],"picked":"SKIP","floor":18.0},{"not_picked":["Body Slam+1","Second Wind","Armaments"],"picked":"SKIP","floor":19.0},{"not_picked":["Clash+1","Pummel","Body Slam"],"picked":"SKIP","floor":21.0},{"not_picked":["Ghostly Armor","Shrug It Off","Wild Strike"],"picked":"SKIP","floor":31.0}],"player_experience":239996,"relics_obtained":[{"floor":3.0,"key":"Incense Burner"},{"floor":9.0,"key":"Paper Frog"},{"floor":10.0,"key":"Ornamental Fan"},{"floor":13.0,"key":"Blood Vial"},{"floor":26.0,"key":"Smiling Mask"},{"floor":28.0,"key":"Red Skull"}],"event_choices":[{"cards_removed":["Strike_R"],"damage_healed":0.0,"max_hp_gain":0.0,"max_hp_loss":0.0,"gold_gain":0.0,"event_name":"Golden Wing","player_choice":"Card Removal","floor":2.0,"gold_loss":0.0,"damage_taken":7.0},{"damage_healed":0.0,"max_hp_gain":0.0,"max_hp_loss":0.0,"gold_gain":175.0,"event_name":"Liars Game","player_choice":"AGREE","floor":4.0,"gold_loss":0.0,"damage_taken":0.0,"cards_obtained":["Doubt"]},{"damage_healed":0.0,"max_hp_gain":0.0,"max_hp_loss":0.0,"gold_gain":0.0,"event_name":"Scrap Ooze","player_choice":"Success","floor":14.0,"gold_loss":0.0,"damage_taken":3.0,"relics_obtained":["Pear"]},{"damage_healed":0.0,"max_hp_gain":0.0,"max_hp_loss":0.0,"gold_gain":0.0,"event_name":"Ghosts","player_choice":"Ignored","floor":20.0,"gold_loss":0.0,"damage_taken":0.0},{"damage_healed":0.0,"max_hp_gain":0.0,"max_hp_loss":0.0,"gold_gain":0.0,"event_name":"Cursed Tome","player_choice":"Ignored","floor":24.0,"gold_loss":0.0,"damage_taken":0.0},{"cards_removed":["Brutality"],"damage_healed":0.0,"max_hp_gain":0.0,"max_hp_loss":0.0,"gold_gain":0.0,"event_name":"Beggar","player_choice":"Gave Gold","floor":25.0,"gold_loss":75.0,"damage_taken":0.0}],"is_beta":false,"boss_relics":[{"not_picked":["Velvet Choker","Orrery"],"picked":"Astrolabe"}],"items_purged_floors":[22,30],"is_endless":false,"potions_floor_spawned":[10,11,12,13],"killed_by":"Automaton","ascension_level":11}