{"gold_per_floor":[110,110,90,105,105,105,140,140,221,233,233,136,146,171,171,248,248,266,299,317,191,241,241,156,173,242,253,253,56,88,108,108,185,185,195,205,257,272,272,272,297,307,358,408,734,734,834,844,844,844],"floor_reached":51,"playtime":2749,"items_purged":["Writhe","Strike_B","Writhe"],"score":1289,"play_id":"1dff4335-44fa-4adf-8aa5-eea54a1d0cfd","local_time":"20190529185603","is_ascension_mode":true,"campfire_choices":[{"data":"Zap","floor":6,"key":"SMITH"},{"data":"Chaos","floor":8,"key":"SMITH"},{"data":"Defragment","floor":11,"key":"SMITH"},{"data":"Coolheaded","floor":15,"key":"SMITH"},{"data":"Fission","floor":23,"key":"SMITH"},{"data":"Redo","floor":32,"key":"SMITH"},{"data":"Coolheaded","floor":40,"key":"SMITH"},{"floor":49,"key":"REST"}],"neow_cost":"CURSE","seed_source_timestamp":1038290404955489,"circlet_count":0,"master_deck":["AscendersBane","Strike_B","Defend_B","Defend_B","Defend_B","Zap+1","Echo Form","Compile Driver","Chaos+1","Self Repair","Defragment+1","Coolheaded+1","Coolheaded+1","Thunder Strike","Fission+1","Electrodynamics+1","Aggregate+1","Redo+1","Defragment","Capacitor","Conserve Battery+1","Reboot","Loop+1","Tempest+1"],"special_seed":0,"relics":["Cracked Core","Centennial Puzzle","Mercury Hourglass","Nunchaku","Astrolabe","Red Mask","Molten Egg 2","Darkstone Periapt","Bag of Preparation","Juzu Bracelet","Nuclear Battery","Ginger","Art of War","Regal Pillow","Old Coin","Peace Pipe"],"potions_floor_usage":[14,16,25,37,37],"damage_taken":[{"damage":1.0,"enemies":"Cultist","floor":1.0,"turns":4.0},{"damage":12,"enemies":"Jaw Worm","floor":4,"turns":3},{"damage":6,"enemies":"Lagavulin","floor":7,"turns":6},{"damage":2,"enemies":"2 Louse","floor":10,"turns":2},{"damage":8,"enemies":"2 Fungi Beasts","floor":13,"turns":3},{"damage":24,"enemies":"Gremlin Nob","floor":14,"turns":4},{"damage":6,"enemies":"The Guardian","floor":16,"turns":8},{"damage":0,"enemies":"3 Byrds","floor":18,"turns":1},{"damage":0,"enemies":"Masked Bandits","floor":19,"turns":2},{"damage":8,"enemies":"Spheric Guardian","floor":20,"turns":4},{"damage":10,"enemies":"Snake Plant","floor":25,"turns":3},{"damage":13,"enemies":"3 Cultists","floor":27,"turns":3},{"damage":12,"enemies":"Gremlin Leader","floor":30,"turns":5},{"damage":5,"enemies":"Centurion and Healer","floor":31,"turns":5},{"damage":50,"enemies":"Collector","floor":33,"turns":8},{"damage":0,"enemies":"3 Shapes","floor":35,"turns":2},{"damage":0,"enemies":"Orb Walker","floor":36,"turns":2},{"damage":23,"enemies":"2 Orb Walkers","floor":37,"turns":6},{"damage":13,"enemies":"4 Shapes","floor":38,"turns":7},{"damage":0,"enemies":"Nemesis","floor":41,"turns":7},{"damage":0,"enemies":"3 Darklings","floor":42,"turns":1},{"damage":18,"enemies":"Giant Head","floor":45,"turns":7},{"damage":17,"enemies":"Mind Bloom Boss Battle","floor":47,"turns":6},{"damage":0,"enemies":"Jaw Worm Horde","floor":48,"turns":2},{"damage":37,"enemies":"Donu and Deca","floor":50,"turns":4}],"seed_played":"-1583202481124354792","potions_obtained":[{"floor":3.0,"key":"Explosive Potion"},{"floor":10,"key":"Poison Potion"},{"floor":14,"key":"Poison Potion"},{"floor":16,"key":"Explosive Potion"},{"floor":20,"key":"Block Potion"},{"floor":25,"key":"SteroidPotion"},{"floor":41,"key":"SpeedPotion"},{"floor":45,"key":"Dexterity Potion"},{"floor":47,"key":"Energy Potion"},{"floor":48,"key":"Energy Potion"}],"is_trial":false,"path_per_floor":["M","?","?","M","?","R","E","R","T","M","R","$","M","E","R","B",null,"M","?","M","$","?","R","?","M","T","M","?","$","E","M","R","B",null,"M","M","?","M","?","R","E","M","T","?","E","?","?","M","R","B",null],"character_chosen":"DEFECT","items_purchased":["Coolheaded","Redo","Capacitor"],"campfire_rested":1,"item_purchase_floors":[12,21,29],"current_hp_per_floor":[63,63,63,51,51,51,45,45,45,50,50,50,49,32,32,33,62,62,62,68,68,68,68,68,65,65,52,58,58,53,62,62,19,63,63,70,54,41,41,41,48,48,48,48,44,44,34,34,70,40],"gold":844,"neow_bonus":"THREE_RARE_CARDS","is_prod":false,"is_daily":false,"chose_seed":false,"campfire_upgraded":7,"win_rate":0,"timestamp":1559148963,"path_taken":["M","?","?","?","?","R","E","R","T","M","R","$","M","E","R","BOSS","M","?","M","$","?","R","?","M","T","M","?","$","E","M","R","BOSS","M","M","?","M","?","R","E","M","T","?","E","?","?","M","R","BOSS"],"build_version":"2019-01-23","purchased_purges":3,"victory":true,"max_hp_per_floor":[71,71,71,71,71,71,71,71,71,71,71,71,71,71,71,71,71,71,71,71,71,71,71,71,71,71,71,77,77,77,77,77,77,77,77,77,77,77,77,77,77,77,77,77,77,73,73,73,73,73],"card_choices":[{"not_picked":["Thunder Strike","Rainbow"],"picked":"Echo Form","floor":0.0},{"not_picked":["Stack","Auto Shields"],"picked":"Compile Driver","floor":1.0},{"not_picked":["Barrage","Hologram"],"picked":"Chaos","floor":4},{"not_picked":["Beam Cell","Rebound"],"picked":"Self Repair","floor":7},{"not_picked":["White Noise","Cold Snap"],"picked":"Defragment","floor":10},{"not_picked":["Go for the Eyes","Cold Snap"],"picked":"Coolheaded","floor":13},{"not_picked":["Darkness","Creative AI"],"picked":"Thunder Strike","floor":14},{"not_picked":["Creative AI","Multi-Cast"],"picked":"Fission","floor":16},{"not_picked":["Doom and Gloom+1","Compile Driver","Streamline"],"picked":"SKIP","floor":18},{"not_picked":["BootSequence","Cold Snap","Storm"],"picked":"SKIP","floor":20},{"not_picked":["Hologram","Coolheaded+1"],"picked":"Defragment","floor":25},{"not_picked":["Cold Snap+1","Hologram","Hello World"],"picked":"SKIP","floor":27},{"not_picked":["White Noise","Coolheaded"],"picked":"Conserve Battery+1","floor":30},{"not_picked":["Leap","Steam","Defragment"],"picked":"SKIP","floor":31},{"not_picked":["Echo Form","Buffer"],"picked":"Reboot","floor":33},{"not_picked":["Rebound+1","Hologram+1","Ball Lightning+1"],"picked":"SKIP","floor":35},{"not_picked":["Streamline+1","Go for the Eyes+1","Leap"],"picked":"SKIP","floor":36},{"not_picked":["Rebound+1","Turbo","Ball Lightning+1"],"picked":"SKIP","floor":38},{"not_picked":["Cold Snap+1","Hologram"],"picked":"Loop+1","floor":41},{"not_picked":["Hello World","Stack","Defragment"],"picked":"SKIP","floor":42},{"not_picked":["Genetic Algorithm+1","Reprogram","Barrage+1"],"picked":"SKIP","floor":45},{"not_picked":["Fusion","Machine Learning"],"picked":"Tempest+1","floor":47},{"not_picked":["Sweeping Beam+1","Leap+1","Coolheaded+1"],"picked":"SKIP","floor":48}],"player_experience":457627,"relics_obtained":[{"floor":7,"key":"Centennial Puzzle"},{"floor":9,"key":"Mercury Hourglass"},{"floor":14,"key":"Nunchaku"},{"floor":19,"key":"Red Mask"},{"floor":26,"key":"Darkstone Periapt"},{"floor":30,"key":"Juzu Bracelet"},{"floor":37,"key":"Ginger"},{"floor":41,"key":"Art of War"},{"floor":43,"key":"Regal Pillow"},{"floor":45,"key":"Old Coin"},{"floor":47,"key":"Peace Pipe"}],"event_choices":[{"cards_removed":["Strike_B"],"damage_healed":0.0,"max_hp_gain":0.0,"max_hp_loss":0.0,"gold_gain":0.0,"event_name":"Living Wall","player_choice":"Forget","floor":2.0,"gold_loss":0.0,"damage_taken":0.0},{"damage_healed":0.0,"max_hp_gain":0.0,"max_hp_loss":0.0,"gold_gain":0.0,"event_name":"The Woman in Blue","player_choice":"Bought 1 Potion","floor":3.0,"gold_loss":0.0,"damage_taken":0.0},{"damage_healed":0,"gold_gain":0,"player_choice":"Ignored","damage_taken":0,"max_hp_gain":0,"max_hp_loss":0,"event_name":"Liars Game","floor":5,"gold_loss":0},{"damage_healed":0,"gold_gain":0,"player_choice":"Fought Bandits","damage_taken":0,"max_hp_gain":0,"max_hp_loss":0,"event_name":"Masked Bandits","floor":19,"gold_loss":0},{"damage_healed":0,"gold_gain":50,"player_choice":"Stole From Cult","damage_taken":0,"max_hp_gain":0,"max_hp_loss":0,"event_name":"Nest","floor":22,"gold_loss":0},{"damage_healed":0,"gold_gain":0,"player_choice":"Obtained Relic","damage_taken":0,"relics_obtained":["Molten Egg 2"],"max_hp_gain":0,"max_hp_loss":0,"event_name":"Addict","floor":24,"gold_loss":85},{"damage_healed":0,"gold_gain":0,"player_choice":"Opened","damage_taken":0,"relics_obtained":["Bag of Preparation"],"max_hp_gain":0,"max_hp_loss":0,"event_name":"The Mausoleum","floor":28,"gold_loss":0,"cards_obtained":["Writhe"]},{"damage_healed":0,"gold_gain":0,"player_choice":"Fight","damage_taken":0,"max_hp_gain":0,"max_hp_loss":0,"event_name":"Mysterious Sphere","floor":37,"gold_loss":0},{"cards_removed":["Core Surge"],"damage_healed":0,"gold_gain":0,"player_choice":"Removed Attack","damage_taken":0,"max_hp_gain":0,"max_hp_loss":0,"event_name":"Falling","floor":39,"gold_loss":0},{"damage_healed":0,"gold_gain":50,"player_choice":"Pray","damage_taken":0,"max_hp_gain":0,"max_hp_loss":0,"event_name":"Golden Shrine","floor":44,"gold_loss":0},{"damage_healed":0,"gold_gain":0,"player_choice":"Max HP","damage_taken":0,"max_hp_gain":0,"max_hp_loss":4,"event_name":"Winding Halls","floor":46,"gold_loss":0},{"damage_healed":0,"gold_gain":0,"player_choice":"Fight","damage_taken":0,"max_hp_gain":0,"max_hp_loss":0,"event_name":"MindBloom","floor":47,"gold_loss":0}],"is_beta":false,"boss_relics":[{"not_picked":["Snecko Eye","White Beast Statue"],"picked":"Astrolabe"},{"not_picked":["Empty Cage","Runic Pyramid"],"picked":"Nuclear Battery"}],"items_purged_floors":[12,21,29],"is_endless":false,"potions_floor_spawned":[10,14,16,19,20,25,35,41,45,47,48],"ascension_level":15}