{"gold_per_floor":[116,133,152,162,177,210,190,219,270,270,270],"floor_reached":11,"playtime":282,"items_purged":[],"score":170,"play_id":"917ec928-0694-4722-8fba-1c5f46b911c6","local_time":"20190518180446","is_ascension_mode":true,"campfire_choices":[{"data":"Sunder","floor":10.0,"key":"SMITH"}],"neow_cost":"PERCENT_DAMAGE","seed_source_timestamp":9378910152001,"circlet_count":0,"master_deck":["AscendersBane","Strike_B","Strike_B","Strike_B","Strike_B","Defend_B","Defend_B","Defend_B","Defend_B","Zap","Dualcast","Melter","FTL","Genetic Algorithm","Conserve Battery","Sunder+1","BootSequence","Creative AI"],"special_seed":0,"relics":["Cracked Core","Meat on the Bone","Juzu Bracelet","Boot"],"potions_floor_usage":[11],"damage_taken":[{"damage":2.0,"enemies":"2 Louse","floor":1.0,"turns":3.0},{"damage":0.0,"enemies":"Cultist","floor":2.0,"turns":3.0},{"damage":15.0,"enemies":"Small Slimes","floor":3.0,"turns":3.0},{"damage":0.0,"enemies":"2 Fungi Beasts","floor":4.0,"turns":3.0},{"damage":8.0,"enemies":"Blue Slaver","floor":5.0,"turns":3.0},{"damage":15.0,"enemies":"3 Sentries","floor":6.0,"turns":6.0},{"damage":8.0,"enemies":"Lagavulin","floor":8.0,"turns":5.0},{"damage":35,"enemies":"Gremlin Nob","floor":11,"turns":3}],"seed_played":"-4374258895634760653","potions_obtained":[{"floor":4.0,"key":"Explosive Potion"},{"floor":5.0,"key":"Weak Potion"},{"floor":7.0,"key":"SkillPotion"},{"floor":8.0,"key":"PowerPotion"}],"is_trial":false,"path_per_floor":["M","M","M","M","M","E","?","E","T","R","E"],"character_chosen":"DEFECT","items_purchased":[],"campfire_rested":0,"item_purchase_floors":[],"current_hp_per_floor":[58,58,43,43,35,20,20,24,24,24,0],"gold":270,"neow_bonus":"TWENTY_PERCENT_HP_BONUS","is_prod":false,"is_daily":false,"chose_seed":false,"campfire_upgraded":1,"win_rate":0,"timestamp":1558195486,"path_taken":["M","M","M","M","M","E","?","E","T","R","E"],"build_version":"2019-05-07","purchased_purges":0,"victory":false,"max_hp_per_floor":[85,85,85,85,85,85,85,85,85,85,85],"card_choices":[{"not_picked":["Redo","Hologram"],"picked":"Melter","floor":1.0},{"not_picked":["Loop","Steam"],"picked":"FTL","floor":2.0},{"not_picked":["Steam","Lockon"],"picked":"Genetic Algorithm","floor":3.0},{"not_picked":["White Noise","Lockon"],"picked":"Conserve Battery","floor":4.0},{"not_picked":["Chaos","Redo"],"picked":"Sunder","floor":5.0},{"not_picked":["Blizzard","Fusion"],"picked":"BootSequence","floor":6.0},{"not_picked":["Force Field","Rebound"],"picked":"Creative AI","floor":8.0}],"player_experience":1556839,"relics_obtained":[{"floor":6.0,"key":"Meat on the Bone"},{"floor":8.0,"key":"Juzu Bracelet"},{"floor":9.0,"key":"Boot"}],"event_choices":[{"damage_healed":0.0,"max_hp_gain":0.0,"max_hp_loss":0.0,"gold_gain":0.0,"event_name":"The Woman in Blue","player_choice":"Bought 1 Potion","floor":7.0,"gold_loss":0.0,"damage_taken":0.0}],"is_beta":true,"boss_relics":[],"items_purged_floors":[],"is_endless":false,"potions_floor_spawned":[4,5,8],"killed_by":"Gremlin Nob","ascension_level":20}