{"gold_per_floor":[113,14,14,14,34,34,66,86,165,175,175,175,175,188,188,313,313,327,351,90,90,17,17,17,17,70,83,124,124,124,124,124,247,247,262,280,339,63,63,63,78,92,92,92,92,115,131,169,169,169],"floor_reached":51,"playtime":5622,"items_purged":["Strike_G","Strike_G"],"score":1020,"play_id":"07dfdb98-9a92-42b7-b9d4-643aa8620b88","local_time":"20190627163105","is_ascension_mode":true,"campfire_choices":[{"data":"Neutralize","floor":6.0,"key":"SMITH"},{"data":"Blade Dance","floor":11.0,"key":"SMITH"},{"data":"Phantasmal Killer","floor":15.0,"key":"SMITH"},{"data":"Noxious Fumes","floor":23.0,"key":"SMITH"},{"data":"Noxious Fumes","floor":25.0,"key":"SMITH"},{"data":"Writhe","floor":30.0,"key":"PURGE"},{"data":"Malaise","floor":32.0,"key":"SMITH"},{"data":"Footwork","floor":40,"key":"SMITH"},{"data":"Catalyst","floor":45,"key":"SMITH"},{"data":"Catalyst","floor":49,"key":"SMITH"}],"neow_cost":"NONE","seed_source_timestamp":0,"circlet_count":0,"master_deck":["Defend_G","Defend_G","Defend_G","Defend_G","Survivor","Neutralize+1","Backflip","Sucker Punch+1","Skewer+1","Phantasmal Killer+1","Malaise+1","Blur+1","Outmaneuver","Noxious Fumes+1","Backflip","Catalyst+1","Backflip","Noxious Fumes+1","Ghostly","Ghostly","Ghostly","Ghostly","Ghostly","Adrenaline","Flechettes+1","Malaise+1","Dash+1","Catalyst+1","Backflip","Footwork+1","Escape Plan+1","Bouncing Flask+1","Backflip+1","Well Laid Plans"],"special_seed":0,"relics":["Ring of the Snake","Dream Catcher","Ornamental Fan","Kunai","Golden Idol","Philosopher\u0027s Stone","Whetstone","Peace Pipe","Sundial","Astrolabe","Prayer Wheel","Meat on the Bone","Ginger","Strawberry"],"potions_floor_usage":[37,50,50],"damage_taken":[{"damage":0.0,"enemies":"2 Louse","floor":1.0,"turns":4.0},{"damage":2.0,"enemies":"Jaw Worm","floor":5.0,"turns":8.0},{"damage":29.0,"enemies":"3 Sentries","floor":7.0,"turns":16.0},{"damage":0.0,"enemies":"Small Slimes","floor":8.0,"turns":3.0},{"damage":0.0,"enemies":"Looter","floor":10.0,"turns":5.0},{"damage":1.0,"enemies":"Exordium Thugs","floor":14.0,"turns":6.0},{"damage":11.0,"enemies":"Slime Boss","floor":16.0,"turns":13.0},{"damage":2.0,"enemies":"3 Byrds","floor":18.0,"turns":7.0},{"damage":0.0,"enemies":"Shell Parasite","floor":19.0,"turns":8.0},{"damage":0.0,"enemies":"Snake Plant","floor":27.0,"turns":6.0},{"damage":0.0,"enemies":"Slavers","floor":28.0,"turns":6.0},{"damage":2.0,"enemies":"Automaton","floor":33.0,"turns":9.0},{"damage":2,"enemies":"Orb Walker","floor":35,"turns":3},{"damage":0,"enemies":"3 Darklings","floor":36,"turns":5},{"damage":19,"enemies":"2 Orb Walkers","floor":37,"turns":8},{"damage":0,"enemies":"Spire Growth","floor":41,"turns":6},{"damage":0,"enemies":"4 Shapes","floor":42,"turns":7},{"damage":0,"enemies":"Jaw Worm Horde","floor":46,"turns":6},{"damage":3,"enemies":"Writhing Mass","floor":47,"turns":6},{"damage":4,"enemies":"Nemesis","floor":48,"turns":9},{"damage":4,"enemies":"Time Eater","floor":50,"turns":8}],"seed_played":"3028496750034730687","potions_obtained":[{"floor":5.0,"key":"SteroidPotion"},{"floor":7.0,"key":"GhostInAJar"},{"floor":14.0,"key":"Swift Potion"},{"floor":18.0,"key":"Swift Potion"},{"floor":27.0,"key":"SmokeBomb"},{"floor":33.0,"key":"LiquidBronze"},{"floor":36,"key":"Block Potion"},{"floor":42,"key":"AttackPotion"}],"is_trial":false,"path_per_floor":["M","$","?","?","M","R","E","M","T","M","R","?","?","M","R","B",null,"M","M","$","?","$","R","?","R","T","M","E","?","R","$","R","B",null,"M","M","?","$","?","R","M","M","T","?","R","M","M","E","R","B",null],"character_chosen":"THE_SILENT","items_purchased":["Sucker Punch","Noxious Fumes","Backflip","Catalyst","Noxious Fumes","Footwork","Meat on the Bone"],"campfire_rested":0,"item_purchase_floors":[2,20,20,20,22,38,38],"current_hp_per_floor":[63,63,56,49,47,47,18,18,18,18,18,18,18,17,17,6,50,48,48,48,48,48,48,32,32,32,32,32,32,32,32,32,30,32,30,30,11,11,11,11,23,23,23,23,23,23,20,35,35,31],"gold":169,"neow_bonus":"REMOVE_CARD","is_prod":false,"is_daily":false,"chose_seed":false,"campfire_upgraded":9,"win_rate":0,"timestamp":1561667465,"path_taken":["M","$","?","?","M","R","E","M","T","M","R","?","?","M","R","BOSS","M","M","$","?","?","R","?","R","T","M","E","?","R","$","R","BOSS","M","M","?","$","?","R","?","M","T","?","R","M","M","E","R","BOSS"],"build_version":"2019-01-23","purchased_purges":2,"victory":true,"max_hp_per_floor":[70,70,70,70,70,70,70,70,70,70,70,70,65,65,65,65,65,65,65,65,65,65,65,32,32,32,32,32,32,32,32,32,32,32,32,32,32,32,32,32,32,32,32,32,32,32,32,39,39,39],"card_choices":[{"not_picked":["Predator","Sucker Punch"],"picked":"Backflip","floor":1.0},{"not_picked":["Quick Slash","Outmaneuver"],"picked":"Calculated Gamble","floor":5.0},{"not_picked":["Finisher","Quick Slash"],"picked":"Escape Plan","floor":7.0},{"not_picked":["Slice","PiercingWail"],"picked":"Skewer","floor":8.0},{"not_picked":["Deflect","Prepared"],"picked":"Blade Dance","floor":10.0},{"not_picked":["PiercingWail","Dodge and Roll"],"picked":"Phantasmal Killer","floor":14.0},{"not_picked":["Phantasmal Killer","Grand Finale"],"picked":"Malaise","floor":16.0},{"not_picked":["Backflip","Underhanded Strike"],"picked":"Blur+1","floor":18.0},{"not_picked":["Caltrops+1","Bane"],"picked":"Outmaneuver","floor":19.0},{"not_picked":["Blade Dance","Slice","Bane"],"picked":"SKIP","floor":27.0},{"not_picked":["Calculated Gamble","PiercingWail","Dagger Throw+1"],"picked":"SKIP","floor":28.0},{"not_picked":["Bullet Time","Unload"],"picked":"Adrenaline","floor":33.0},{"not_picked":["Quick Slash","Dagger Spray+1","Deadly Poison"],"picked":"SKIP","floor":35},{"not_picked":["Sucker Punch+1","Poisoned Stab"],"picked":"Catalyst","floor":36},{"not_picked":["Quick Slash+1","Slice"],"picked":"Backflip","floor":37},{"not_picked":["Deadly Poison","Sucker Punch"],"picked":"Escape Plan+1","floor":41},{"not_picked":["Setup","Prepared","Dagger Throw"],"picked":"SKIP","floor":41},{"not_picked":["Blade Dance","Backflip"],"picked":"Bouncing Flask+1","floor":42},{"not_picked":["Backstab+1","PiercingWail","Prepared+1"],"picked":"SKIP","floor":42},{"not_picked":["Calculated Gamble","Underhanded Strike","Setup+1"],"picked":"SKIP","floor":46},{"not_picked":["Setup+1","Malaise","Deadly Poison"],"picked":"SKIP","floor":46},{"not_picked":["Dagger Throw","Terror+1"],"picked":"Backflip+1","floor":47},{"not_picked":["Blade Dance","Deflect+1","Dodge and Roll"],"picked":"SKIP","floor":47},{"not_picked":["Deadly Poison","Flying Knee+1"],"picked":"Well Laid Plans","floor":48}],"player_experience":100970,"relics_obtained":[{"floor":7.0,"key":"Ornamental Fan"},{"floor":9.0,"key":"Kunai"},{"floor":26.0,"key":"Whetstone"},{"floor":28.0,"key":"Peace Pipe"},{"floor":37,"key":"Prayer Wheel"},{"floor":43,"key":"Ginger"},{"floor":48,"key":"Strawberry"}],"event_choices":[{"cards_removed":["Strike_G"],"damage_healed":0.0,"max_hp_gain":0.0,"max_hp_loss":0.0,"gold_gain":0.0,"event_name":"Golden Wing","player_choice":"Card Removal","floor":3.0,"gold_loss":0.0,"damage_taken":7.0},{"damage_healed":0.0,"max_hp_gain":0.0,"max_hp_loss":0.0,"gold_gain":0.0,"event_name":"Scrap Ooze","player_choice":"Success","floor":4.0,"gold_loss":0.0,"damage_taken":7.0,"relics_obtained":["Dream Catcher"]},{"damage_healed":0.0,"max_hp_gain":0.0,"max_hp_loss":0.0,"gold_gain":0.0,"event_name":"Liars Game","player_choice":"Ignored","floor":12.0,"gold_loss":0.0,"damage_taken":0.0},{"damage_healed":0.0,"max_hp_gain":0.0,"max_hp_loss":5.0,"gold_gain":0.0,"event_name":"Golden Idol","player_choice":"Lose Max HP","floor":13.0,"gold_loss":0.0,"damage_taken":0.0,"relics_obtained":["Golden Idol"]},{"damage_healed":0.0,"max_hp_gain":0.0,"max_hp_loss":0.0,"gold_gain":0.0,"cards_transformed":["Strike_G"],"event_name":"Transmorgrifier","player_choice":"Transformed","floor":21.0,"gold_loss":0.0,"damage_taken":0.0,"cards_obtained":["Backflip"]},{"damage_healed":0.0,"max_hp_gain":0.0,"max_hp_loss":33.0,"gold_gain":0.0,"event_name":"Ghosts","player_choice":"Became a Ghost","floor":24.0,"gold_loss":0.0,"damage_taken":0.0,"cards_obtained":["Ghostly","Ghostly","Ghostly","Ghostly","Ghostly"]},{"damage_healed":0.0,"max_hp_gain":0.0,"max_hp_loss":0.0,"gold_gain":0.0,"event_name":"The Mausoleum","player_choice":"Opened","floor":29.0,"gold_loss":0.0,"damage_taken":0.0,"relics_obtained":["Sundial"],"cards_obtained":["Writhe"]},{"damage_healed":0,"gold_gain":0,"player_choice":"Fight","damage_taken":0,"max_hp_gain":0,"max_hp_loss":0,"event_name":"Mysterious Sphere","floor":37,"gold_loss":0},{"damage_healed":0,"gold_gain":0,"player_choice":"Leave","damage_taken":0,"max_hp_gain":0,"max_hp_loss":0,"event_name":"FaceTrader","floor":39,"gold_loss":0},{"cards_removed":["Escape Plan"],"damage_healed":0,"gold_gain":0,"player_choice":"Removed Skill","damage_taken":0,"max_hp_gain":0,"max_hp_loss":0,"event_name":"Falling","floor":44,"gold_loss":0}],"is_beta":false,"boss_relics":[{"not_picked":["WristBlade","Sozu"],"picked":"Philosopher\u0027s Stone"},{"not_picked":["Empty Cage","Orrery"],"picked":"Astrolabe"}],"items_purged_floors":[2,20],"is_endless":false,"potions_floor_spawned":[5,7,14,18,27,33,36,42,47],"ascension_level":8}