{"gold_per_floor":[116,133,148,168,81,81,97,172,251,266,266,297,297,332,332,432,432,444,458,558,575,420,451,451,451],"floor_reached":25,"playtime":2090,"items_purged":["Strike_B"],"score":281,"play_id":"668a0b96-3278-424d-a13a-c1660ecebd41","local_time":"20190413033654","is_ascension_mode":true,"campfire_choices":[{"data":"Defragment","floor":6,"key":"SMITH"},{"floor":11,"key":"REST"},{"data":"Echo Form","floor":13,"key":"SMITH"},{"floor":15,"key":"REST"}],"neow_cost":"NONE","seed_source_timestamp":334404224600,"circlet_count":0,"master_deck":["Strike_B","Strike_B+1","Strike_B","Defend_B","Defend_B","Defend_B","Defend_B","Zap","Dualcast","Ball Lightning","Defragment+1","Glacier","Leap","Conserve Battery","FTL","Cold Snap+1","Hologram","Echo Form+1","Double Energy","Reboot","Coolheaded","Glacier","Seek","Tempest"],"relics":["Cracked Core","Omamori","Singing Bowl","Incense Burner","Whetstone","Eternal Feather","Torii","Kunai","Mango"],"potions_floor_usage":[12,14,20,20,20,23],"damage_taken":[{"damage":4,"enemies":"Small Slimes","floor":1,"turns":3},{"damage":0,"enemies":"2 Louse","floor":2,"turns":2},{"damage":7,"enemies":"Jaw Worm","floor":3,"turns":3},{"damage":12,"enemies":"Looter","floor":4,"turns":3},{"damage":6,"enemies":"Large Slime","floor":7,"turns":6},{"damage":7,"enemies":"Exordium Thugs","floor":10,"turns":4},{"damage":4,"enemies":"Gremlin Nob","floor":12,"turns":3},{"damage":11,"enemies":"3 Sentries","floor":14,"turns":6},{"damage":10,"enemies":"Hexaghost","floor":16,"turns":11},{"damage":4,"enemies":"Spheric Guardian","floor":18,"turns":4},{"damage":7,"enemies":"Shell Parasite","floor":19,"turns":8},{"damage":14,"enemies":"Colosseum Slavers","floor":20,"turns":7},{"damage":12,"enemies":"Colosseum Nobs","floor":20,"turns":8},{"damage":9,"enemies":"Snake Plant","floor":21,"turns":6},{"damage":29,"enemies":"Slavers","floor":23,"turns":14},{"damage":27,"enemies":"Centurion and Healer","floor":25,"turns":6}],"seed_played":"-4743918238426584808","potions_obtained":[{"floor":2,"key":"GamblersBrew"},{"floor":4,"key":"Ancient Potion"},{"floor":10,"key":"Poison Potion"},{"floor":14,"key":"Swift Potion"},{"floor":18,"key":"EssenceOfSteel"},{"floor":20,"key":"EssenceOfSteel"}],"is_trial":false,"path_per_floor":["M","M","M","M","$","R","M","?","T","M","R","E","R","E","R","B",null,"M","M","?","M","$","E","?","M"],"character_chosen":"DEFECT","items_purchased":["Conserve Battery","FTL","Seek"],"campfire_rested":2,"item_purchase_floors":[5,5,22],"current_hp_per_floor":[71,71,64,52,52,52,46,35,35,28,50,46,46,35,57,47,75,73,66,42,33,33,20,20,0],"gold":451,"neow_bonus":"RANDOM_COMMON_RELIC","is_prod":false,"is_daily":false,"chose_seed":false,"campfire_upgraded":2,"win_rate":0,"timestamp":1555151814,"path_taken":["M","M","M","M","$","R","M","?","T","M","R","E","R","E","R","BOSS","M","M","?","M","$","E","?","M"],"build_version":"2019-01-23","purchased_purges":1,"victory":false,"max_hp_per_floor":[75,75,75,75,75,75,75,75,75,75,75,75,75,75,75,75,75,77,77,79,79,79,95,95,95],"card_choices":[{"not_picked":["Barrage","Sweeping Beam"],"picked":"Ball Lightning","floor":1},{"not_picked":["Steam","Loop"],"picked":"Defragment","floor":2},{"not_picked":["Hello World","Redo"],"picked":"Glacier","floor":3},{"not_picked":["Scrape","Reprogram"],"picked":"Leap","floor":4},{"not_picked":["Turbo","Hello World"],"picked":"Cold Snap","floor":7},{"not_picked":["Turbo","Gash"],"picked":"Hologram","floor":10},{"not_picked":["Sunder","Fusion"],"picked":"Echo Form","floor":12},{"not_picked":["Leap","Conserve Battery"],"picked":"Double Energy","floor":14},{"not_picked":["Echo Form","All For One"],"picked":"Reboot","floor":16},{"not_picked":["Stack","Static Discharge","Turbo"],"picked":"Singing Bowl","floor":18},{"not_picked":["Leap+1","Beam Cell"],"picked":"Coolheaded","floor":19},{"not_picked":["Sweeping Beam","Stack+1","Redo"],"picked":"Singing Bowl","floor":20},{"not_picked":["Skim+1","Gash"],"picked":"Glacier","floor":21},{"not_picked":["Streamline","Chill","Reboot"],"picked":"Singing Bowl","floor":23}],"player_experience":208280,"relics_obtained":[{"floor":9,"key":"Singing Bowl"},{"floor":12,"key":"Incense Burner"},{"floor":14,"key":"Whetstone"},{"floor":20,"key":"Torii"},{"floor":20,"key":"Kunai"},{"floor":23,"key":"Mango"}],"event_choices":[{"damage_healed":0,"gold_gain":75,"player_choice":"Gather Gold","damage_taken":11,"max_hp_gain":0,"max_hp_loss":0,"event_name":"World of Goop","floor":8,"gold_loss":0},{"damage_healed":0,"gold_gain":0,"player_choice":"Fight","damage_taken":0,"max_hp_gain":0,"max_hp_loss":0,"event_name":"Colosseum","floor":20,"gold_loss":0},{"damage_healed":0,"gold_gain":0,"player_choice":"Fought Nobs","damage_taken":0,"max_hp_gain":0,"max_hp_loss":0,"event_name":"Colosseum","floor":20,"gold_loss":0},{"damage_healed":0,"gold_gain":0,"player_choice":"Read","damage_taken":0,"max_hp_gain":0,"max_hp_loss":0,"event_name":"The Library","floor":24,"gold_loss":0,"cards_obtained":["Tempest"]}],"is_beta":false,"boss_relics":[{"not_picked":["Fusion Hammer","Tiny House"],"picked":"Eternal Feather"}],"items_purged_floors":[22],"is_endless":false,"potions_floor_spawned":[2,4,10,14,18,20,20],"killed_by":"Centurion and Healer","ascension_level":2}