{"gold_per_floor":[15,26,37,55,55,55,85,85,109,141,152,117,134,134,134,134],"floor_reached":16,"playtime":580,"items_purged":[],"score":146,"play_id":"f11adb82-d223-49f1-b7da-0cb5c9c7b1bb","local_time":"20190318154837","is_ascension_mode":true,"campfire_choices":[{"floor":6.0,"key":"REST"},{"floor":8.0,"key":"REST"},{"data":"Catalyst","floor":15,"key":"SMITH"}],"neow_cost":"NO_GOLD","seed_source_timestamp":363601116620815,"circlet_count":0,"master_deck":["Defend_G","Defend_G","Defend_G","Defend_G","Defend_G","Strike_G","Strike_G","Strike_G","Strike_G","Strike_G","Survivor","Neutralize","Deadly Poison","Bane","Caltrops","Bane","Footwork","Catalyst+1","Deadly Poison"],"special_seed":0,"relics":["Ring of the Snake","Thread and Needle","Centennial Puzzle","Juzu Bracelet","Ancient Tea Set","Strawberry"],"potions_floor_usage":[13,16],"damage_taken":[{"damage":0.0,"enemies":"Cultist","floor":1.0,"turns":4.0},{"damage":0.0,"enemies":"Jaw Worm","floor":2.0,"turns":4.0},{"damage":0.0,"enemies":"Small Slimes","floor":3.0,"turns":4.0},{"damage":20.0,"enemies":"Exordium Thugs","floor":4.0,"turns":6.0},{"damage":27.0,"enemies":"3 Sentries","floor":7.0,"turns":8.0},{"damage":17.0,"enemies":"Lagavulin","floor":10.0,"turns":8.0},{"damage":5,"enemies":"Exordium Wildlife","floor":11,"turns":5},{"damage":0,"enemies":"Red Slaver","floor":13,"turns":4},{"damage":39,"enemies":"Slime Boss","floor":16,"turns":5}],"seed_played":"5622910107172315572","potions_obtained":[{"floor":1.0,"key":"Swift Potion"},{"floor":3.0,"key":"SkillPotion"},{"floor":4.0,"key":"Swift Potion"},{"floor":10.0,"key":"Weak Potion"}],"is_trial":false,"path_per_floor":["M","M","M","M","?","R","E","R","T","E","M","?","M","?","R","B"],"character_chosen":"THE_SILENT","items_purchased":[],"campfire_rested":2,"item_purchase_floors":[],"current_hp_per_floor":[63,63,63,43,10,31,4,25,25,15,10,29,29,29,29,0],"gold":134,"neow_bonus":"ONE_RARE_RELIC","is_prod":false,"is_daily":false,"chose_seed":false,"campfire_upgraded":1,"win_rate":0,"timestamp":1552920517,"path_taken":["M","M","M","M","?","R","E","R","T","E","M","?","M","?","R","BOSS"],"build_version":"2019-01-23","purchased_purges":0,"victory":false,"max_hp_per_floor":[70,70,70,70,70,70,70,70,70,77,77,77,77,77,77,77],"card_choices":[{"not_picked":["Backstab","All Out Attack"],"picked":"Deadly Poison","floor":1.0},{"not_picked":["Dagger Throw","Tactician","Acrobatics"],"picked":"SKIP","floor":2.0},{"not_picked":["Footwork","Well Laid Plans"],"picked":"Bane","floor":3.0},{"not_picked":["Backstab","Predator"],"picked":"Caltrops","floor":4.0},{"not_picked":["Quick Slash","Concentrate"],"picked":"Bane","floor":7.0},{"not_picked":["Sucker Punch","Tactician"],"picked":"Footwork","floor":10.0},{"not_picked":["Flechettes","Riddle With Holes"],"picked":"Catalyst","floor":11},{"not_picked":["Cloak And Dagger","Blur"],"picked":"Deadly Poison","floor":13}],"player_experience":106472,"relics_obtained":[{"floor":7.0,"key":"Juzu Bracelet"},{"floor":9.0,"key":"Ancient Tea Set"},{"floor":10.0,"key":"Strawberry"}],"event_choices":[{"damage_healed":0.0,"max_hp_gain":0.0,"max_hp_loss":0.0,"gold_gain":0.0,"event_name":"Scrap Ooze","player_choice":"Success","floor":5.0,"gold_loss":0.0,"damage_taken":33.0,"relics_obtained":["Centennial Puzzle"]},{"damage_healed":19,"gold_gain":0,"player_choice":"Healed","damage_taken":0,"max_hp_gain":0,"max_hp_loss":0,"event_name":"The Cleric","floor":12,"gold_loss":35},{"damage_healed":0,"gold_gain":0,"player_choice":"Bought 0 Potions","damage_taken":0,"max_hp_gain":0,"max_hp_loss":0,"event_name":"The Woman in Blue","floor":14,"gold_loss":0}],"is_beta":false,"boss_relics":[],"items_purged_floors":[],"is_endless":false,"potions_floor_spawned":[1,3,4,10],"killed_by":"Slime Boss","ascension_level":6}