{"gold_per_floor":[111,111,121,46,64,64,7,41,91,125,200,140],"floor_reached":12,"playtime":464,"items_purged":["Strike_B"],"score":172,"play_id":"b9f1cd95-c9f4-4919-a3f2-016a0dd13e25","local_time":"20190630181304","is_ascension_mode":true,"campfire_choices":[{"data":"Zap","floor":6,"key":"SMITH"}],"neow_cost":"NONE","seed_source_timestamp":928300401189300,"circlet_count":0,"master_deck":["AscendersBane","Strike_B","Strike_B","Defend_B","Defend_B","Defend_B","Defend_B","Zap+1","Dualcast","Recycle","Cold Snap","Ball Lightning","Gash","Ball Lightning"],"relics":["Cracked Core","PreservedInsect","Centennial Puzzle","Toxic Egg 2"],"potions_floor_usage":[10],"damage_taken":[{"damage":1,"enemies":"Cultist","floor":1,"turns":3},{"damage":4,"enemies":"Small Slimes","floor":3,"turns":4},{"damage":7,"enemies":"Jaw Worm","floor":5,"turns":2},{"damage":39,"enemies":"3 Sentries","floor":8,"turns":8},{"damage":8,"enemies":"Lagavulin","floor":10,"turns":5},{"damage":7,"enemies":"Looter","floor":12,"turns":3}],"seed_played":"-7470144068640563035","potions_obtained":[{"floor":5,"key":"Weak Potion"}],"is_trial":false,"path_per_floor":["M","?","M","$","M","R","$","E","T","E","?","M"],"character_chosen":"DEFECT","items_purchased":["AttackPotion"],"campfire_rested":0,"item_purchase_floors":[7],"current_hp_per_floor":[70,70,66,66,59,59,59,20,20,12,1,0],"gold":140,"neow_bonus":"TEN_PERCENT_HP_BONUS","is_prod":false,"is_daily":false,"chose_seed":false,"campfire_upgraded":1,"win_rate":0,"timestamp":1561932784,"path_taken":["M","?","M","$","M","R","?","E","T","E","?","M"],"build_version":"2019-06-29","purchased_purges":1,"victory":false,"max_hp_per_floor":[78,78,78,78,78,78,78,78,78,78,78,78],"card_choices":[{"not_picked":["Barrage","Redo"],"picked":"Recycle","floor":1},{"not_picked":["Leap","Rebound"],"picked":"Ball Lightning","floor":3},{"not_picked":["Aggregate","Turbo","Redo"],"picked":"SKIP","floor":5},{"not_picked":["Stack","Streamline"],"picked":"Gash","floor":8},{"not_picked":["Streamline","Blizzard"],"picked":"Ball Lightning","floor":10}],"player_experience":513415,"relics_obtained":[{"floor":8,"key":"PreservedInsect"},{"floor":9,"key":"Centennial Puzzle"},{"floor":10,"key":"Toxic Egg 2"}],"event_choices":[{"damage_healed":0,"gold_gain":0,"cards_transformed":["Strike_B"],"player_choice":"Transformed","damage_taken":0,"max_hp_gain":0,"max_hp_loss":0,"event_name":"Transmorgrifier","floor":2,"gold_loss":0,"cards_obtained":["Cold Snap"]},{"damage_healed":0,"gold_gain":75,"player_choice":"Gather Gold","damage_taken":11,"max_hp_gain":0,"max_hp_loss":0,"event_name":"World of Goop","floor":11,"gold_loss":0}],"is_beta":true,"boss_relics":[],"items_purged_floors":[4],"is_endless":false,"potions_floor_spawned":[5,8],"killed_by":"Looter","ascension_level":20}