{"gold_per_floor":[113,131,56,56,56,56,56,91,141,141,172,183,213,225,225,297,297,308,308,308,323,334,334,353,268,268,268,57,57,3,38,38,38],"floor_reached":33,"playtime":930,"items_purged":[],"score":637,"play_id":"5e2e7f88-deea-4a98-b809-b1b54ada3147","local_time":"20190607160747","is_ascension_mode":true,"campfire_choices":[{"data":"Bash","floor":6,"key":"SMITH"},{"data":"Rupture","floor":10,"key":"SMITH"},{"data":"Whirlwind","floor":15,"key":"SMITH"},{"data":"Sword Boomerang","floor":23,"key":"SMITH"},{"data":"Sword Boomerang","floor":27,"key":"SMITH"},{"data":"Flex","floor":29,"key":"SMITH"},{"floor":32,"key":"REST"}],"neow_cost":"NONE","seed_source_timestamp":232842830529705,"circlet_count":0,"master_deck":["AscendersBane","Strike_R+1","Strike_R+1","Strike_R+1","Defend_R+1","Defend_R+1","Defend_R+1","Defend_R+1","Bash+1","Rupture+1","Iron Wave+1","Spot Weakness","Sword Boomerang+1","Sword Boomerang+1","Whirlwind+1","Ghostly Armor","Feed+1","Flex+1","Combust+1","Mayhem+1"],"relics":["Burning Blood","NeowsBlessing","Frozen Egg 2","Bottled Tornado","Red Skull","Orichalcum","Bottled Lightning","Runic Pyramid","Ice Cream","Paper Frog","Whetstone"],"potions_floor_usage":[16,21,22,31,31,33],"damage_taken":[{"damage":0,"enemies":"Jaw Worm","floor":1,"turns":1},{"damage":0,"enemies":"Small Slimes","floor":2,"turns":1},{"damage":0,"enemies":"3 Sentries","floor":8,"turns":2},{"damage":27,"enemies":"Gremlin Nob","floor":11,"turns":4},{"damage":1,"enemies":"2 Louse","floor":12,"turns":2},{"damage":24,"enemies":"Lagavulin","floor":13,"turns":6},{"damage":8,"enemies":"Exordium Wildlife","floor":14,"turns":2},{"damage":20,"enemies":"Slime Boss","floor":16,"turns":5},{"damage":15,"enemies":"Chosen","floor":18,"turns":5},{"damage":5,"enemies":"2 Thieves","floor":21,"turns":4},{"damage":14,"enemies":"Centurion and Healer","floor":22,"turns":5},{"damage":16,"enemies":"Sentry and Sphere","floor":24,"turns":5},{"damage":20,"enemies":"Book of Stabbing","floor":31,"turns":4},{"damage":99,"enemies":"Collector","floor":33,"turns":7}],"seed_played":"-8833717837135551709","potions_obtained":[{"floor":1,"key":"Strength Potion"},{"floor":11,"key":"Block Potion"},{"floor":18,"key":"EssenceOfSteel"},{"floor":24,"key":"PowerPotion"},{"floor":31,"key":"LiquidBronze"}],"is_trial":false,"path_per_floor":["M","M","?","?","?","R","$","E","T","R","E","M","E","M","R","B",null,"M","?","?","M","M","R","M","?","T","R","$","R","$","E","R","B"],"character_chosen":"IRONCLAD","items_purchased":["Mayhem+1","Dexterity Potion"],"campfire_rested":1,"item_purchase_floors":[28,30],"current_hp_per_floor":[74,75,75,80,69,69,69,75,75,75,54,59,41,39,39,25,66,60,60,60,64,59,59,52,52,52,52,52,52,52,41,69,0],"gold":38,"neow_bonus":"THREE_ENEMY_KILL","is_prod":false,"is_daily":false,"chose_seed":false,"campfire_upgraded":6,"win_rate":0,"timestamp":1559916467,"path_taken":["M","M","?","?","?","R","$","E","T","R","E","?","E","M","R","BOSS","M","?","?","?","M","R","M","?","T","R","?","R","$","E","R","BOSS"],"build_version":"2019-01-23","purchased_purges":0,"victory":false,"max_hp_per_floor":[75,75,75,80,80,80,80,80,80,80,80,80,80,80,80,80,80,83,83,83,86,89,89,92,92,92,92,92,92,92,95,95,95],"card_choices":[{"not_picked":["Seeing Red","Iron Wave"],"picked":"Rupture","floor":1},{"not_picked":["Clash","Wild Strike"],"picked":"Iron Wave","floor":2},{"not_picked":["Heavy Blade","Dual Wield"],"picked":"Spot Weakness","floor":8},{"not_picked":["Body Slam","Pummel"],"picked":"Sword Boomerang","floor":11},{"not_picked":["Warcry","Spot Weakness"],"picked":"Sword Boomerang","floor":12},{"not_picked":["Hemokinesis","Immolate"],"picked":"Whirlwind","floor":13},{"not_picked":["Armaments","Feel No Pain+1"],"picked":"Ghostly Armor","floor":14},{"not_picked":["Berserk+1","Exhume"],"picked":"Feed","floor":16},{"not_picked":["Clothesline","Whirlwind"],"picked":"Flex","floor":18},{"not_picked":["Thunderclap","Dropkick"],"picked":"Combust+1","floor":21},{"not_picked":["Warcry","Armaments","Shockwave+1"],"picked":"SKIP","floor":22},{"not_picked":["Cleave","Warcry","Armaments+1"],"picked":"SKIP","floor":24},{"not_picked":["Dual Wield","Anger","Immolate"],"picked":"SKIP","floor":31}],"player_experience":538443,"relics_obtained":[{"floor":8,"key":"Bottled Tornado"},{"floor":9,"key":"Red Skull"},{"floor":11,"key":"Orichalcum"},{"floor":13,"key":"Bottled Lightning"},{"floor":26,"key":"Paper Frog"},{"floor":31,"key":"Whetstone"}],"event_choices":[{"cards_removed":["Strike_R"],"damage_healed":0,"gold_gain":0,"player_choice":"Card Removal","damage_taken":0,"max_hp_gain":0,"max_hp_loss":0,"event_name":"The Cleric","floor":3,"gold_loss":75},{"damage_healed":0,"gold_gain":0,"player_choice":"Donut","damage_taken":0,"max_hp_gain":5,"max_hp_loss":0,"event_name":"Big Fish","floor":4,"gold_loss":0},{"damage_healed":0,"gold_gain":0,"player_choice":"Success","damage_taken":11,"relics_obtained":["Frozen Egg 2"],"max_hp_gain":0,"max_hp_loss":0,"event_name":"Scrap Ooze","floor":5,"gold_loss":0},{"damage_healed":0,"gold_gain":0,"player_choice":"Simplicity","damage_taken":0,"max_hp_gain":0,"max_hp_loss":0,"event_name":"Back to Basics","floor":19,"gold_loss":0,"cards_upgraded":["Strike_R","Strike_R","Strike_R","Strike_R","Defend_R","Defend_R","Defend_R","Defend_R"]},{"cards_removed":["Strike_R"],"damage_healed":0,"gold_gain":0,"player_choice":"Purged","damage_taken":0,"max_hp_gain":0,"max_hp_loss":0,"event_name":"Purifier","floor":20,"gold_loss":0},{"damage_healed":0,"gold_gain":0,"player_choice":"Obtained Relic","damage_taken":0,"relics_obtained":["Ice Cream"],"max_hp_gain":0,"max_hp_loss":0,"event_name":"Addict","floor":25,"gold_loss":85}],"is_beta":false,"boss_relics":[{"not_picked":["Runic Dome","Astrolabe"],"picked":"Runic Pyramid"}],"items_purged_floors":[],"is_endless":false,"potions_floor_spawned":[1,11,12,18,24,31],"killed_by":"Collector","ascension_level":20}