{"gold_per_floor":[360,44,119,12,29,62,237,263,290,305,328,347,367,382,382,480,480,492,492,511,511,54,54,88,88,88,88,120,137,137,137,137,240,240,255,269,269,70,70,70],"floor_reached":40,"playtime":2654,"items_purged":["Injury","Doubt","Shame"],"score":524,"play_id":"1a8a29a8-688f-40a4-9178-2621773cde7f","local_time":"20190426173327","is_ascension_mode":true,"campfire_choices":[{"floor":15,"key":"REST"},{"data":"Rainbow","floor":23,"key":"SMITH"},{"floor":25,"key":"REST"},{"floor":30,"key":"REST"},{"floor":32,"key":"REST"}],"neow_cost":"CURSE","seed_source_timestamp":171183333290800,"circlet_count":0,"master_deck":["Strike_B","Strike_B","Strike_B","Defend_B","Defend_B","Defend_B","Defend_B","Zap","Dualcast","Rebound","Apotheosis+1","Compile Driver","Capacitor","Barrage","Leap","Sweeping Beam","Ball Lightning+1","Cold Snap+1","Leap","Sunder+1","Stack","Skim","Seek","Capacitor+1","Rainbow+1","Bandage Up","Chill","Barrage+1","Multi-Cast","Hologram+1","Rainbow+1"],"relics":["Cracked Core","Blood Vial","Molten Egg 2","Centennial Puzzle","Odd Mushroom","Cursed Key","Ornamental Fan","Tiny Chest","Kunai","Oddly Smooth Stone","Empty Cage"],"potions_floor_usage":[8,8,11,16,20,24,29,31,33,40],"damage_taken":[{"damage":2,"enemies":"2 Louse","floor":1,"turns":2},{"damage":0,"enemies":"Cultist","floor":5,"turns":3},{"damage":26,"enemies":"3 Sentries","floor":6,"turns":8},{"damage":12,"enemies":"Lagavulin","floor":8,"turns":6},{"damage":2,"enemies":"Jaw Worm","floor":10,"turns":4},{"damage":17,"enemies":"The Mushroom Lair","floor":11,"turns":4},{"damage":3,"enemies":"Lots of Slimes","floor":12,"turns":2},{"damage":0,"enemies":"3 Louse","floor":13,"turns":3},{"damage":3,"enemies":"Gremlin Gang","floor":14,"turns":3},{"damage":19,"enemies":"Hexaghost","floor":16,"turns":9},{"damage":4,"enemies":"3 Byrds","floor":18,"turns":5},{"damage":10,"enemies":"Shell Parasite","floor":20,"turns":6},{"damage":47,"enemies":"Book of Stabbing","floor":24,"turns":9},{"damage":30,"enemies":"Gremlin Leader","floor":28,"turns":5},{"damage":21,"enemies":"Cultist and Chosen","floor":29,"turns":5},{"damage":0,"enemies":"3 Cultists","floor":31,"turns":2},{"damage":33,"enemies":"Collector","floor":33,"turns":11},{"damage":37,"enemies":"3 Shapes","floor":35,"turns":7},{"damage":1,"enemies":"Orb Walker","floor":36,"turns":5},{"damage":74,"enemies":"Giant Head","floor":40,"turns":8}],"seed_played":"8837022029422088765","potions_obtained":[{"floor":1,"key":"SkillPotion"},{"floor":6,"key":"AttackPotion"},{"floor":8,"key":"FocusPotion"},{"floor":13,"key":"SmokeBomb"},{"floor":14,"key":"AttackPotion"},{"floor":16,"key":"Dexterity Potion"},{"floor":18,"key":"SpeedPotion"},{"floor":24,"key":"FearPotion"},{"floor":29,"key":"LiquidBronze"}],"is_trial":false,"path_per_floor":["M","$","?","$","M","E","?","E","T","M","?","M","M","M","R","B",null,"M","?","M","?","$","R","E","R","T","?","E","M","R","M","R","B",null,"M","M","?","$","?","E"],"character_chosen":"DEFECT","items_purchased":["Apotheosis","Compile Driver","Capacitor","Barrage","Rainbow","Bandage Up","Tiny Chest","Regen Potion"],"campfire_rested":4,"item_purchase_floors":[2,2,4,4,22,22,22,38],"current_hp_per_floor":[73,73,66,66,66,40,40,30,30,30,15,14,16,15,37,20,75,71,71,63,63,63,63,22,44,44,44,20,7,29,35,57,30,75,42,47,47,47,47,0],"gold":70,"neow_bonus":"TWO_FIFTY_GOLD","is_prod":false,"is_daily":false,"chose_seed":false,"campfire_upgraded":1,"win_rate":0,"timestamp":1556325207,"path_taken":["M","$","?","$","?","E","?","E","T","M","?","M","M","M","R","BOSS","M","?","?","?","$","R","E","R","T","?","E","?","R","M","R","BOSS","M","M","?","?","?","E"],"build_version":"2019-01-23","purchased_purges":3,"victory":false,"max_hp_per_floor":[75,75,75,75,75,75,75,75,75,75,75,75,75,75,75,75,75,75,75,75,75,75,75,75,75,75,75,75,75,75,75,75,75,75,75,75,75,75,75,75],"card_choices":[{"not_picked":["Recycle","Go for the Eyes"],"picked":"Rebound","floor":1},{"not_picked":["Go for the Eyes","Compile Driver"],"picked":"Leap","floor":5},{"not_picked":["Go for the Eyes","Gash"],"picked":"Sweeping Beam","floor":6},{"not_picked":["Gash","Coolheaded"],"picked":"Ball Lightning","floor":8},{"not_picked":["Go for the Eyes+1","Ball Lightning+1"],"picked":"Cold Snap+1","floor":10},{"not_picked":["Fusion","Aggregate"],"picked":"Leap","floor":11},{"not_picked":["Reinforced Body","Tempest"],"picked":"Sunder+1","floor":12},{"not_picked":["Redo","Multi-Cast"],"picked":"Stack","floor":13},{"not_picked":["Gash+1","Beam Cell+1"],"picked":"Skim","floor":14},{"not_picked":["Thunder Strike+1","Multi-Cast"],"picked":"Seek","floor":16},{"not_picked":["Sweeping Beam+1","Darkness"],"picked":"Capacitor+1","floor":18},{"not_picked":["Rebound+1","Steam","Turbo"],"picked":"SKIP","floor":20},{"not_picked":["Cold Snap+1","Gash+1"],"picked":"Chill","floor":24},{"not_picked":["Force Field+1","Sweeping Beam+1"],"picked":"Barrage+1","floor":28},{"not_picked":["Gash+1","Coolheaded","Streamline+1"],"picked":"SKIP","floor":29},{"not_picked":["Fission","Machine Learning"],"picked":"Multi-Cast","floor":33},{"not_picked":["Cold Snap+1","Stack","Compile Driver+1"],"picked":"SKIP","floor":35},{"not_picked":["Double Energy+1","Compile Driver+1"],"picked":"Hologram+1","floor":36}],"player_experience":240360,"relics_obtained":[{"floor":6,"key":"Blood Vial"},{"floor":8,"key":"Molten Egg 2"},{"floor":9,"key":"Centennial Puzzle"},{"floor":11,"key":"Odd Mushroom"},{"floor":24,"key":"Kunai"},{"floor":28,"key":"Oddly Smooth Stone"}],"event_choices":[{"damage_healed":0,"gold_gain":75,"player_choice":"Touch","damage_taken":7,"max_hp_gain":0,"max_hp_loss":0,"event_name":"FaceTrader","floor":3,"gold_loss":0},{"damage_healed":0,"gold_gain":175,"player_choice":"AGREE","damage_taken":0,"max_hp_gain":0,"max_hp_loss":0,"event_name":"Liars Game","floor":7,"gold_loss":0,"cards_obtained":["Doubt"]},{"damage_healed":0,"gold_gain":0,"player_choice":"Fought Mushrooms","damage_taken":0,"max_hp_gain":0,"max_hp_loss":0,"event_name":"Mushrooms","floor":11,"gold_loss":0},{"damage_healed":0,"gold_gain":0,"player_choice":"Upgraded","damage_taken":0,"max_hp_gain":0,"max_hp_loss":0,"event_name":"Upgrade Shrine","floor":19,"gold_loss":0,"cards_upgraded":["Apotheosis"]},{"damage_healed":0,"gold_gain":0,"player_choice":"Opened","damage_taken":0,"relics_obtained":["Ornamental Fan"],"max_hp_gain":0,"max_hp_loss":0,"event_name":"The Mausoleum","floor":21,"gold_loss":0,"cards_obtained":["Writhe"]},{"damage_healed":0,"gold_gain":0,"player_choice":"Cursed","damage_taken":0,"max_hp_gain":0,"max_hp_loss":0,"event_name":"Wheel of Change","floor":27,"gold_loss":0,"cards_obtained":["Decay"]},{"damage_healed":0,"gold_gain":0,"player_choice":"Copied","damage_taken":0,"max_hp_gain":0,"max_hp_loss":0,"event_name":"Duplicator","floor":37,"gold_loss":0,"cards_obtained":["Rainbow"]},{"cards_removed":["Strike_B"],"damage_healed":0,"gold_gain":0,"player_choice":"Removed Attack","damage_taken":0,"max_hp_gain":0,"max_hp_loss":0,"event_name":"Falling","floor":39,"gold_loss":0}],"is_beta":false,"boss_relics":[{"not_picked":["Nuclear Battery","Runic Dome"],"picked":"Cursed Key"},{"not_picked":["Fusion Hammer","White Beast Statue"],"picked":"Empty Cage"}],"items_purged_floors":[2,22,38],"is_endless":false,"potions_floor_spawned":[1,6,8,13,14,16,18,24,29],"killed_by":"Giant Head","ascension_level":3}