{"gold_per_floor":[119,133,150,166,166,166,197,197,197,197,527,527,545,545,545,643,643,653,673,688,701,718,747,747,747],"floor_reached":25,"playtime":1685,"items_purged":[],"score":282,"play_id":"06a4f69f-edc6-4db1-b775-eaa232a5e353","local_time":"20190312171440","is_ascension_mode":true,"campfire_choices":[{"data":"True Grit","floor":6.0,"key":"SMITH"},{"data":"Anger","floor":8.0,"key":"SMITH"},{"data":"Bash","floor":10.0,"key":"SMITH"},{"data":"Battle Trance","floor":12.0,"key":"SMITH"},{"data":"Shrug It Off","floor":15.0,"key":"SMITH"},{"data":"Double Tap","floor":24.0,"key":"SMITH"}],"neow_cost":"NONE","seed_source_timestamp":2204161132187,"circlet_count":0,"master_deck":["Strike_R","Strike_R+1","Strike_R","Strike_R+1","Defend_R","Defend_R","Defend_R","Defend_R","Bash+1","True Grit+1","Anger+1","Clash","Battle Trance+1","Thunderclap","Shrug It Off+1","Double Tap+1","True Grit","Feel No Pain+1","Wild Strike","Rage+1"],"special_seed":0,"relics":["Burning Blood","Potion Belt","Matryoshka","Old Coin","Mark of Pain","Bird Faced Urn"],"potions_floor_usage":[25],"damage_taken":[{"damage":13.0,"enemies":"Jaw Worm","floor":1.0,"turns":5.0},{"damage":0.0,"enemies":"Small Slimes","floor":2.0,"turns":4.0},{"damage":0.0,"enemies":"2 Louse","floor":3.0,"turns":3.0},{"damage":0.0,"enemies":"Large Slime","floor":4.0,"turns":5.0},{"damage":20.0,"enemies":"Lagavulin","floor":7.0,"turns":5.0},{"damage":17.0,"enemies":"3 Sentries","floor":11.0,"turns":7.0},{"damage":1.0,"enemies":"2 Fungi Beasts","floor":13.0,"turns":3.0},{"damage":27.0,"enemies":"Hexaghost","floor":16.0,"turns":9.0},{"damage":25.0,"enemies":"2 Thieves","floor":18.0,"turns":4.0},{"damage":3.0,"enemies":"Shell Parasite","floor":19.0,"turns":4.0},{"damage":24.0,"enemies":"3 Cultists","floor":20.0,"turns":7.0},{"damage":1.0,"enemies":"Cultist and Chosen","floor":21.0,"turns":6.0},{"damage":26.0,"enemies":"Snake Plant","floor":22.0,"turns":4.0},{"damage":21.0,"enemies":"Book of Stabbing","floor":23.0,"turns":5.0},{"damage":29,"enemies":"Gremlin Leader","floor":25,"turns":5}],"seed_played":"7468558813352870305","potions_obtained":[{"floor":7.0,"key":"Poison Potion"},{"floor":11.0,"key":"SkillPotion"},{"floor":16.0,"key":"GamblersBrew"},{"floor":18.0,"key":"EssenceOfSteel"},{"floor":20.0,"key":"PowerPotion"},{"floor":23.0,"key":"FearPotion"}],"is_trial":false,"path_per_floor":["M","M","M","M","?","R","E","R","T","R","E","R","M","?","R","B",null,"M","M","M","M","M","E","R","E"],"character_chosen":"IRONCLAD","items_purchased":[],"campfire_rested":0,"item_purchase_floors":[],"current_hp_per_floor":[81,87,88,88,70,70,56,56,56,56,45,45,50,50,50,29,88,69,72,54,59,39,24,24,0],"gold":747,"neow_bonus":"TEN_PERCENT_HP_BONUS","is_prod":false,"is_daily":false,"chose_seed":false,"campfire_upgraded":6,"win_rate":0,"timestamp":1552407280,"path_taken":["M","M","M","M","?","R","E","R","T","R","E","R","M","?","R","BOSS","M","M","M","M","M","E","R","E"],"build_version":"2019-01-23","purchased_purges":0,"victory":false,"max_hp_per_floor":[88,88,88,88,88,88,88,88,88,88,88,88,88,88,88,88,88,88,88,88,88,88,88,88,88],"card_choices":[{"not_picked":["Heavy Blade","Dropkick"],"picked":"True Grit","floor":1.0},{"not_picked":["Shrug It Off","Sword Boomerang"],"picked":"Anger","floor":2.0},{"not_picked":["Cleave","Barricade"],"picked":"Clash","floor":3.0},{"not_picked":["Thunderclap","Clothesline"],"picked":"Battle Trance","floor":4.0},{"not_picked":["Iron Wave","Heavy Blade","Armaments"],"picked":"SKIP","floor":7.0},{"not_picked":["Headbutt","Entrench"],"picked":"Thunderclap","floor":11.0},{"not_picked":["Infernal Blade","Warcry"],"picked":"Shrug It Off","floor":13.0},{"not_picked":["Barricade","Limit Break"],"picked":"Double Tap","floor":16.0},{"not_picked":["Clash","Flame Barrier"],"picked":"True Grit","floor":18.0},{"not_picked":["Clothesline","Warcry"],"picked":"Feel No Pain+1","floor":19.0},{"not_picked":["Shrug It Off","Anger"],"picked":"Wild Strike","floor":20.0},{"not_picked":["Headbutt","Shrug It Off","Clothesline"],"picked":"SKIP","floor":21.0},{"not_picked":["Wild Strike","Thunderclap"],"picked":"Rage+1","floor":22.0},{"not_picked":["Exhume","Uppercut","Headbutt"],"picked":"SKIP","floor":23.0}],"player_experience":64769,"relics_obtained":[{"floor":7.0,"key":"Potion Belt"},{"floor":9.0,"key":"Matryoshka"},{"floor":11.0,"key":"Old Coin"},{"floor":23.0,"key":"Bird Faced Urn"}],"event_choices":[{"damage_healed":0.0,"max_hp_gain":0.0,"max_hp_loss":0.0,"gold_gain":0.0,"event_name":"Shining Light","player_choice":"Entered Light","floor":5.0,"gold_loss":0.0,"damage_taken":18.0,"cards_upgraded":["Strike_R","Strike_R"]},{"cards_removed":["Strike_R"],"damage_healed":0.0,"max_hp_gain":0.0,"max_hp_loss":0.0,"gold_gain":0.0,"event_name":"Living Wall","player_choice":"Forget","floor":14.0,"gold_loss":0.0,"damage_taken":0.0}],"is_beta":false,"boss_relics":[{"not_picked":["Pandora\u0027s Box","Empty Cage"],"picked":"Mark of Pain"}],"items_purged_floors":[],"is_endless":false,"potions_floor_spawned":[7,11,16,18,20,23],"killed_by":"Gremlin Leader","ascension_level":4}