{"gold_per_floor":[119,119,119,49,65,98,110,110,156,171,201,201,230,250,250,346,346,358,372,10,10,10,41,51,51,100,100,110,175,175,192,192,292,292,312,212,224,224,238,272,272,302,350,366,376,404,404,429,429,429,429,429,35,67,67],"floor_reached":55,"playtime":2144,"items_purged":["Strike_G","Normality"],"score":1310,"play_id":"24564cf8-fe43-4b1d-aa6c-ca80b4bed9de","local_time":"20190322215039","is_ascension_mode":true,"campfire_choices":[{"data":"Bouncing Flask","floor":8.0,"key":"SMITH"},{"data":"Footwork","floor":12.0,"key":"SMITH"},{"data":"Crippling Poison","floor":15.0,"key":"SMITH"},{"data":"Catalyst","floor":25.0,"key":"SMITH"},{"data":"Noxious Fumes","floor":27.0,"key":"SMITH"},{"data":"Catalyst","floor":30.0,"key":"SMITH"},{"data":"Dash","floor":32.0,"key":"SMITH"},{"data":"Dash","floor":47.0,"key":"SMITH"},{"floor":49.0,"key":"RECALL"},{"data":"PiercingWail","floor":52.0,"key":"SMITH"}],"neow_cost":"NONE","seed_source_timestamp":158413019640462,"circlet_count":0,"master_deck":["Defend_G+1","Defend_G","Defend_G","Defend_G","Defend_G","Strike_G","Strike_G+1","Survivor","Neutralize","Bouncing Flask+1","Footwork+1","Bane","Flying Knee","PiercingWail+1","Crippling Poison+1","Dash+1","Corpse Explosion","Backstab","Deadly Poison","Catalyst+1","Noxious Fumes+1","Necronomicurse","Backflip","Catalyst+1","Bouncing Flask+1","Dash+1","Bouncing Flask+1","Regret","Dodge and Roll","Catalyst+1","Dodge and Roll+1"],"special_seed":0,"relics":["Ring of the Snake","NeowsBlessing","Oddly Smooth Stone","Bronze Scales","Calipers","Vajra","Cursed Key","Snake Skull","Necronomicon","Mummified Hand","Tiny Chest","Busted Crown","Regal Pillow","Meat on the Bone","Potion Belt","Ninja Scroll","Juzu Bracelet","Bag of Preparation","DollysMirror","The Specimen"],"potions_floor_usage":[55,55,55],"damage_taken":[{"damage":0.0,"enemies":"2 Louse","floor":1.0,"turns":1.0},{"damage":0.0,"enemies":"Cultist","floor":5.0,"turns":1.0},{"damage":0.0,"enemies":"Lagavulin","floor":6.0,"turns":1.0},{"damage":1.0,"enemies":"Small Slimes","floor":7.0,"turns":3.0},{"damage":7.0,"enemies":"3 Louse","floor":10.0,"turns":3.0},{"damage":9.0,"enemies":"Gremlin Nob","floor":11.0,"turns":3.0},{"damage":0.0,"enemies":"Lagavulin","floor":13.0,"turns":6.0},{"damage":0.0,"enemies":"Gremlin Gang","floor":14.0,"turns":5.0},{"damage":9.0,"enemies":"Slime Boss","floor":16.0,"turns":10.0},{"damage":4.0,"enemies":"Shell Parasite","floor":18.0,"turns":5.0},{"damage":0.0,"enemies":"Spheric Guardian","floor":19.0,"turns":2.0},{"damage":0.0,"enemies":"Gremlin Leader","floor":23.0,"turns":7.0},{"damage":0.0,"enemies":"3 Cultists","floor":24.0,"turns":3.0},{"damage":0.0,"enemies":"Chosen and Byrds","floor":28.0,"turns":4.0},{"damage":6.0,"enemies":"Book of Stabbing","floor":29.0,"turns":3.0},{"damage":0.0,"enemies":"Centurion and Healer","floor":31.0,"turns":4.0},{"damage":29.0,"enemies":"Champ","floor":33.0,"turns":8.0},{"damage":0.0,"enemies":"Orb Walker","floor":35.0,"turns":2.0},{"damage":0.0,"enemies":"3 Shapes","floor":37.0,"turns":4.0},{"damage":6.0,"enemies":"Jaw Worm Horde","floor":39.0,"turns":3.0},{"damage":4.0,"enemies":"Giant Head","floor":40.0,"turns":3.0},{"damage":0.0,"enemies":"Reptomancer","floor":42.0,"turns":4.0},{"damage":0.0,"enemies":"Transient","floor":44.0,"turns":5.0},{"damage":0.0,"enemies":"Maw","floor":45.0,"turns":3.0},{"damage":2.0,"enemies":"Nemesis","floor":46.0,"turns":3.0},{"damage":5.0,"enemies":"Giant Head","floor":48.0,"turns":3.0},{"damage":29.0,"enemies":"Donu and Deca","floor":50.0,"turns":8.0},{"damage":34.0,"enemies":"Shield and Spear","floor":54.0,"turns":4.0},{"damage":37,"enemies":"The Heart","floor":55,"turns":5}],"seed_played":"6134245700891317496","potions_obtained":[{"floor":6.0,"key":"Poison Potion"},{"floor":10.0,"key":"EntropicBrew"},{"floor":16.0,"key":"Dexterity Potion"},{"floor":19.0,"key":"LiquidBronze"},{"floor":22.0,"key":"GhostInAJar"},{"floor":33.0,"key":"Dexterity Potion"},{"floor":37.0,"key":"Explosive Potion"},{"floor":42.0,"key":"PowerPotion"},{"floor":45.0,"key":"Swift Potion"},{"floor":46.0,"key":"AttackPotion"}],"is_trial":false,"path_per_floor":["M","?","?","$","M","E","M","R","T","M","E","R","E","M","R","B",null,"M","M","$","?","?","E","M","R","T","R","M","E","R","M","R","B",null,"M","$","M","?","M","E","?","E","T","M","M","E","R","E","R","B",null,"R","$","E","B"],"character_chosen":"THE_SILENT","items_purchased":["Footwork","Snake Skull","Catalyst","Noxious Fumes","Bag of Preparation","Dexterity Potion","DollysMirror"],"campfire_rested":0,"item_purchase_floors":[4,20,20,20,53,53,53],"current_hp_per_floor":[63,49,42,42,42,42,41,41,41,34,25,25,25,25,25,16,57,53,53,53,37,37,37,37,37,37,37,37,31,31,31,31,2,53,53,53,53,53,47,43,43,43,43,43,43,41,41,36,36,19,57,57,57,35,0],"gold":67,"neow_bonus":"THREE_ENEMY_KILL","is_prod":false,"is_daily":false,"chose_seed":false,"campfire_upgraded":9,"win_rate":0,"timestamp":1553287839,"path_taken":["M","?","?","$","M","E","M","R","T","M","E","R","E","M","R","BOSS","M","M","$","?","?","E","?","R","T","R","M","E","R","M","R","BOSS","M","$","M","?","?","E","?","E","T","M","?","E","R","E","R","BOSS","R","$","E","BOSS"],"build_version":"2019-01-23","purchased_purges":2,"victory":false,"max_hp_per_floor":[70,70,70,70,70,70,70,70,70,70,70,70,70,70,70,70,70,70,70,70,70,70,70,70,70,70,70,70,70,70,70,70,70,70,70,70,70,70,70,70,70,70,70,70,70,70,70,70,70,70,70,70,70,70,70],"card_choices":[{"not_picked":["Flying Knee","Underhanded Strike"],"picked":"Bouncing Flask","floor":1.0},{"not_picked":["Slice","Backflip"],"picked":"Bane","floor":5.0},{"not_picked":["Concentrate","Cloak And Dagger"],"picked":"Flying Knee","floor":6.0},{"not_picked":["Prepared","Outmaneuver","Skewer"],"picked":"SKIP","floor":7.0},{"not_picked":["Well Laid Plans","Unload"],"picked":"PiercingWail","floor":10.0},{"not_picked":["Calculated Gamble","Footwork"],"picked":"Crippling Poison","floor":11.0},{"not_picked":["Terror","Deflect"],"picked":"Dash","floor":13.0},{"not_picked":["Dagger Throw","Underhanded Strike","Poisoned Stab"],"picked":"SKIP","floor":14.0},{"not_picked":["Bullet Time","Storm of Steel"],"picked":"Corpse Explosion","floor":16.0},{"not_picked":["Dagger Spray","Slice+1"],"picked":"Backstab","floor":18.0},{"not_picked":["Flechettes+1","Dagger Throw+1"],"picked":"Deadly Poison","floor":19.0},{"not_picked":["Blade Dance","Infinite Blades"],"picked":"Backflip","floor":23.0},{"not_picked":["Setup","Dagger Spray","Distraction"],"picked":"SKIP","floor":24.0},{"not_picked":["Accuracy","Sucker Punch"],"picked":"Catalyst","floor":28.0},{"not_picked":["Choke","Eviscerate","Finisher"],"picked":"SKIP","floor":29.0},{"not_picked":["Masterful Stab+1","Deadly Poison"],"picked":"Bouncing Flask+1","floor":31.0},{"not_picked":["Accuracy"],"picked":"SKIP","floor":35.0},{"not_picked":["Quick Slash"],"picked":"SKIP","floor":37.0},{"not_picked":["Prepared"],"picked":"SKIP","floor":39.0},{"not_picked":[],"picked":"Bouncing Flask+1","floor":40.0},{"not_picked":["Prepared+1"],"picked":"SKIP","floor":42.0},{"not_picked":[],"picked":"Dodge and Roll","floor":44.0},{"not_picked":["Blur"],"picked":"SKIP","floor":45.0},{"not_picked":["Setup+1"],"picked":"SKIP","floor":46.0},{"not_picked":["Outmaneuver"],"picked":"SKIP","floor":48.0},{"not_picked":[],"picked":"Dodge and Roll+1","floor":54.0}],"player_experience":130221,"relics_obtained":[{"floor":6.0,"key":"Oddly Smooth Stone"},{"floor":9.0,"key":"Bronze Scales"},{"floor":11.0,"key":"Calipers"},{"floor":13.0,"key":"Vajra"},{"floor":21.0,"key":"Necronomicon"},{"floor":23.0,"key":"Mummified Hand"},{"floor":29.0,"key":"Tiny Chest"},{"floor":40.0,"key":"Regal Pillow"},{"floor":42.0,"key":"Meat on the Bone"},{"floor":43.0,"key":"Potion Belt"},{"floor":46.0,"key":"Ninja Scroll"},{"floor":48.0,"key":"Juzu Bracelet"},{"floor":54.0,"key":"The Specimen"}],"event_choices":[{"damage_healed":0.0,"max_hp_gain":0.0,"max_hp_loss":0.0,"gold_gain":0.0,"event_name":"Shining Light","player_choice":"Entered Light","floor":2.0,"gold_loss":0.0,"damage_taken":14.0,"cards_upgraded":["Defend_G","Strike_G"]},{"cards_removed":["Strike_G"],"damage_healed":0.0,"max_hp_gain":0.0,"max_hp_loss":0.0,"gold_gain":0.0,"event_name":"Golden Wing","player_choice":"Card Removal","floor":3.0,"gold_loss":0.0,"damage_taken":7.0},{"damage_healed":0.0,"max_hp_gain":0.0,"max_hp_loss":0.0,"gold_gain":0.0,"event_name":"Cursed Tome","player_choice":"Obtained Book","floor":21.0,"gold_loss":0.0,"damage_taken":16.0},{"damage_healed":0.0,"max_hp_gain":0.0,"max_hp_loss":0.0,"gold_gain":0.0,"event_name":"Lab","player_choice":"Got Potions","floor":22.0,"gold_loss":0.0,"damage_taken":0.0},{"damage_healed":0.0,"max_hp_gain":0.0,"max_hp_loss":0.0,"gold_gain":0.0,"cards_transformed":["Strike_G"],"event_name":"Transmorgrifier","player_choice":"Transformed","floor":38.0,"gold_loss":0.0,"damage_taken":0.0,"cards_obtained":["Dash"]},{"damage_healed":0.0,"max_hp_gain":0.0,"max_hp_loss":0.0,"gold_gain":0.0,"event_name":"SecretPortal","player_choice":"Ignored","floor":41.0,"gold_loss":0.0,"damage_taken":0.0}],"is_beta":false,"boss_relics":[{"not_picked":["Runic Dome","Black Star"],"picked":"Cursed Key"},{"not_picked":["Fusion Hammer","Ring of the Serpent"],"picked":"Busted Crown"}],"items_purged_floors":[20,36],"is_endless":false,"potions_floor_spawned":[6,10,16,19,33,37,42,45,46],"killed_by":"The Heart","ascension_level":7}