{"gold_per_floor":[109,109,184,184,184,217,217,217,217,228,239,239,114,129,129,232,232,242,271,271,371,390,390,408,408,408,408,7,7,7,30,30,128,128,141,189,199,219,94,121,121,146,170,170,205,220,232,232,232,232],"floor_reached":50,"playtime":1703,"items_purged":["Strike_R","True Grit","Strike_R"],"score":940,"play_id":"355591cd-0096-4626-8403-9fe804b67da8","local_time":"20190424170837","is_ascension_mode":true,"campfire_choices":[{"data":"Searing Blow","floor":8.0,"key":"SMITH"},{"data":"Searing Blow+1","floor":12.0,"key":"SMITH"},{"data":"Searing Blow+2","floor":15.0,"key":"SMITH"},{"data":"Searing Blow+3","floor":23.0,"key":"SMITH"},{"data":"Searing Blow+4","floor":25.0,"key":"SMITH"},{"data":"Searing Blow+5","floor":27.0,"key":"SMITH"},{"data":"Searing Blow+6","floor":29.0,"key":"SMITH"},{"data":"Searing Blow+7","floor":32.0,"key":"SMITH"},{"data":"Searing Blow+8","floor":41.0,"key":"SMITH"},{"data":"Searing Blow+9","floor":44.0,"key":"SMITH"},{"floor":49.0,"key":"RECALL"}],"neow_cost":"NONE","seed_source_timestamp":626816803587511,"circlet_count":0,"master_deck":["AscendersBane","Strike_R+1","Strike_R+1","Defend_R","Defend_R+1","Defend_R","Defend_R+1","Bash","Searing Blow+10","Armaments","Thunderclap","Headbutt","Feed","True Grit+1","Battle Trance","Battle Trance+1"],"special_seed":0,"relics":["Burning Blood","NeowsBlessing","Dream Catcher","StoneCalendar","Vajra","Coffee Dripper","Red Mask","Question Card","PreservedInsect","Anchor","Bronze Scales","Black Star","Unceasing Top","Oddly Smooth Stone","Shuriken","Omamori","Ornamental Fan","Dodecahedron","War Paint"],"potions_floor_usage":[50],"damage_taken":[{"damage":0.0,"enemies":"2 Louse","floor":1.0,"turns":1.0},{"damage":0.0,"enemies":"Lagavulin","floor":6.0,"turns":1.0},{"damage":0.0,"enemies":"Small Slimes","floor":10.0,"turns":1.0},{"damage":0.0,"enemies":"Cultist","floor":11.0,"turns":3.0},{"damage":7.0,"enemies":"Red Slaver","floor":14.0,"turns":6.0},{"damage":46.0,"enemies":"Hexaghost","floor":16.0,"turns":8.0},{"damage":5.0,"enemies":"Chosen","floor":18.0,"turns":3.0},{"damage":12.0,"enemies":"Masked Bandits","floor":19.0,"turns":3.0},{"damage":14.0,"enemies":"Shell Parasite","floor":22.0,"turns":5.0},{"damage":0.0,"enemies":"Centurion and Healer","floor":24.0,"turns":3.0},{"damage":28.0,"enemies":"Automaton","floor":33.0,"turns":6.0},{"damage":15.0,"enemies":"3 Darklings","floor":35.0,"turns":5.0},{"damage":14.0,"enemies":"2 Orb Walkers","floor":36.0,"turns":4.0},{"damage":0.0,"enemies":"Orb Walker","floor":37.0,"turns":1.0},{"damage":23.0,"enemies":"4 Shapes","floor":38.0,"turns":7.0},{"damage":29.0,"enemies":"Reptomancer","floor":40.0,"turns":3.0},{"damage":9.0,"enemies":"Nemesis","floor":42.0,"turns":3.0},{"damage":3.0,"enemies":"Giant Head","floor":45.0,"turns":5.0},{"damage":15.0,"enemies":"3 Darklings","floor":46.0,"turns":5.0},{"damage":11.0,"enemies":"Jaw Worm Horde","floor":47.0,"turns":3.0},{"damage":30,"enemies":"Awakened One","floor":50,"turns":4}],"seed_played":"3000889675023408050","potions_obtained":[{"floor":1.0,"key":"Fruit Juice"},{"floor":6.0,"key":"Fire Potion"},{"floor":14.0,"key":"Explosive Potion"},{"floor":18.0,"key":"Fire Potion"},{"floor":22.0,"key":"Fire Potion"},{"floor":33.0,"key":"Block Potion"},{"floor":35.0,"key":"SkillPotion"},{"floor":40.0,"key":"Swift Potion"},{"floor":45.0,"key":"Fruit Juice"},{"floor":46.0,"key":"EssenceOfSteel"}],"is_trial":false,"path_per_floor":["M","?","?","?","?","E","?","R","T","M","M","R","$","M","R","B",null,"M","?","?","?","M","R","M","R","T","R","$","R","$","T","R","B",null,"M","?","M","M","$","E","R","E","T","R","E","M","M","?","R","B"],"character_chosen":"IRONCLAD","items_purchased":["True Grit","PreservedInsect","Anchor"],"campfire_rested":0,"item_purchase_floors":[13,28,28],"current_hp_per_floor":[78,62,51,51,44,50,50,50,50,56,62,62,62,66,66,26,70,71,68,51,51,43,43,52,52,52,52,52,52,52,52,52,30,80,74,66,72,55,55,35,35,32,32,32,40,34,29,29,29,0],"gold":232,"neow_bonus":"THREE_ENEMY_KILL","is_prod":false,"is_daily":false,"chose_seed":false,"campfire_upgraded":10,"win_rate":0,"timestamp":1556118517,"path_taken":["M","?","?","?","?","E","?","R","T","M","M","R","?","M","R","BOSS","M","?","?","?","?","R","M","R","T","R","?","R","$","?","R","BOSS","M","?","M","M","$","E","R","E","T","R","E","M","M","?","R","BOSS"],"build_version":"2019-01-23","purchased_purges":3,"victory":false,"max_hp_per_floor":[80,80,80,80,80,80,80,80,80,80,80,80,80,85,85,85,85,85,88,93,93,93,93,96,96,96,96,96,96,96,96,96,96,96,99,99,99,99,99,102,102,102,102,102,107,110,110,110,110,110],"card_choices":[{"not_picked":["Rupture","Sever Soul"],"picked":"Searing Blow","floor":1.0},{"not_picked":["Feel No Pain","Perfected Strike","Searing Blow"],"picked":"SKIP","floor":6.0},{"not_picked":["Flex","Sever Soul"],"picked":"Armaments","floor":10.0},{"not_picked":["Ghostly Armor","Pummel"],"picked":"Thunderclap","floor":11.0},{"not_picked":["Anger","True Grit"],"picked":"Headbutt","floor":14.0},{"not_picked":["Impervious","Dark Embrace"],"picked":"Feed","floor":16.0},{"not_picked":["Clash+1","Iron Wave","Headbutt"],"picked":"SKIP","floor":18.0},{"not_picked":["Thunderclap","Armaments"],"picked":"True Grit+1","floor":22.0},{"not_picked":["Evolve","Shrug It Off"],"picked":"Battle Trance","floor":24.0},{"not_picked":["Cleave","Warcry","Uppercut","Body Slam"],"picked":"SKIP","floor":35.0},{"not_picked":["Flex+1","Twin Strike","Perfected Strike+1","Clothesline+1"],"picked":"SKIP","floor":37.0},{"not_picked":["Seeing Red","Hemokinesis","Burning Pact","Dark Embrace"],"picked":"SKIP","floor":38.0},{"not_picked":["Perfected Strike+1","Heavy Blade","Corruption","Wild Strike"],"picked":"SKIP","floor":40.0},{"not_picked":["Intimidate","Shrug It Off","Sword Boomerang","Body Slam"],"picked":"SKIP","floor":42.0},{"not_picked":["Perfected Strike","Blood for Blood+1","Cleave+1","Thunderclap"],"picked":"SKIP","floor":45.0},{"not_picked":["Bludgeon","Armaments","Ghostly Armor+1"],"picked":"Battle Trance+1","floor":46.0},{"not_picked":["Armaments+1","Pummel","Combust+1","Disarm"],"picked":"SKIP","floor":47.0}],"player_experience":232382,"relics_obtained":[{"floor":6.0,"key":"Dream Catcher"},{"floor":9.0,"key":"Vajra"},{"floor":19.0,"key":"Red Mask"},{"floor":26.0,"key":"Question Card"},{"floor":31.0,"key":"Bronze Scales"},{"floor":36.0,"key":"Unceasing Top"},{"floor":40.0,"key":"Oddly Smooth Stone"},{"floor":40.0,"key":"Shuriken"},{"floor":42.0,"key":"Omamori"},{"floor":42.0,"key":"Ornamental Fan"},{"floor":45.0,"key":"Dodecahedron"},{"floor":45.0,"key":"War Paint"}],"event_choices":[{"damage_healed":0.0,"max_hp_gain":0.0,"max_hp_loss":0.0,"gold_gain":0.0,"event_name":"Shining Light","player_choice":"Entered Light","floor":2.0,"gold_loss":0.0,"damage_taken":16.0,"cards_upgraded":["Strike_R","Strike_R"]},{"damage_healed":0.0,"max_hp_gain":0.0,"max_hp_loss":0.0,"gold_gain":75.0,"event_name":"World of Goop","player_choice":"Gather Gold","floor":3.0,"gold_loss":0.0,"damage_taken":11.0},{"damage_healed":0.0,"max_hp_gain":0.0,"max_hp_loss":0.0,"gold_gain":0.0,"event_name":"Liars Game","player_choice":"Ignored","floor":4.0,"gold_loss":0.0,"damage_taken":0.0},{"cards_removed":["Strike_R"],"damage_healed":0.0,"max_hp_gain":0.0,"max_hp_loss":0.0,"gold_gain":0.0,"event_name":"Golden Wing","player_choice":"Card Removal","floor":5.0,"gold_loss":0.0,"damage_taken":7.0},{"damage_healed":0.0,"max_hp_gain":0.0,"max_hp_loss":0.0,"gold_gain":0.0,"event_name":"Dead Adventurer","player_choice":"Searched \u00272\u0027 times","floor":7.0,"gold_loss":0.0,"damage_taken":0.0,"relics_obtained":["StoneCalendar"]},{"damage_healed":0.0,"max_hp_gain":0.0,"max_hp_loss":0.0,"gold_gain":0.0,"event_name":"Masked Bandits","player_choice":"Fought Bandits","floor":19.0,"gold_loss":0.0,"damage_taken":0.0},{"damage_healed":0.0,"max_hp_gain":5.0,"max_hp_loss":0.0,"gold_gain":0.0,"event_name":"Forgotten Altar","player_choice":"Shed Blood","floor":20.0,"gold_loss":0.0,"damage_taken":22.0},{"damage_healed":0.0,"max_hp_gain":0.0,"max_hp_loss":0.0,"gold_gain":100.0,"event_name":"Golden Shrine","player_choice":"Pray","floor":21.0,"gold_loss":0.0,"damage_taken":0.0},{"damage_healed":0.0,"max_hp_gain":0.0,"max_hp_loss":0.0,"gold_gain":0.0,"event_name":"Mysterious Sphere","player_choice":"Fight","floor":36.0,"gold_loss":0.0,"damage_taken":0.0},{"damage_healed":0.0,"max_hp_gain":0.0,"max_hp_loss":0.0,"gold_gain":0.0,"event_name":"SecretPortal","player_choice":"Ignored","floor":48.0,"gold_loss":0.0,"damage_taken":0.0}],"is_beta":false,"boss_relics":[{"not_picked":["Fusion Hammer","Pandora\u0027s Box"],"picked":"Coffee Dripper"},{"not_picked":["Philosopher\u0027s Stone","Eternal Feather"],"picked":"Black Star"}],"items_purged_floors":[13,28,39],"is_endless":false,"potions_floor_spawned":[1,6,14,18,22,33,35,40,45,46],"killed_by":"Awakened One","ascension_level":11}