{"gold_per_floor":[114,0,0,0,11,11,38,38,116,116,147,147,164,184,184,283,283,298,308,318,336,355,355,372,372,372,372],"floor_reached":27,"playtime":1148,"items_purged":["Strike_B"],"score":338,"play_id":"744a732e-5631-4ccf-acde-79aa5ec17cf7","local_time":"20190326230416","is_ascension_mode":true,"campfire_choices":[{"data":"Zap","floor":6.0,"key":"SMITH"},{"data":"Melter","floor":8.0,"key":"SMITH"},{"data":"Dualcast","floor":10.0,"key":"SMITH"},{"data":"Blizzard","floor":15.0,"key":"SMITH"},{"floor":23,"key":"REST"},{"data":"Chill","floor":25,"key":"SMITH"}],"neow_cost":"NONE","seed_source_timestamp":29249355653459,"circlet_count":0,"master_deck":["Strike_B","Strike_B","Strike_B","Defend_B","Defend_B","Defend_B","Zap+1","Dualcast+1","Melter+1","Blizzard+1","Genetic Algorithm","Cold Snap","Cold Snap","Core Surge","FTL","Chill+1","Conserve Battery+1","Reinforced Body"],"special_seed":0,"relics":["FrozenCore","NeowsBlessing","Happy Flower","Dodecahedron","The Courier","Question Card","Gremlin Horn"],"potions_floor_usage":[20,22,24,27],"damage_taken":[{"damage":0.0,"enemies":"Jaw Worm","floor":1.0,"turns":1.0},{"damage":0.0,"enemies":"Small Slimes","floor":5.0,"turns":1.0},{"damage":0.0,"enemies":"3 Sentries","floor":7.0,"turns":1.0},{"damage":24.0,"enemies":"Lagavulin","floor":11.0,"turns":5.0},{"damage":0.0,"enemies":"Cultist","floor":13.0,"turns":2.0},{"damage":5.0,"enemies":"Exordium Wildlife","floor":14.0,"turns":4.0},{"damage":32.0,"enemies":"The Guardian","floor":16.0,"turns":9.0},{"damage":17.0,"enemies":"2 Thieves","floor":18.0,"turns":4.0},{"damage":3.0,"enemies":"3 Byrds","floor":19.0,"turns":5.0},{"damage":14,"enemies":"Cultist and Chosen","floor":20,"turns":9},{"damage":7,"enemies":"Centurion and Healer","floor":21,"turns":6},{"damage":13,"enemies":"Shelled Parasite and Fungi","floor":22,"turns":6},{"damage":7,"enemies":"Snecko","floor":24,"turns":8},{"damage":27,"enemies":"Slavers","floor":27,"turns":6}],"seed_played":"-998579423760260844","potions_obtained":[{"floor":5.0,"key":"Strength Potion"},{"floor":11.0,"key":"GamblersBrew"},{"floor":16.0,"key":"GamblersBrew"},{"floor":19.0,"key":"SteroidPotion"},{"floor":21,"key":"Poison Potion"},{"floor":24,"key":"Dexterity Potion"}],"is_trial":false,"path_per_floor":["M","$","?","?","M","R","E","R","T","R","E","?","M","M","R","B",null,"M","M","M","M","M","R","M","R","T","E"],"character_chosen":"DEFECT","items_purchased":["Blizzard"],"campfire_rested":1,"item_purchase_floors":[2],"current_hp_per_floor":[68,68,68,61,61,61,61,61,61,61,37,75,75,70,70,38,66,49,46,32,25,12,34,27,27,27,0],"gold":372,"neow_bonus":"THREE_ENEMY_KILL","is_prod":false,"is_daily":false,"chose_seed":false,"campfire_upgraded":5,"win_rate":0,"timestamp":1553637856,"path_taken":["M","$","?","?","M","R","E","R","T","R","E","?","M","M","R","BOSS","M","M","M","M","?","R","M","R","T","E"],"build_version":"2019-01-23","purchased_purges":1,"victory":false,"max_hp_per_floor":[75,75,75,75,75,75,75,75,75,75,75,75,75,75,75,75,75,75,75,75,75,75,75,75,75,75,75],"card_choices":[{"not_picked":["Steam","Streamline"],"picked":"Melter","floor":1.0},{"not_picked":["Beam Cell","Rebound","Streamline"],"picked":"SKIP","floor":5.0},{"not_picked":["Lockon","Core Surge"],"picked":"Cold Snap","floor":7.0},{"not_picked":["Aggregate","Heatsinks"],"picked":"Genetic Algorithm","floor":11.0},{"not_picked":["Reinforced Body","Steam Power","Compile Driver"],"picked":"Cold Snap","floor":13.0},{"not_picked":["Static Discharge","Hologram","Cold Snap","Sweeping Beam"],"picked":"SKIP","floor":14.0},{"not_picked":["Thunder Strike","Creative AI","Meteor Strike"],"picked":"Core Surge","floor":16.0},{"not_picked":["Gash","Scrape","Hello World"],"picked":"FTL","floor":18.0},{"not_picked":["Sweeping Beam","Barrage","Gash","Cold Snap+1"],"picked":"SKIP","floor":19.0},{"not_picked":["Sweeping Beam","Barrage","Gash","Cold Snap+1"],"picked":"SKIP","floor":19.0},{"not_picked":["Static Discharge","Coolheaded+1","Ball Lightning"],"picked":"Chill","floor":20},{"not_picked":["Sweeping Beam","Fusion","Compile Driver","Steam Power"],"picked":"SKIP","floor":21},{"not_picked":["Stack","Hologram","Streamline"],"picked":"Conserve Battery+1","floor":22},{"not_picked":["Fusion+1","Skim+1","Beam Cell"],"picked":"Reinforced Body","floor":24}],"player_experience":149411,"relics_obtained":[{"floor":7.0,"key":"Dodecahedron"},{"floor":9.0,"key":"The Courier"},{"floor":11.0,"key":"Question Card"},{"floor":26,"key":"Gremlin Horn"}],"event_choices":[{"damage_healed":0.0,"max_hp_gain":0.0,"max_hp_loss":0.0,"gold_gain":0.0,"cards_transformed":["Defend_B"],"event_name":"Living Wall","player_choice":"Change","floor":3.0,"gold_loss":0.0,"damage_taken":0.0,"cards_obtained":["Genetic Algorithm"]},{"damage_healed":0.0,"max_hp_gain":0.0,"max_hp_loss":0.0,"gold_gain":0.0,"event_name":"Scrap Ooze","player_choice":"Success","floor":4.0,"gold_loss":0.0,"damage_taken":7.0,"relics_obtained":["Happy Flower"]},{"cards_removed":["Genetic Algorithm"],"damage_healed":38.0,"max_hp_gain":0.0,"max_hp_loss":0.0,"gold_gain":0.0,"event_name":"Bonfire Elementals","player_choice":"Offered Uncommon","floor":12.0,"gold_loss":0.0,"damage_taken":0.0}],"is_beta":false,"boss_relics":[{"not_picked":["Astrolabe","Calling Bell"],"picked":"FrozenCore"}],"items_purged_floors":[2],"is_endless":false,"potions_floor_spawned":[5,11,16,19,21,24],"killed_by":"Slavers","ascension_level":7}