{"gold_per_floor":[109,209,224,174,191,205,205,217,217,217,228,81,81,96,96,200,200,189,89,89,99,74,74,74,74,74,85,85,103,103,116,116,215,215,227,0,0,12,12,12,41,41,123,123,148,158,158,177,177,177],"floor_reached":51,"playtime":8446,"items_purged":["Strike_G","Strike_G","Defend_G"],"score":939,"play_id":"13c1e8cb-5d2d-4123-8043-58b0671c4e29","local_time":"20190627001701","is_ascension_mode":true,"campfire_choices":[{"data":"Neutralize","floor":7,"key":"SMITH"},{"data":"Calculated Gamble","floor":10,"key":"SMITH"},{"data":"Dodge and Roll","floor":15,"key":"SMITH"},{"data":"Night Terror","floor":23,"key":"SMITH"},{"data":"Backflip","floor":25,"key":"SMITH"},{"data":"After Image","floor":28,"key":"SMITH"},{"data":"Escape Plan","floor":30,"key":"SMITH"},{"data":"Backflip","floor":32,"key":"SMITH"},{"data":"Burst","floor":40,"key":"SMITH"},{"data":"Footwork","floor":42,"key":"SMITH"},{"data":"Madness","floor":47,"key":"SMITH"},{"data":"Escape Plan","floor":49,"key":"SMITH"}],"neow_cost":"NONE","seed_source_timestamp":123532941694300,"circlet_count":0,"master_deck":["Defend_G","Defend_G","Defend_G","Defend_G","Strike_G+1","Strike_G+1","Survivor","Neutralize+1","Calculated Gamble+1","Dodge and Roll+1","After Image+1","Escape Plan+1","Night Terror+1","Backflip+1","Escape Plan+1","Backflip+1","Adrenaline","Burst+1","PiercingWail","Footwork+1","Calculated Gamble+1","Madness+1","Madness"],"relics":["Ring of the Snake","NeowsBlessing","Runic Pyramid","Nloth\u0027s Gift","Bag of Marbles","Gambling Chip","Coffee Dripper","Red Mask","Paper Crane","Sundial","Toxic Egg 2","Bottled Tornado"],"potions_floor_usage":[16,33,50],"damage_taken":[{"damage":0,"enemies":"2 Louse","floor":1,"turns":1},{"damage":0,"enemies":"Cultist","floor":3,"turns":1},{"damage":0,"enemies":"Jaw Worm","floor":5,"turns":1},{"damage":16,"enemies":"Lots of Slimes","floor":6,"turns":7},{"damage":0,"enemies":"Red Slaver","floor":8,"turns":7},{"damage":2,"enemies":"2 Fungi Beasts","floor":11,"turns":5},{"damage":5,"enemies":"3 Louse","floor":14,"turns":4},{"damage":3,"enemies":"The Guardian","floor":16,"turns":27},{"damage":12,"enemies":"2 Thieves","floor":18,"turns":4},{"damage":0,"enemies":"Spheric Guardian","floor":21,"turns":8},{"damage":18,"enemies":"Chosen and Byrds","floor":27,"turns":13},{"damage":9,"enemies":"Centurion and Healer","floor":29,"turns":11},{"damage":4,"enemies":"Sentry and Sphere","floor":31,"turns":12},{"damage":8,"enemies":"Collector","floor":33,"turns":24},{"damage":0,"enemies":"3 Darklings","floor":35,"turns":8},{"damage":0,"enemies":"3 Shapes","floor":38,"turns":5},{"damage":0,"enemies":"Giant Head","floor":41,"turns":11},{"damage":0,"enemies":"Nemesis","floor":45,"turns":11},{"damage":0,"enemies":"3 Darklings","floor":46,"turns":9},{"damage":8,"enemies":"Spire Growth","floor":48,"turns":6},{"damage":21,"enemies":"Awakened One","floor":50,"turns":40}],"seed_played":"3486505286829572049","potions_obtained":[{"floor":3,"key":"Dexterity Potion"},{"floor":5,"key":"Dexterity Potion"},{"floor":16,"key":"Ancient Potion"},{"floor":18,"key":"LiquidBronze"},{"floor":27,"key":"Block Potion"},{"floor":35,"key":"FearPotion"}],"is_trial":false,"path_per_floor":["M","?","M","?","M","M","R","M","T","R","M","$","?","M","R","B",null,"M","$","?","M","$","R","?","R","T","M","R","M","R","M","R","B",null,"M","$","?","M","?","R","E","R","T","?","E","M","R","M","R","B",null],"character_chosen":"THE_SILENT","items_purchased":["After Image","Backflip","PiercingWail","Footwork"],"campfire_rested":0,"item_purchase_floors":[12,22,36,36],"current_hp_per_floor":[63,63,63,63,63,47,47,47,47,47,45,45,50,45,45,42,67,55,55,55,55,55,55,55,55,55,37,37,28,28,24,24,16,60,60,60,60,60,51,51,51,51,51,51,51,51,51,43,43,22],"gold":177,"neow_bonus":"THREE_ENEMY_KILL","is_prod":false,"is_daily":false,"chose_seed":false,"campfire_upgraded":12,"win_rate":0,"timestamp":1561609021,"path_taken":["M","?","?","?","M","M","R","M","T","R","M","$","?","M","R","BOSS","M","$","?","?","?","R","?","R","T","M","R","M","R","M","R","BOSS","M","$","?","M","?","R","E","R","T","?","E","?","R","M","R","BOSS"],"build_version":"2019-01-23","purchased_purges":3,"victory":true,"max_hp_per_floor":[70,70,70,70,70,70,70,70,70,70,70,70,75,75,75,75,75,75,75,75,75,75,75,75,75,75,75,75,75,75,75,75,75,75,75,75,75,75,75,75,75,75,75,75,75,75,75,75,75,75],"card_choices":[{"not_picked":["Underhanded Strike","Expertise","Slice"],"picked":"SKIP","floor":1},{"not_picked":["Prepared","Bane","Sucker Punch"],"picked":"SKIP","floor":3},{"not_picked":["Crippling Poison","Terror"],"picked":"Calculated Gamble","floor":5},{"not_picked":["Crippling Poison","Flying Knee","Acrobatics"],"picked":"SKIP","floor":6},{"not_picked":["PiercingWail","Quick Slash"],"picked":"Dodge and Roll","floor":8},{"not_picked":["PiercingWail","Outmaneuver","Flying Knee"],"picked":"SKIP","floor":11},{"not_picked":["Prepared","Caltrops"],"picked":"Escape Plan","floor":14},{"not_picked":["Venomology","A Thousand Cuts"],"picked":"Night Terror","floor":16},{"not_picked":["Riddle With Holes","Blade Dance","Poisoned Stab+1"],"picked":"SKIP","floor":18},{"not_picked":["Masterful Stab","Underhanded Strike","Predator"],"picked":"SKIP","floor":21},{"not_picked":["Well Laid Plans+1","Terror","Deflect"],"picked":"SKIP","floor":27},{"not_picked":["Infinite Blades","Setup"],"picked":"Escape Plan","floor":29},{"not_picked":["Deadly Poison","Poisoned Stab"],"picked":"Backflip","floor":31},{"not_picked":["Tools of the Trade","Grand Finale"],"picked":"Adrenaline","floor":33},{"not_picked":["Deflect+1","Backstab+1"],"picked":"Burst","floor":35},{"not_picked":["Burst","Outmaneuver+1"],"picked":"Calculated Gamble+1","floor":38},{"not_picked":["Prepared","Caltrops+1","Underhanded Strike"],"picked":"SKIP","floor":41},{"not_picked":["Outmaneuver+1","Bane+1","Well Laid Plans"],"picked":"SKIP","floor":45},{"not_picked":["Flying Knee","Underhanded Strike","Catalyst+1"],"picked":"SKIP","floor":46},{"not_picked":["Outmaneuver+1","Dagger Throw","Flying Knee+1"],"picked":"SKIP","floor":48}],"player_experience":79696,"relics_obtained":[{"floor":9,"key":"Whetstone"},{"floor":26,"key":"Gambling Chip"},{"floor":41,"key":"Paper Crane"},{"floor":43,"key":"Sundial"},{"floor":45,"key":"Bottled Tornado"}],"event_choices":[{"damage_healed":0,"gold_gain":100,"player_choice":"Pray","damage_taken":0,"max_hp_gain":0,"max_hp_loss":0,"event_name":"Golden Shrine","floor":2,"gold_loss":0},{"cards_removed":["Strike_G"],"damage_healed":0,"gold_gain":0,"player_choice":"Card Removal","damage_taken":0,"max_hp_gain":0,"max_hp_loss":0,"event_name":"The Cleric","floor":4,"gold_loss":50},{"damage_healed":0,"gold_gain":0,"player_choice":"Donut","damage_taken":0,"max_hp_gain":5,"max_hp_loss":0,"event_name":"Big Fish","floor":13,"gold_loss":0},{"damage_healed":0,"gold_gain":0,"player_choice":"Traded Relic","damage_taken":0,"relics_obtained":["Nloth\u0027s Gift"],"max_hp_gain":0,"max_hp_loss":0,"event_name":"N\u0027loth","floor":20,"relics_lost":["Whetstone"],"gold_loss":0},{"damage_healed":0,"gold_gain":0,"player_choice":"Opened","damage_taken":0,"relics_obtained":["Bag of Marbles"],"max_hp_gain":0,"max_hp_loss":0,"event_name":"The Mausoleum","floor":24,"gold_loss":0},{"damage_healed":0,"gold_gain":0,"player_choice":"Paid","damage_taken":0,"relics_obtained":["Red Mask"],"max_hp_gain":0,"max_hp_loss":0,"event_name":"Tomb of Lord Red Mask","floor":37,"gold_loss":0},{"damage_healed":0,"gold_gain":0,"player_choice":"Embrace Madness","damage_taken":9,"max_hp_gain":0,"max_hp_loss":0,"event_name":"Winding Halls","floor":39,"gold_loss":0,"cards_obtained":["Madness","Madness"]},{"damage_healed":0,"gold_gain":0,"player_choice":"Gave Potion","damage_taken":0,"relics_obtained":["Toxic Egg 2"],"max_hp_gain":0,"max_hp_loss":0,"event_name":"WeMeetAgain","floor":44,"gold_loss":0}],"is_beta":false,"boss_relics":[{"not_picked":["Lizard Tail","Ring of the Serpent"],"picked":"Runic Pyramid"},{"not_picked":["Calling Bell","WristBlade"],"picked":"Coffee Dripper"}],"items_purged_floors":[12,19,36],"is_endless":false,"potions_floor_spawned":[3,5,16,18,27,35,38],"ascension_level":6}