{"gold_per_floor":[118,137,157,37,64,92,92,102,102,102,102,115,115,135,135,231,231,241,241,258,258],"floor_reached":21,"playtime":5058,"items_purged":["Strike_R"],"score":181,"play_id":"31720c1a-7553-4635-a2f7-31b15f551e9d","local_time":"20190501134133","is_ascension_mode":false,"campfire_choices":[{"data":"Bash","floor":7,"key":"SMITH"},{"data":"Seeing Red","floor":11,"key":"SMITH"},{"floor":13,"key":"REST"},{"floor":15,"key":"REST"}],"neow_cost":"TEN_PERCENT_HP_LOSS","seed_source_timestamp":335389898489246,"circlet_count":0,"master_deck":["Strike_R","Strike_R","Defend_R","Defend_R","Defend_R","Defend_R","Bash+1","Combust","Clash","Dropkick","Body Slam","Sentinel","Seeing Red+1","Reckless Charge","Impatience","Combust","Dropkick","Anger","Fire Breathing","Feed","Writhe","Flame Barrier+1"],"relics":["Burning Blood","PreservedInsect","Dream Catcher","Sundial","Black Star","Omamori"],"potions_floor_usage":[16,18,20,21],"damage_taken":[{"damage":1,"enemies":"Cultist","floor":1,"turns":4},{"damage":2,"enemies":"Small Slimes","floor":2,"turns":3},{"damage":2,"enemies":"2 Louse","floor":3,"turns":2},{"damage":24,"enemies":"Lagavulin","floor":6,"turns":4},{"damage":12,"enemies":"2 Fungi Beasts","floor":8,"turns":4},{"damage":20,"enemies":"3 Louse","floor":12,"turns":5},{"damage":4,"enemies":"Exordium Wildlife","floor":14,"turns":3},{"damage":23,"enemies":"Slime Boss","floor":16,"turns":9},{"damage":37,"enemies":"3 Byrds","floor":18,"turns":5},{"damage":30,"enemies":"2 Thieves","floor":20,"turns":4},{"damage":20,"enemies":"Masked Bandits","floor":21,"turns":4}],"seed_played":"-8050179825822046142","potions_obtained":[{"floor":1,"key":"EssenceOfSteel"},{"floor":6,"key":"Fire Potion"},{"floor":14,"key":"Block Potion"},{"floor":16,"key":"Swift Potion"}],"is_trial":false,"path_per_floor":["M","M","M","$","T","E","R","M","T","?","R","M","R","M","R","B",null,"M","?","M","?"],"character_chosen":"IRONCLAD","items_purchased":["Body Slam"],"campfire_rested":2,"item_purchase_floors":[4],"current_hp_per_floor":[72,72,72,72,72,54,54,48,48,48,48,34,55,57,72,55,72,41,41,17,0],"gold":258,"neow_bonus":"REMOVE_TWO","is_prod":false,"is_daily":false,"chose_seed":false,"campfire_upgraded":2,"win_rate":0.0,"timestamp":1556732493,"path_taken":["M","?","M","$","?","E","R","M","T","?","R","M","R","?","R","BOSS","M","?","M","?"],"build_version":"2019-01-23","purchased_purges":1,"victory":false,"max_hp_per_floor":[72,72,72,72,72,72,72,72,72,72,72,72,72,72,72,72,72,72,72,72,75],"card_choices":[{"not_picked":["Carnage","Wild Strike"],"picked":"Combust","floor":1},{"not_picked":["Wild Strike","Power Through"],"picked":"Clash","floor":2},{"not_picked":["Pommel Strike","Perfected Strike"],"picked":"Dropkick","floor":3},{"not_picked":["Pommel Strike","Pummel"],"picked":"Sentinel","floor":6},{"not_picked":["Entrench","Pommel Strike"],"picked":"Seeing Red","floor":8},{"not_picked":["Shrug It Off","Battle Trance"],"picked":"Combust","floor":12},{"not_picked":["True Grit","Sword Boomerang"],"picked":"Dropkick","floor":13},{"not_picked":["Iron Wave","Inflame"],"picked":"Anger","floor":14},{"not_picked":["Rampage","Power Through"],"picked":"Fire Breathing","floor":15},{"not_picked":["Offering","Double Tap"],"picked":"Feed","floor":16},{"not_picked":["Sentinel","Wild Strike+1","Clash"],"picked":"SKIP","floor":18},{"not_picked":["Clothesline","Entrench"],"picked":"Flame Barrier+1","floor":20}],"player_experience":88887,"relics_obtained":[{"floor":5,"key":"PreservedInsect"},{"floor":6,"key":"Dream Catcher"},{"floor":9,"key":"Sundial"}],"event_choices":[{"damage_healed":0,"gold_gain":0,"player_choice":"2 cards matched","damage_taken":0,"max_hp_gain":0,"max_hp_loss":0,"event_name":"Match and Keep!","floor":10,"gold_loss":0,"cards_obtained":["Reckless Charge","Impatience"]},{"damage_healed":0,"gold_gain":0,"player_choice":"Opened","damage_taken":0,"relics_obtained":["Omamori"],"max_hp_gain":0,"max_hp_loss":0,"event_name":"The Mausoleum","floor":19,"gold_loss":0,"cards_obtained":["Writhe"]},{"damage_healed":0,"gold_gain":0,"player_choice":"Fought Bandits","damage_taken":0,"max_hp_gain":0,"max_hp_loss":0,"event_name":"Masked Bandits","floor":21,"gold_loss":0}],"is_beta":false,"boss_relics":[{"not_picked":["Philosopher\u0027s Stone","Velvet Choker"],"picked":"Black Star"}],"items_purged_floors":[4],"is_endless":false,"potions_floor_spawned":[1,6,14,16],"killed_by":"Masked Bandits","ascension_level":0}