{"gold_per_floor":[113,129,129,145,159,159,159,159,205,222,256,256,286,300,300,371,371,382,416,65,65,79,112,112,145,145,180,190,223,237,256,256,334,334,347,31,44,44,64,95,95,112,112,129,140,170,42,52,52,52,52],"floor_reached":52,"playtime":2409,"items_purged":["Strike_B","Strike_B"],"score":2087,"play_id":"3c3aeb74-1b37-44f0-9068-194f806ba3fd","local_time":"20190608095534","is_ascension_mode":true,"campfire_choices":[{"data":"Chill","floor":6.0,"key":"SMITH"},{"data":"Zap","floor":8.0,"key":"SMITH"},{"data":"Hologram","floor":15.0,"key":"SMITH"},{"data":"Defragment","floor":24.0,"key":"SMITH"},{"data":"Static Discharge","floor":32,"key":"SMITH"},{"data":"Fusion","floor":41,"key":"SMITH"},{"floor":49,"key":"REST"}],"neow_cost":"NONE","seed_source_timestamp":0,"circlet_count":0,"master_deck":["AscendersBane","Defend_B","Defend_B","Defend_B","Defend_B","Zap+1","Dualcast","Conserve Battery","Rebound","Conserve Battery","Chill+1","Chill","Streamline","Sweeping Beam","Beam Cell","Hologram+1","Electrodynamics","Skim","Sunder","Defragment+1","Fusion+1","Glacier+1","Coolheaded+1","Hologram+1","Rainbow+1","Tempest+1","Static Discharge+1","Meteor Strike+1","Compile Driver+1","Redo+1","Consume+1","Barrage+1","Core Surge+1","Coolheaded+1"],"special_seed":0,"relics":["Cracked Core","PreservedInsect","Ancient Tea Set","FossilizedHelix","Sozu","Red Mask","Meat on the Bone","Oddly Smooth Stone","Toxic Egg 2","Mummified Hand","Bottled Lightning","Molten Egg 2","Inserter","ClockworkSouvenir","Mercury Hourglass","Singing Bowl","Anchor"],"potions_floor_usage":[],"damage_taken":[{"damage":0.0,"enemies":"Cultist","floor":1.0,"turns":3.0},{"damage":0.0,"enemies":"Jaw Worm","floor":2.0,"turns":4.0},{"damage":0.0,"enemies":"Small Slimes","floor":4.0,"turns":3.0},{"damage":1.0,"enemies":"Looter","floor":5.0,"turns":4.0},{"damage":3.0,"enemies":"Exordium Wildlife","floor":10.0,"turns":6.0},{"damage":4.0,"enemies":"3 Sentries","floor":11.0,"turns":10.0},{"damage":3.0,"enemies":"Lagavulin","floor":13.0,"turns":6.0},{"damage":0.0,"enemies":"Exordium Thugs","floor":14.0,"turns":3.0},{"damage":6.0,"enemies":"The Guardian","floor":16.0,"turns":13.0},{"damage":0.0,"enemies":"2 Thieves","floor":18.0,"turns":3.0},{"damage":17.0,"enemies":"Masked Bandits","floor":19.0,"turns":4.0},{"damage":2.0,"enemies":"Shell Parasite","floor":22.0,"turns":5.0},{"damage":11.0,"enemies":"Gremlin Leader","floor":23.0,"turns":4.0},{"damage":16.0,"enemies":"Book of Stabbing","floor":25.0,"turns":4.0},{"damage":0.0,"enemies":"Slavers","floor":27.0,"turns":4.0},{"damage":0,"enemies":"Centurion and Healer","floor":28,"turns":4},{"damage":1,"enemies":"Book of Stabbing","floor":29,"turns":4},{"damage":0,"enemies":"Chosen and Byrds","floor":30,"turns":4},{"damage":5,"enemies":"Shelled Parasite and Fungi","floor":31,"turns":7},{"damage":37,"enemies":"Collector","floor":33,"turns":11},{"damage":0,"enemies":"Orb Walker","floor":35,"turns":3},{"damage":0,"enemies":"3 Shapes","floor":37,"turns":6},{"damage":0,"enemies":"Sphere and 2 Shapes","floor":39,"turns":3},{"damage":9,"enemies":"Nemesis","floor":40,"turns":7},{"damage":2,"enemies":"Writhing Mass","floor":42,"turns":6},{"damage":0,"enemies":"4 Shapes","floor":44,"turns":4},{"damage":0,"enemies":"Sphere and 2 Shapes","floor":45,"turns":4},{"damage":0,"enemies":"Reptomancer","floor":46,"turns":4},{"damage":0,"enemies":"Spire Growth","floor":48,"turns":6},{"damage":46,"enemies":"Donu and Deca","floor":50,"turns":11},{"damage":33,"enemies":"Time Eater","floor":51,"turns":20}],"seed_played":"6413706357868368466","potions_obtained":[{"floor":1.0,"key":"LiquidBronze"},{"floor":10.0,"key":"SkillPotion"}],"is_trial":false,"path_per_floor":["M","M","?","M","M","R","?","R","T","M","E","?","E","M","R","B",null,"M","?","$","?","M","E","R","E","T","E","M","E","M","M","R","B",null,"M","$","M","?","M","E","R","M","T","M","M","E","$","M","R","B","B",null],"character_chosen":"DEFECT","items_purchased":["Meat on the Bone","ClockworkSouvenir","Core Surge+1","Coolheaded+1"],"campfire_rested":1,"item_purchase_floors":[20,36,47,47],"current_hp_per_floor":[71,71,64,64,63,63,63,63,63,60,56,61,58,58,58,52,75,75,58,58,53,51,52,52,48,48,48,48,47,47,42,42,17,67,67,67,67,67,67,58,58,56,56,58,60,62,62,64,91,57,36],"gold":52,"neow_bonus":"TEN_PERCENT_HP_BONUS","is_prod":false,"is_daily":false,"chose_seed":false,"campfire_upgraded":6,"win_rate":0,"timestamp":1559980534,"path_taken":["M","M","?","M","M","R","?","R","T","M","E","?","E","M","R","BOSS","M","?","$","?","?","E","R","E","T","E","M","E","M","?","R","BOSS","M","$","M","?","M","E","R","M","T","M","M","E","$","M","R","BOSS","BOSS"],"build_version":"2019-06-05","purchased_purges":2,"victory":true,"max_hp_per_floor":[78,78,78,78,78,78,78,78,78,78,78,83,83,83,83,83,83,83,83,83,83,83,83,83,83,83,83,83,83,83,83,83,83,83,83,83,83,83,83,83,83,83,83,85,87,89,89,91,91,91,91],"card_choices":[{"not_picked":["Doom and Gloom","Hologram"],"picked":"Conserve Battery","floor":1.0},{"not_picked":["Coolheaded","Heatsinks"],"picked":"Rebound","floor":2.0},{"not_picked":["Barrage","Coolheaded"],"picked":"Conserve Battery","floor":4.0},{"not_picked":["Turbo","Go for the Eyes"],"picked":"Chill","floor":5.0},{"not_picked":["Auto Shields","Storm"],"picked":"Streamline","floor":10.0},{"not_picked":["Leap","Aggregate"],"picked":"Sweeping Beam","floor":11.0},{"not_picked":["Reinforced Body","FTL"],"picked":"Beam Cell","floor":13.0},{"not_picked":["Lockon","Steam"],"picked":"Hologram","floor":14.0},{"not_picked":["Seek","Meteor Strike"],"picked":"Electrodynamics","floor":16.0},{"not_picked":["Scrape","Gash"],"picked":"Skim","floor":18.0},{"not_picked":["Skim","Redo"],"picked":"Sunder","floor":19.0},{"not_picked":["BootSequence","Hologram"],"picked":"Defragment","floor":22.0},{"not_picked":["Stack+1","Force Field"],"picked":"Fusion","floor":23.0},{"not_picked":["Leap","Coolheaded"],"picked":"Glacier","floor":25.0},{"not_picked":["Compile Driver","Redo+1"],"picked":"Coolheaded+1","floor":27},{"not_picked":["Gash","Go for the Eyes"],"picked":"Hologram+1","floor":28},{"not_picked":["Ball Lightning","Compile Driver"],"picked":"Rainbow+1","floor":29},{"not_picked":["Go for the Eyes+1","Chill+1"],"picked":"Tempest+1","floor":30},{"not_picked":["Leap+1","Recycle+1"],"picked":"Static Discharge","floor":31},{"not_picked":["Fission+1","Hyperbeam+1"],"picked":"Meteor Strike+1","floor":33},{"not_picked":["Leap+1","Cold Snap+1"],"picked":"Compile Driver+1","floor":35},{"not_picked":["Chill+1","Genetic Algorithm+1"],"picked":"Redo+1","floor":37},{"not_picked":["Heatsinks+1","Steam+1"],"picked":"Consume+1","floor":39},{"not_picked":["Amplify+1","Go for the Eyes+1","Beam Cell+1"],"picked":"SKIP","floor":40},{"not_picked":["Barrage+1","Steam+1","Sweeping Beam+1"],"picked":"SKIP","floor":42},{"not_picked":["Steam+1","Sweeping Beam+1"],"picked":"Barrage+1","floor":42},{"not_picked":["Rip and Tear+1","Recycle+1","Reprogram+1"],"picked":"Singing Bowl","floor":44},{"not_picked":["Ball Lightning+1","Turbo+1","Barrage+1"],"picked":"Singing Bowl","floor":45},{"not_picked":["Redo+1","Beam Cell+1","Steam+1"],"picked":"Singing Bowl","floor":46},{"not_picked":["Chill+1","Compile Driver+1","Multi-Cast+1"],"picked":"Singing Bowl","floor":48}],"player_experience":1685178,"relics_obtained":[{"floor":9.0,"key":"PreservedInsect"},{"floor":11.0,"key":"Ancient Tea Set"},{"floor":13.0,"key":"FossilizedHelix"},{"floor":19.0,"key":"Red Mask"},{"floor":23.0,"key":"Oddly Smooth Stone"},{"floor":25.0,"key":"Toxic Egg 2"},{"floor":26.0,"key":"Mummified Hand"},{"floor":27,"key":"Bottled Lightning"},{"floor":29,"key":"Molten Egg 2"},{"floor":40,"key":"Mercury Hourglass"},{"floor":43,"key":"Singing Bowl"},{"floor":46,"key":"Anchor"}],"event_choices":[{"cards_removed":["Strike_B"],"damage_healed":0.0,"max_hp_gain":0.0,"max_hp_loss":0.0,"gold_gain":0.0,"event_name":"Golden Wing","player_choice":"Card Removal","floor":3.0,"gold_loss":0.0,"damage_taken":7.0},{"damage_healed":0.0,"max_hp_gain":0.0,"max_hp_loss":0.0,"gold_gain":0.0,"cards_transformed":["Strike_B"],"event_name":"Living Wall","player_choice":"Change","floor":7.0,"gold_loss":0.0,"damage_taken":0.0,"cards_obtained":["Chill"]},{"damage_healed":0.0,"max_hp_gain":5.0,"max_hp_loss":0.0,"gold_gain":0.0,"event_name":"Big Fish","player_choice":"Donut","floor":12.0,"gold_loss":0.0,"damage_taken":0.0},{"damage_healed":0.0,"max_hp_gain":0.0,"max_hp_loss":0.0,"gold_gain":0.0,"event_name":"Masked Bandits","player_choice":"Fought Bandits","floor":19.0,"gold_loss":0.0,"damage_taken":0.0},{"damage_healed":0.0,"max_hp_gain":0.0,"max_hp_loss":0.0,"gold_gain":0.0,"event_name":"The Woman in Blue","player_choice":"Bought 0 Potions","floor":21.0,"gold_loss":0.0,"damage_taken":0.0},{"damage_healed":0,"gold_gain":0,"player_choice":"Got Potions","damage_taken":0,"max_hp_gain":0,"max_hp_loss":0,"event_name":"Lab","floor":38,"gold_loss":0}],"is_beta":true,"boss_relics":[{"not_picked":["Tiny House","Lizard Tail"],"picked":"Sozu"},{"not_picked":["Orrery","Astrolabe"],"picked":"Inserter"}],"items_purged_floors":[20,36],"is_endless":false,"potions_floor_spawned":[1,10,18,25,27,29,31,33,35,40,42],"ascension_level":20}