{"gold_per_floor":[118,128,128,53,77,77,111,111,111,146,146,160,160,174,174,269,269,287,287,287,387,403,403,432,449,449,449],"floor_reached":27,"playtime":743,"items_purged":["Strike_R"],"score":482,"play_id":"047677f2-d742-4ff5-ba1a-be0c06b545f6","local_time":"20190616231201","is_ascension_mode":true,"campfire_choices":[{"data":"Inflame","floor":6.0,"key":"SMITH"},{"data":"Bash","floor":8.0,"key":"SMITH"},{"floor":13,"key":"REST"},{"data":"Inflame","floor":15,"key":"SMITH"},{"floor":23,"key":"REST"}],"neow_cost":"NONE","seed_source_timestamp":199225613774068,"circlet_count":0,"master_deck":["AscendersBane","Strike_R","Strike_R","Strike_R","Strike_R","Defend_R","Defend_R+1","Defend_R+1","Defend_R+1","Bash+1","Twin Strike","Inflame+1","Twin Strike+1","Inflame+1","Feed","Sword Boomerang","Shrug It Off","Rage+1"],"special_seed":0,"relics":["Burning Blood","Art of War","Bloody Idol","Mummified Hand","Sundial","Anchor","Sozu","Gambling Chip","Matryoshka","War Paint","Blood Vial","Pantograph"],"potions_floor_usage":[10,18,21],"damage_taken":[{"damage":5.0,"enemies":"Small Slimes","floor":1.0,"turns":4.0},{"damage":4.0,"enemies":"Jaw Worm","floor":2.0,"turns":4.0},{"damage":3.0,"enemies":"2 Louse","floor":5.0,"turns":4.0},{"damage":20.0,"enemies":"Lagavulin","floor":7.0,"turns":5.0},{"damage":8,"enemies":"Gremlin Nob","floor":10,"turns":3},{"damage":3,"enemies":"2 Fungi Beasts","floor":12,"turns":3},{"damage":0,"enemies":"Large Slime","floor":14,"turns":2},{"damage":20,"enemies":"Hexaghost","floor":16,"turns":7},{"damage":3,"enemies":"2 Thieves","floor":18,"turns":3},{"damage":37,"enemies":"Colosseum Slavers","floor":21,"turns":5},{"damage":36,"enemies":"Colosseum Nobs","floor":21,"turns":4},{"damage":4,"enemies":"Chosen","floor":22,"turns":3},{"damage":27,"enemies":"Book of Stabbing","floor":24,"turns":4},{"damage":6,"enemies":"Snake Plant","floor":25,"turns":2},{"damage":38,"enemies":"Snecko","floor":27,"turns":4}],"seed_played":"4093886154951162013","potions_obtained":[{"floor":5.0,"key":"PowerPotion"},{"floor":7.0,"key":"GamblersBrew"},{"floor":16,"key":"EssenceOfSteel"}],"is_trial":false,"path_per_floor":["M","M","?","$","M","R","E","R","T","E","?","M","R","M","R","B",null,"M","?","?","?","M","R","E","M","T","M"],"character_chosen":"IRONCLAD","items_purchased":[],"campfire_rested":2,"item_purchase_floors":[],"current_hp_per_floor":[69,71,45,45,48,48,34,34,34,32,9,12,34,40,40,26,63,69,69,69,16,23,47,31,36,36,0],"gold":449,"neow_bonus":"RANDOM_COMMON_RELIC","is_prod":false,"is_daily":false,"chose_seed":false,"campfire_upgraded":3,"win_rate":0,"timestamp":1560719521,"path_taken":["M","M","?","$","M","R","E","R","T","E","?","M","R","M","R","BOSS","M","?","?","?","M","R","E","M","T","M"],"build_version":"2019-01-23","purchased_purges":1,"victory":false,"max_hp_per_floor":[75,75,75,75,75,75,75,75,75,75,75,75,75,75,75,75,75,78,78,78,81,81,81,81,81,81,81],"card_choices":[{"not_picked":["Dual Wield","Havoc"],"picked":"Twin Strike","floor":1.0},{"not_picked":["Shrug It Off","Wild Strike"],"picked":"Inflame","floor":2.0},{"not_picked":["Pummel","Pommel Strike"],"picked":"Twin Strike","floor":5.0},{"not_picked":["Iron Wave","Twin Strike","Intimidate"],"picked":"SKIP","floor":7.0},{"not_picked":["Perfected Strike","Clothesline","Body Slam"],"picked":"SKIP","floor":10},{"not_picked":["Armaments","Iron Wave","Sever Soul"],"picked":"SKIP","floor":12},{"not_picked":["Perfected Strike","Twin Strike"],"picked":"Inflame","floor":14},{"not_picked":["Berserk","Impervious"],"picked":"Feed","floor":16},{"not_picked":["Armaments","Anger","Clash"],"picked":"SKIP","floor":18},{"not_picked":["Heavy Blade","Iron Wave+1"],"picked":"Shrug It Off","floor":21},{"not_picked":["Cleave","Clash","Heavy Blade"],"picked":"SKIP","floor":22},{"not_picked":["Cleave","Reckless Charge"],"picked":"Rage+1","floor":24},{"not_picked":["Clothesline","Uppercut","Armaments"],"picked":"SKIP","floor":25}],"player_experience":576927,"relics_obtained":[{"floor":7.0,"key":"Mummified Hand"},{"floor":9.0,"key":"Sundial"},{"floor":10,"key":"Anchor"},{"floor":21,"key":"Gambling Chip"},{"floor":21,"key":"Matryoshka"},{"floor":24,"key":"War Paint"},{"floor":26,"key":"Blood Vial"},{"floor":26,"key":"Pantograph"}],"event_choices":[{"damage_healed":0.0,"max_hp_gain":0.0,"max_hp_loss":0.0,"gold_gain":0.0,"event_name":"Golden Idol","player_choice":"Take Damage","floor":3.0,"gold_loss":0.0,"damage_taken":26.0,"relics_obtained":["Golden Idol"]},{"damage_healed":0,"gold_gain":0,"player_choice":"Entered Light","damage_taken":23,"max_hp_gain":0,"max_hp_loss":0,"event_name":"Shining Light","floor":11,"gold_loss":0,"cards_upgraded":["Defend_R","Twin Strike"]},{"damage_healed":0,"gold_gain":0,"player_choice":"Read","damage_taken":0,"max_hp_gain":0,"max_hp_loss":0,"event_name":"The Library","floor":19,"gold_loss":0,"cards_obtained":["Sword Boomerang"]},{"damage_healed":0,"gold_gain":0,"player_choice":"Gave Idol","damage_taken":0,"relics_obtained":["Bloody Idol"],"max_hp_gain":0,"max_hp_loss":0,"event_name":"Forgotten Altar","floor":20,"relics_lost":["Golden Idol"],"gold_loss":0},{"damage_healed":0,"gold_gain":0,"player_choice":"Fight","damage_taken":0,"max_hp_gain":0,"max_hp_loss":0,"event_name":"Colosseum","floor":21,"gold_loss":0},{"damage_healed":0,"gold_gain":0,"player_choice":"Fought Nobs","damage_taken":0,"max_hp_gain":0,"max_hp_loss":0,"event_name":"Colosseum","floor":21,"gold_loss":0}],"is_beta":false,"boss_relics":[{"not_picked":["Calling Bell","Eternal Feather"],"picked":"Sozu"}],"items_purged_floors":[4],"is_endless":false,"potions_floor_spawned":[5,7,16,22,25],"killed_by":"Snecko","ascension_level":20}