{"gold_per_floor":[216,235,9,24,24,24,58,58,58,93,93,124,24,24,24,113,113,138,138,188,204,204,204,237,152,152,152,185,85,109,26,26,120,120,134,467,467,477,135,135,149,181,181,193,43,43,61,76,76,76,76,76,76,20,20],"floor_reached":55,"playtime":2164,"items_purged":["Strike_B","Parasite","Decay","Parasite"],"score":1873,"play_id":"704a7e1a-287c-4f96-9199-f189bb6ad988","local_time":"20190604205535","is_ascension_mode":true,"campfire_choices":[{"data":"Barrage","floor":6.0,"key":"SMITH"},{"data":"Chill","floor":8.0,"key":"SMITH"},{"floor":11.0,"key":"REST"},{"data":"Coolheaded","floor":15.0,"key":"SMITH"},{"data":"Buffer","floor":23.0,"key":"SMITH"},{"data":"Hologram","floor":27.0,"key":"SMITH"},{"data":"Loop","floor":32.0,"key":"SMITH"},{"data":"Coolheaded","floor":40,"key":"SMITH"},{"floor":46,"key":"RECALL"},{"data":"Beam Cell","floor":49,"key":"SMITH"},{"floor":53,"key":"REST"}],"neow_cost":"NONE","seed_source_timestamp":940444834088,"circlet_count":0,"master_deck":["AscendersBane","Defend_B","Defend_B","Defend_B","Zap","Dualcast+1","Sweeping Beam","Coolheaded+1","Barrage+1","Chill+1","Undo","Self Repair","Buffer+1","Beam Cell+1","Seek+1","Sweeping Beam","Rainbow","Hologram+1","Echo Form","Steam+1","Loop+1","All For One","Creative AI+1","Ball Lightning+1","Fission+1","Glacier","Coolheaded+1","Barrage+1","Parasite","Amplify"],"special_seed":0,"relics":["Cracked Core","Bag of Preparation","Letter Opener","Dodecahedron","StoneCalendar","Anchor","Cursed Key","Mercury Hourglass","Thread and Needle","PreservedInsect","Orichalcum","Astrolabe","Blue Candle","Runic Capacitor","War Paint"],"potions_floor_usage":[47,51,55],"damage_taken":[{"damage":6.0,"enemies":"2 Louse","floor":1.0,"turns":3.0},{"damage":0.0,"enemies":"Small Slimes","floor":2.0,"turns":2.0},{"damage":2.0,"enemies":"Jaw Worm","floor":4.0,"turns":4.0},{"damage":31.0,"enemies":"Gremlin Nob","floor":7.0,"turns":4.0},{"damage":9.0,"enemies":"3 Sentries","floor":10.0,"turns":7.0},{"damage":12.0,"enemies":"Lagavulin","floor":12.0,"turns":7.0},{"damage":16.0,"enemies":"Slime Boss","floor":16.0,"turns":7.0},{"damage":8.0,"enemies":"Shell Parasite","floor":18.0,"turns":7.0},{"damage":0.0,"enemies":"3 Byrds","floor":21.0,"turns":3.0},{"damage":8.0,"enemies":"Gremlin Leader","floor":24.0,"turns":5.0},{"damage":17.0,"enemies":"Slavers","floor":28.0,"turns":4.0},{"damage":0.0,"enemies":"Centurion and Healer","floor":30.0,"turns":6.0},{"damage":6,"enemies":"Automaton","floor":33,"turns":7},{"damage":0,"enemies":"3 Shapes","floor":35,"turns":3},{"damage":0,"enemies":"Orb Walker","floor":38,"turns":2},{"damage":0,"enemies":"Sphere and 2 Shapes","floor":41,"turns":3},{"damage":0,"enemies":"Reptomancer","floor":42,"turns":3},{"damage":0,"enemies":"Spire Growth","floor":44,"turns":5},{"damage":0,"enemies":"Writhing Mass","floor":47,"turns":6},{"damage":15,"enemies":"Jaw Worm Horde","floor":48,"turns":3},{"damage":6,"enemies":"Donu and Deca","floor":50,"turns":8},{"damage":17,"enemies":"Time Eater","floor":51,"turns":15},{"damage":82,"enemies":"Shield and Spear","floor":55,"turns":6}],"seed_played":"1311725275002966003","potions_obtained":[{"floor":1.0,"key":"FocusPotion"},{"floor":10.0,"key":"Explosive Potion"},{"floor":16.0,"key":"Regen Potion"},{"floor":28.0,"key":"Weak Potion"},{"floor":30.0,"key":"AttackPotion"},{"floor":47,"key":"Ancient Potion"}],"is_trial":false,"path_per_floor":["M","M","$","M","?","R","E","R","T","E","R","E","$","?","R","B",null,"M","?","?","M","?","R","E","?","T","R","E","$","M","$","R","B",null,"M","?","T","M","$","R","M","E","T","M","$","R","M","M","R","B","B",null,"R","$","E"],"character_chosen":"DEFECT","items_purchased":["Bag of Preparation","Barrage","Beam Cell","Loop","Runic Capacitor","PowerPotion"],"campfire_rested":2,"item_purchase_floors":[3,3,13,31,39,54],"current_hp_per_floor":[58,58,58,56,56,56,25,25,25,16,37,32,32,32,32,23,54,64,64,64,64,64,64,63,63,63,63,53,53,61,61,61,61,61,61,61,61,61,61,61,61,61,61,61,58,58,58,43,43,37,27,50,58,58,0],"gold":20,"neow_bonus":"HUNDRED_GOLD","is_prod":false,"is_daily":false,"chose_seed":false,"campfire_upgraded":8,"win_rate":0,"timestamp":1559674535,"path_taken":["M","M","$","M","?","R","E","R","T","E","R","E","$","?","R","BOSS","M","?","?","M","?","R","E","?","T","R","E","$","M","$","R","BOSS","M","?","?","M","$","R","M","E","T","M","?","R","?","M","R","BOSS","BOSS","R","$","E"],"build_version":"2019-06-02","purchased_purges":4,"victory":false,"max_hp_per_floor":[71,71,71,71,71,71,71,71,71,71,71,71,71,64,64,64,64,64,64,64,64,64,64,64,64,64,64,64,61,61,61,61,61,61,61,61,61,61,61,61,61,61,61,61,58,58,58,58,58,58,58,58,58,58,58],"card_choices":[{"not_picked":["Reprogram","Beam Cell"],"picked":"Sweeping Beam","floor":1.0},{"not_picked":["Barrage","Heatsinks"],"picked":"Coolheaded","floor":2.0},{"not_picked":["Barrage","Leap"],"picked":"Chill","floor":4.0},{"not_picked":["Leap","Conserve Battery"],"picked":"Undo","floor":7.0},{"not_picked":["Blizzard","Hello World"],"picked":"Self Repair","floor":10.0},{"not_picked":["Static Discharge","Glacier"],"picked":"Buffer","floor":12.0},{"not_picked":["Multi-Cast","Thunder Strike"],"picked":"Seek","floor":16.0},{"not_picked":["Gash","Cold Snap+1"],"picked":"Sweeping Beam","floor":18.0},{"not_picked":["Reprogram","FTL+1"],"picked":"Hologram","floor":21.0},{"not_picked":["Gash","Tempest"],"picked":"Echo Form","floor":24.0},{"not_picked":["Hologram","Rebound"],"picked":"Steam+1","floor":28.0},{"not_picked":["Auto Shields","Ball Lightning","Beam Cell"],"picked":"SKIP","floor":30.0},{"not_picked":["Reboot","Machine Learning"],"picked":"All For One","floor":33},{"not_picked":["Barrage+1","Compile Driver+1"],"picked":"Glacier","floor":35},{"not_picked":["Leap","Sweeping Beam"],"picked":"Coolheaded","floor":38},{"not_picked":["Hologram","Redo","Steam"],"picked":"SKIP","floor":41},{"not_picked":["Redo","Chaos"],"picked":"Barrage+1","floor":42},{"not_picked":["Hologram","Barrage","Steam Power+1"],"picked":"SKIP","floor":44},{"not_picked":["Coolheaded","Hello World"],"picked":"Amplify","floor":47},{"not_picked":["Melter","Ball Lightning","Gash"],"picked":"SKIP","floor":48}],"player_experience":1667777,"relics_obtained":[{"floor":7.0,"key":"Letter Opener"},{"floor":9.0,"key":"Dodecahedron"},{"floor":10.0,"key":"StoneCalendar"},{"floor":12.0,"key":"Anchor"},{"floor":24.0,"key":"Mercury Hourglass"},{"floor":26.0,"key":"PreservedInsect"},{"floor":28.0,"key":"Orichalcum"},{"floor":37,"key":"Blue Candle"},{"floor":42,"key":"War Paint"}],"event_choices":[{"damage_healed":0.0,"max_hp_gain":0.0,"max_hp_loss":0.0,"gold_gain":0.0,"event_name":"Liars Game","player_choice":"Ignored","floor":5.0,"gold_loss":0.0,"damage_taken":0.0},{"damage_healed":0.0,"max_hp_gain":0.0,"max_hp_loss":7.0,"gold_gain":0.0,"event_name":"Golden Idol","player_choice":"Lose Max HP","floor":14.0,"gold_loss":0.0,"damage_taken":0.0,"relics_obtained":["Golden Idol"]},{"damage_healed":0.0,"max_hp_gain":0.0,"max_hp_loss":0.0,"gold_gain":0.0,"cards_transformed":["Strike_B","Strike_B"],"event_name":"Drug Dealer","player_choice":"Became Test Subject","floor":19.0,"gold_loss":0.0,"damage_taken":0.0,"cards_obtained":["Hello World","Rainbow"]},{"damage_healed":0.0,"max_hp_gain":0.0,"max_hp_loss":0.0,"gold_gain":50.0,"event_name":"Nest","player_choice":"Stole From Cult","floor":20.0,"gold_loss":0.0,"damage_taken":0.0},{"damage_healed":0.0,"max_hp_gain":0.0,"max_hp_loss":0.0,"gold_gain":0.0,"event_name":"Vampires","player_choice":"Ignored","floor":22.0,"gold_loss":0.0,"damage_taken":0.0},{"damage_healed":0.0,"max_hp_gain":0.0,"max_hp_loss":0.0,"gold_gain":0.0,"event_name":"Addict","player_choice":"Obtained Relic","floor":25.0,"gold_loss":85.0,"damage_taken":0.0,"relics_obtained":["Thread and Needle"]},{"damage_healed":0,"gold_gain":333,"player_choice":"Gave Idol","damage_taken":0,"max_hp_gain":0,"max_hp_loss":0,"event_name":"The Moai Head","floor":36,"relics_lost":["Golden Idol"],"gold_loss":0}],"is_beta":true,"boss_relics":[{"not_picked":["Empty Cage","Ectoplasm"],"picked":"Cursed Key"},{"not_picked":["Orrery","White Beast Statue"],"picked":"Astrolabe"}],"items_purged_floors":[13,29,39,45],"is_endless":false,"potions_floor_spawned":[1,10,16,28,30,35,44,47],"killed_by":"Shield and Spear","ascension_level":20}