{"gold_per_floor":[115,91,105,121,133,164,181,181,181,201,201,220,220,395,395,492,492,510,63,63,74,85,116,116,142,142,155,181,196,216,216,216,319,319,339,358,358,46,61,61,81,112,112,112,132,132,132],"floor_reached":47,"playtime":2316,"items_purged":["Doubt"],"score":682,"play_id":"346e1325-de42-40d0-a998-ba56c10e2a2e","local_time":"20190603225120","is_ascension_mode":true,"campfire_choices":[{"floor":8,"key":"REST"},{"floor":11,"key":"REST"},{"data":"Thunderclap","floor":13,"key":"SMITH"},{"data":"Carnage","floor":15,"key":"SMITH"},{"floor":32,"key":"REST"},{"data":"Corruption","floor":40,"key":"SMITH"},{"floor":46,"key":"RECALL"}],"neow_cost":"NONE","seed_source_timestamp":2626680416014,"circlet_count":0,"master_deck":["Bash+1","Spot Weakness+1","Flex+1","Thunderclap+1","True Grit+1","Carnage+1","Burning Pact+1","Battle Trance+1","Ghostly Armor+1","Spot Weakness+1","Offering+1","Cleave+1","Clothesline+1","Cleave+1","Headbutt+1","Headbutt+1","Dropkick+1","Cleave+1","Rupture+1","Dark Embrace+1","Iron Wave+1","Metamorphosis+1","Uppercut+1","Heavy Blade+1","Rage+1","Exhume+1","Juggernaut+1","Ghostly Armor+1","Ghostly Armor+1","Armaments+1","Offering+1","Warcry+1","Barricade+1","Dark Shackles+1","Corruption+1","Flame Barrier+1","Seeing Red+1","Writhe"],"relics":["Burning Blood","NeowsBlessing","Happy Flower","Toxic Egg 2","Pandora\u0027s Box","Dream Catcher","MutagenicStrength","Ginger","Mummified Hand","Ice Cream","Kunai","Busted Crown","Mark of the Bloom","Bag of Marbles","Darkstone Periapt"],"potions_floor_usage":[6,6,16,16,22,25,25,29,33,47],"damage_taken":[{"damage":0,"enemies":"Cultist","floor":1,"turns":1},{"damage":0,"enemies":"2 Louse","floor":3,"turns":1},{"damage":0,"enemies":"Jaw Worm","floor":4,"turns":1},{"damage":7,"enemies":"Blue Slaver","floor":5,"turns":4},{"damage":51,"enemies":"Lagavulin","floor":6,"turns":7},{"damage":22,"enemies":"Looter","floor":7,"turns":3},{"damage":31,"enemies":"Gremlin Gang","floor":10,"turns":5},{"damage":4,"enemies":"Large Slime","floor":12,"turns":5},{"damage":24,"enemies":"Hexaghost","floor":16,"turns":6},{"damage":6,"enemies":"3 Byrds","floor":18,"turns":3},{"damage":18,"enemies":"Shell Parasite","floor":21,"turns":3},{"damage":15,"enemies":"Centurion and Healer","floor":22,"turns":2},{"damage":40,"enemies":"Book of Stabbing","floor":23,"turns":4},{"damage":0,"enemies":"Slavers","floor":25,"turns":1},{"damage":6,"enemies":"3 Cultists","floor":27,"turns":2},{"damage":15,"enemies":"Book of Stabbing","floor":28,"turns":4},{"damage":10,"enemies":"Snecko","floor":29,"turns":3},{"damage":6,"enemies":"Snake Plant","floor":30,"turns":1},{"damage":33,"enemies":"Collector","floor":33,"turns":6},{"damage":6,"enemies":"Orb Walker","floor":35,"turns":1},{"damage":15,"enemies":"3 Darklings","floor":36,"turns":4},{"damage":6,"enemies":"Maw","floor":39,"turns":4},{"damage":18,"enemies":"Transient","floor":41,"turns":5},{"damage":6,"enemies":"Nemesis","floor":42,"turns":3},{"damage":19,"enemies":"Sphere and 2 Shapes","floor":45,"turns":5},{"damage":22,"enemies":"Giant Head","floor":47,"turns":6}],"seed_played":"4007461331539401078","potions_obtained":[{"floor":1,"key":"LiquidBronze"},{"floor":5,"key":"PowerPotion"},{"floor":6,"key":"Weak Potion"},{"floor":10,"key":"PowerPotion"},{"floor":18,"key":"Poison Potion"},{"floor":21,"key":"Poison Potion"},{"floor":23,"key":"AttackPotion"},{"floor":28,"key":"AttackPotion"},{"floor":29,"key":"AttackPotion"},{"floor":33,"key":"Strength Potion"},{"floor":45,"key":"GamblersBrew"}],"is_trial":false,"path_per_floor":["M","$","M","M","M","E","M","R","T","M","R","M","R","?","R","B",null,"M","$","?","M","M","E","?","E","T","M","E","M","M","?","R","B",null,"M","M","?","$","M","R","M","E","T","?","M","R","E"],"character_chosen":"IRONCLAD","items_purchased":["Flex","Metamorphosis+1","Dream Catcher","Uppercut","Dark Shackles+1","Bag of Marbles","Corruption"],"campfire_rested":3,"item_purchase_floors":[2,19,19,19,38,38,38],"current_hp_per_floor":[80,80,80,80,79,34,18,42,42,17,41,43,43,43,43,25,80,80,80,80,68,59,25,25,31,31,31,22,18,18,18,42,15,80,80,71,71,71,65,65,47,41,41,41,22,22,0],"gold":132,"neow_bonus":"THREE_ENEMY_KILL","is_prod":false,"is_daily":false,"chose_seed":false,"campfire_upgraded":3,"win_rate":0,"timestamp":1559620280,"path_taken":["M","$","M","?","M","E","M","R","T","?","R","M","R","?","R","BOSS","M","$","?","M","M","E","?","E","T","M","E","M","M","?","R","BOSS","M","?","?","$","M","R","M","E","T","?","M","R","E"],"build_version":"2019-01-23","purchased_purges":1,"victory":false,"max_hp_per_floor":[80,80,80,80,80,80,80,80,80,80,80,80,80,80,80,80,80,80,80,80,80,80,80,80,80,80,80,80,80,80,80,80,80,80,80,80,80,80,80,80,80,80,80,86,86,86,86],"card_choices":[{"not_picked":["Clash","Anger"],"picked":"Spot Weakness","floor":1},{"not_picked":["Sentinel","Body Slam"],"picked":"Thunderclap","floor":3},{"not_picked":["Warcry","Havoc"],"picked":"True Grit","floor":4},{"not_picked":["Burning Pact","Warcry"],"picked":"Carnage","floor":5},{"not_picked":["Rupture","Evolve"],"picked":"Burning Pact","floor":6},{"not_picked":["Searing Blow","Clothesline"],"picked":"Battle Trance","floor":7},{"not_picked":["Pommel Strike","Sever Soul"],"picked":"Ghostly Armor+1","floor":10},{"not_picked":["Anger","Twin Strike"],"picked":"Spot Weakness+1","floor":12},{"not_picked":["Bludgeon","Exhume+1"],"picked":"Offering+1","floor":16},{"not_picked":["Perfected Strike+1","Spot Weakness+1"],"picked":"Iron Wave+1","floor":18},{"not_picked":["Spot Weakness+1","Corruption"],"picked":"Heavy Blade+1","floor":21},{"not_picked":["Clothesline","Headbutt"],"picked":"Rage+1","floor":22},{"not_picked":["Iron Wave","Power Through+1"],"picked":"Exhume+1","floor":23},{"not_picked":["Thunderclap","Reckless Charge"],"picked":"Juggernaut","floor":25},{"not_picked":["Thunderclap","Iron Wave","Combust+1"],"picked":"SKIP","floor":27},{"not_picked":["Flex+1","Searing Blow"],"picked":"Ghostly Armor+1","floor":28},{"not_picked":["Clothesline","Twin Strike"],"picked":"Ghostly Armor+1","floor":29},{"not_picked":["Rampage","Iron Wave"],"picked":"Armaments+1","floor":30},{"not_picked":["Cleave","Wild Strike"],"picked":"Warcry+1","floor":32},{"not_picked":["Immolate","Impervious+1"],"picked":"Barricade","floor":33},{"not_picked":["Burning Pact+1"],"picked":"SKIP","floor":35},{"not_picked":["Body Slam"],"picked":"SKIP","floor":36},{"not_picked":[],"picked":"Flame Barrier+1","floor":39},{"not_picked":["Wild Strike"],"picked":"SKIP","floor":41},{"not_picked":[],"picked":"Seeing Red+1","floor":42},{"not_picked":["Havoc+1"],"picked":"SKIP","floor":45}],"player_experience":72943,"relics_obtained":[{"floor":6,"key":"Happy Flower"},{"floor":9,"key":"Toxic Egg 2"},{"floor":23,"key":"Ginger"},{"floor":25,"key":"Mummified Hand"},{"floor":26,"key":"Ice Cream"},{"floor":28,"key":"Kunai"},{"floor":42,"key":"Darkstone Periapt"}],"event_choices":[{"damage_healed":0,"gold_gain":175,"player_choice":"AGREE","damage_taken":0,"max_hp_gain":0,"max_hp_loss":0,"event_name":"Liars Game","floor":14,"gold_loss":0,"cards_obtained":["Doubt"]},{"damage_healed":0,"gold_gain":0,"player_choice":"Inject Mutagens","damage_taken":0,"relics_obtained":["MutagenicStrength"],"max_hp_gain":0,"max_hp_loss":0,"event_name":"Drug Dealer","floor":20,"gold_loss":0},{"damage_healed":0,"gold_gain":0,"player_choice":"Ignored","damage_taken":0,"max_hp_gain":0,"max_hp_loss":0,"event_name":"Ghosts","floor":24,"gold_loss":0},{"damage_healed":0,"gold_gain":0,"player_choice":"Copied","damage_taken":0,"max_hp_gain":0,"max_hp_loss":0,"event_name":"Duplicator","floor":31,"gold_loss":0,"cards_obtained":["Offering"]},{"damage_healed":0,"gold_gain":0,"player_choice":"Upgrade","damage_taken":0,"relics_obtained":["Mark of the Bloom"],"max_hp_gain":0,"max_hp_loss":0,"event_name":"MindBloom","floor":37,"gold_loss":0,"cards_upgraded":["Bash","Spot Weakness","Flex","True Grit","Burning Pact","Battle Trance","Cleave","Clothesline","Cleave","Headbutt","Headbutt","Dropkick","Cleave","Rupture","Dark Embrace","Uppercut","Juggernaut","Barricade"]},{"damage_healed":20,"gold_gain":0,"player_choice":"Writhe","damage_taken":0,"max_hp_gain":0,"max_hp_loss":0,"event_name":"Winding Halls","floor":44,"gold_loss":0,"cards_obtained":["Writhe"]}],"is_beta":false,"boss_relics":[{"not_picked":["Sozu","Velvet Choker"],"picked":"Pandora\u0027s Box"},{"not_picked":["Lizard Tail","White Beast Statue"],"picked":"Busted Crown"}],"items_purged_floors":[19],"is_endless":false,"potions_floor_spawned":[1,5,6,10,18,21,23,28,29,33,45],"killed_by":"Giant Head","ascension_level":3}