{"gold_per_floor":[118,136,156,256,268,268,299,299,299,3,21,21,35,69,69,168,168,188,199,199,299,318,318,334,362,415,415,442,442,459,477,477,477],"floor_reached":33,"playtime":1965,"items_purged":[],"score":444,"play_id":"c50dd8d3-6758-405c-8c54-ccc894ae6d1e","local_time":"20190616162928","is_ascension_mode":true,"campfire_choices":[{"data":"Bludgeon","floor":6,"key":"SMITH"},{"data":"Demon Form","floor":12,"key":"SMITH"},{"data":"Corruption","floor":15,"key":"SMITH"},{"data":"Inflame","floor":23,"key":"SMITH"},{"data":"True Grit","floor":27,"key":"SMITH"},{"floor":29,"key":"REST"},{"floor":32,"key":"REST"}],"neow_cost":"NONE","seed_source_timestamp":413660901436611,"circlet_count":0,"master_deck":["Strike_R","Strike_R","Strike_R","Strike_R","Strike_R","Defend_R","Defend_R","Defend_R","Defend_R+1","Bash","Bludgeon+1","Battle Trance","Iron Wave","Shrug It Off","Inflame+1","Demon Form+1","Fire Breathing","Corruption+1","Flame Barrier","Offering","True Grit+1","True Grit+1","Rage+1","Rampage","Shockwave","Heavy Blade"],"relics":["Burning Blood","Strawberry","Oddly Smooth Stone","Peace Pipe","Mummified Hand","Philosopher\u0027s Stone","Pear","Omamori","War Paint"],"potions_floor_usage":[13,14,18,22,22,25,28,33],"damage_taken":[{"damage":7,"enemies":"Jaw Worm","floor":1,"turns":3},{"damage":0,"enemies":"Cultist","floor":2,"turns":2},{"damage":4,"enemies":"2 Louse","floor":3,"turns":2},{"damage":9,"enemies":"2 Fungi Beasts","floor":5,"turns":3},{"damage":22,"enemies":"3 Sentries","floor":7,"turns":6},{"damage":6,"enemies":"Large Slime","floor":11,"turns":7},{"damage":5,"enemies":"Gremlin Gang","floor":13,"turns":5},{"damage":8,"enemies":"Gremlin Nob","floor":14,"turns":3},{"damage":17,"enemies":"The Guardian","floor":16,"turns":8},{"damage":0,"enemies":"3 Byrds","floor":18,"turns":3},{"damage":6,"enemies":"Spheric Guardian","floor":19,"turns":3},{"damage":0,"enemies":"Snake Plant","floor":22,"turns":2},{"damage":17,"enemies":"3 Cultists","floor":24,"turns":5},{"damage":43,"enemies":"Gremlin Leader","floor":25,"turns":6},{"damage":26,"enemies":"Book of Stabbing","floor":28,"turns":5},{"damage":50,"enemies":"Cultist and Chosen","floor":30,"turns":7},{"damage":11,"enemies":"Snecko","floor":31,"turns":5},{"damage":69,"enemies":"Collector","floor":33,"turns":7}],"seed_played":"720900049188181870","potions_obtained":[{"floor":2,"key":"Energy Potion"},{"floor":3,"key":"Fire Potion"},{"floor":7,"key":"LiquidBronze"},{"floor":13,"key":"SpeedPotion"},{"floor":16,"key":"Poison Potion"},{"floor":18,"key":"SkillPotion"},{"floor":25,"key":"BloodPotion"},{"floor":30,"key":"EssenceOfSteel"}],"is_trial":false,"path_per_floor":["M","M","M","?","M","R","E","?","T","$","M","R","M","E","R","B",null,"M","M","?","?","M","R","M","E","T","R","E","R","M","M","R","B"],"character_chosen":"IRONCLAD","items_purchased":["Peace Pipe"],"campfire_rested":2,"item_purchase_floors":[10],"current_hp_per_floor":[71,77,79,79,76,76,67,67,67,67,67,67,68,66,66,55,79,85,85,85,85,87,87,76,49,49,49,38,67,23,18,47,0],"gold":477,"neow_bonus":"ONE_RANDOM_RARE_CARD","is_prod":false,"is_daily":false,"chose_seed":false,"campfire_upgraded":5,"win_rate":0,"timestamp":1560720568,"path_taken":["M","M","M","?","?","R","E","?","T","$","M","R","M","E","R","BOSS","M","M","?","?","M","R","?","E","T","R","E","R","?","M","R","BOSS"],"build_version":"2019-01-23","purchased_purges":0,"victory":false,"max_hp_per_floor":[80,80,80,80,80,80,87,87,87,87,87,87,87,87,87,87,87,87,87,87,87,87,87,87,97,97,97,97,97,97,97,97,97],"card_choices":[{"not_picked":["Twin Strike","Flex"],"picked":"Battle Trance","floor":1},{"not_picked":["Warcry","Thunderclap"],"picked":"Iron Wave","floor":2},{"not_picked":["Sever Soul","Flex"],"picked":"Shrug It Off","floor":3},{"not_picked":["Sever Soul","Pommel Strike"],"picked":"Inflame","floor":5},{"not_picked":["Anger","Pommel Strike"],"picked":"Demon Form","floor":7},{"not_picked":["Shrug It Off","Dual Wield"],"picked":"Fire Breathing","floor":11},{"not_picked":["Clash","Pommel Strike"],"picked":"Corruption","floor":13},{"not_picked":["Sever Soul","Anger"],"picked":"Flame Barrier","floor":14},{"not_picked":["Feed","Impervious"],"picked":"Offering","floor":16},{"not_picked":["Iron Wave","Perfected Strike"],"picked":"True Grit","floor":18},{"not_picked":["Clothesline","Intimidate"],"picked":"True Grit+1","floor":19},{"not_picked":["Blood for Blood","Carnage"],"picked":"Rage","floor":22},{"not_picked":["Wild Strike","Sword Boomerang","Perfected Strike"],"picked":"SKIP","floor":24},{"not_picked":["Flex","Iron Wave"],"picked":"Rampage","floor":25},{"not_picked":["Entrench","Evolve+1"],"picked":"Shockwave","floor":28},{"not_picked":["Hemokinesis","Blood for Blood","Pommel Strike"],"picked":"SKIP","floor":30},{"not_picked":["Blood for Blood","Sentinel+1"],"picked":"Heavy Blade","floor":31}],"player_experience":200305,"relics_obtained":[{"floor":7,"key":"Strawberry"},{"floor":9,"key":"Oddly Smooth Stone"},{"floor":14,"key":"Mummified Hand"},{"floor":25,"key":"Pear"},{"floor":26,"key":"Omamori"},{"floor":28,"key":"War Paint"}],"event_choices":[{"damage_healed":0,"gold_gain":100,"player_choice":"Pray","damage_taken":0,"max_hp_gain":0,"max_hp_loss":0,"event_name":"Golden Shrine","floor":4,"gold_loss":0},{"damage_healed":0,"gold_gain":0,"player_choice":"Ignored","damage_taken":0,"max_hp_gain":0,"max_hp_loss":0,"event_name":"Liars Game","floor":8,"gold_loss":0},{"damage_healed":0,"gold_gain":0,"player_choice":"Ignored","damage_taken":0,"max_hp_gain":0,"max_hp_loss":0,"event_name":"Beggar","floor":20,"gold_loss":0},{"damage_healed":0,"gold_gain":100,"player_choice":"Pray","damage_taken":0,"max_hp_gain":0,"max_hp_loss":0,"event_name":"Golden Shrine","floor":21,"gold_loss":0}],"is_beta":false,"boss_relics":[{"not_picked":["Velvet Choker","White Beast Statue"],"picked":"Philosopher\u0027s Stone"}],"items_purged_floors":[],"is_endless":false,"potions_floor_spawned":[2,3,7,13,16,18,25,30],"killed_by":"Collector","ascension_level":8}