{"gold_per_floor":[117,137,137,312,16,50,50,50,50,66,341,341,358,369,369,369],"floor_reached":16,"playtime":616,"items_purged":[],"score":120,"play_id":"04e2562a-9cf0-48df-8105-17dd490c2120","local_time":"20190503184029","is_ascension_mode":true,"campfire_choices":[{"floor":7,"key":"REST"},{"data":"Crippling Poison","floor":12,"key":"SMITH"},{"floor":15,"key":"REST"}],"neow_cost":"NONE","seed_source_timestamp":782078700376000,"circlet_count":0,"master_deck":["Defend_G","Defend_G","Defend_G","Defend_G","Defend_G","Strike_G","Strike_G","Strike_G","Strike_G","Strike_G","Survivor","Neutralize+1","Calculated Gamble","Deadly Poison","Doubt","Eviscerate","Crippling Poison+1","Regret","Sucker Punch","Phantasmal Killer"],"relics":["Ring of the Snake","Oddly Smooth Stone","The Specimen","Anchor","Matryoshka"],"potions_floor_usage":[6],"damage_taken":[{"damage":6,"enemies":"Small Slimes","floor":1,"turns":4},{"damage":0,"enemies":"2 Louse","floor":2,"turns":3},{"damage":48,"enemies":"Gremlin Nob","floor":6,"turns":5},{"damage":1,"enemies":"Cultist","floor":10,"turns":4},{"damage":3,"enemies":"Blue Slaver","floor":13,"turns":5},{"damage":3,"enemies":"Exordium Thugs","floor":14,"turns":5},{"damage":50,"enemies":"The Guardian","floor":16,"turns":10}],"seed_played":"-8247142294850585737","potions_obtained":[{"floor":2,"key":"SteroidPotion"}],"is_trial":false,"path_per_floor":["M","M","?","?","$","E","R","$","T","M","?","R","M","M","R","B"],"character_chosen":"THE_SILENT","items_purchased":["The Specimen"],"campfire_rested":2,"item_purchase_floors":[5],"current_hp_per_floor":[64,64,61,61,61,13,34,34,34,33,33,33,30,27,48,0],"gold":369,"neow_bonus":"UPGRADE_CARD","is_prod":false,"is_daily":false,"chose_seed":false,"campfire_upgraded":1,"win_rate":0,"timestamp":1556934029,"path_taken":["M","M","?","?","$","E","R","$","T","M","?","R","M","?","R","BOSS"],"build_version":"2019-01-23","purchased_purges":0,"victory":false,"max_hp_per_floor":[70,70,70,70,70,70,70,70,70,70,70,70,70,70,70,70],"card_choices":[{"not_picked":["Deflect","Outmaneuver"],"picked":"Calculated Gamble","floor":1},{"not_picked":["Prepared","Backflip"],"picked":"Deadly Poison","floor":2},{"not_picked":["Deadly Poison","Blade Dance"],"picked":"Eviscerate","floor":6},{"not_picked":["Accuracy","Bane"],"picked":"Crippling Poison","floor":10},{"not_picked":["Quick Slash","Infinite Blades"],"picked":"Sucker Punch","floor":13},{"not_picked":["Accuracy","Blade Dance"],"picked":"Phantasmal Killer","floor":14}],"player_experience":288246,"relics_obtained":[{"floor":6,"key":"Anchor"},{"floor":9,"key":"Matryoshka"}],"event_choices":[{"damage_healed":0,"gold_gain":0,"player_choice":"Success","damage_taken":3,"relics_obtained":["Oddly Smooth Stone"],"max_hp_gain":0,"max_hp_loss":0,"event_name":"Scrap Ooze","floor":3,"gold_loss":0},{"damage_healed":0,"gold_gain":175,"player_choice":"AGREE","damage_taken":0,"max_hp_gain":0,"max_hp_loss":0,"event_name":"Liars Game","floor":4,"gold_loss":0,"cards_obtained":["Doubt"]},{"damage_healed":0,"gold_gain":275,"player_choice":"Desecrate","damage_taken":0,"max_hp_gain":0,"max_hp_loss":0,"event_name":"Golden Shrine","floor":11,"gold_loss":0,"cards_obtained":["Regret"]}],"is_beta":false,"boss_relics":[],"items_purged_floors":[],"is_endless":false,"potions_floor_spawned":[2],"killed_by":"The Guardian","ascension_level":4}