{"gold_per_floor":[119,36,36,51,67,67,84,102,176,176,231,231,263,273,273,273],"floor_reached":16,"playtime":803,"items_purged":[],"score":204,"play_id":"b143ea32-6f0a-498d-99c9-7b420782acec","local_time":"20190617180636","is_ascension_mode":true,"campfire_choices":[{"data":"Searing Blow","floor":6.0,"key":"SMITH"},{"data":"True Grit","floor":12.0,"key":"SMITH"},{"data":"Searing Blow+1","floor":15.0,"key":"SMITH"}],"neow_cost":"NONE","seed_source_timestamp":266655029466252,"circlet_count":0,"master_deck":["AscendersBane","Strike_R","Strike_R","Strike_R","Strike_R","Defend_R","Defend_R","Defend_R","Defend_R","Bash","Burning Pact","Wild Strike","Searing Blow+2","Pain","Battle Trance","True Grit+1","Shrug It Off"],"special_seed":0,"relics":["Burning Blood","WarpedTongs","Gremlin Horn","Bag of Preparation","Pocketwatch"],"potions_floor_usage":[],"damage_taken":[{"damage":3.0,"enemies":"2 Louse","floor":1.0,"turns":4.0},{"damage":2.0,"enemies":"Cultist","floor":4.0,"turns":3.0},{"damage":15.0,"enemies":"Jaw Worm","floor":5.0,"turns":4.0},{"damage":3.0,"enemies":"Blue Slaver","floor":7.0,"turns":2.0},{"damage":2.0,"enemies":"3 Louse","floor":8.0,"turns":5.0},{"damage":34.0,"enemies":"Gremlin Nob","floor":13.0,"turns":4.0},{"damage":20.0,"enemies":"Large Slime","floor":14.0,"turns":8.0},{"damage":50,"enemies":"Slime Boss","floor":16,"turns":7}],"seed_played":"-3218911619711687721","potions_obtained":[{"floor":1.0,"key":"FearPotion"},{"floor":4.0,"key":"Strength Potion"},{"floor":7.0,"key":"SkillPotion"}],"is_trial":false,"path_per_floor":["M","$","?","M","M","R","M","M","T","?","T","R","E","M","R","B"],"character_chosen":"IRONCLAD","items_purchased":["Searing Blow"],"campfire_rested":0,"item_purchase_floors":[2],"current_hp_per_floor":[71,71,71,75,66,66,69,73,73,78,78,78,50,36,36,0],"gold":273,"neow_bonus":"TRANSFORM_CARD","is_prod":false,"is_daily":false,"chose_seed":false,"campfire_upgraded":3,"win_rate":0,"timestamp":1560787596,"path_taken":["M","$","?","?","M","R","?","M","T","?","?","R","E","M","R","BOSS"],"build_version":"2019-01-23","purchased_purges":0,"victory":false,"max_hp_per_floor":[75,75,75,75,75,75,75,75,75,80,80,80,80,80,80,80],"card_choices":[{"not_picked":["Warcry","Reckless Charge"],"picked":"Wild Strike","floor":1.0},{"not_picked":["Flex","Cleave","Evolve"],"picked":"SKIP","floor":4.0},{"not_picked":["Disarm","Clash","Warcry"],"picked":"SKIP","floor":5.0},{"not_picked":["Clothesline","Wild Strike"],"picked":"Battle Trance","floor":7.0},{"not_picked":["Pommel Strike","Burning Pact"],"picked":"True Grit","floor":8.0},{"not_picked":["Impervious","Corruption"],"picked":"Shrug It Off","floor":13.0},{"not_picked":["Wild Strike","Thunderclap","Twin Strike"],"picked":"SKIP","floor":14.0}],"player_experience":587024,"relics_obtained":[{"floor":9.0,"key":"Gremlin Horn"},{"floor":11.0,"key":"Bag of Preparation"},{"floor":13.0,"key":"Pocketwatch"}],"event_choices":[{"damage_healed":0.0,"max_hp_gain":0.0,"max_hp_loss":0.0,"gold_gain":0.0,"event_name":"Accursed Blacksmith","player_choice":"Rummage","floor":3.0,"gold_loss":0.0,"damage_taken":0.0,"relics_obtained":["WarpedTongs"],"cards_obtained":["Pain"]},{"damage_healed":0.0,"max_hp_gain":5.0,"max_hp_loss":0.0,"gold_gain":0.0,"event_name":"Big Fish","player_choice":"Donut","floor":10.0,"gold_loss":0.0,"damage_taken":0.0}],"is_beta":false,"boss_relics":[],"items_purged_floors":[],"is_endless":false,"potions_floor_spawned":[1,4,7],"killed_by":"Slime Boss","ascension_level":20}