{"gold_per_floor":[115,115,190,190,201,201,258,258,285,305,318,318,353,363,363,440,440,453,378,35,48,48,73,73,34,79,79,110,110,129,139,139,139],"floor_reached":33,"playtime":1382,"items_purged":["Strike_G"],"score":588,"play_id":"49fa7852-9700-4395-8e88-77d01518b9f4","local_time":"20190528152155","is_ascension_mode":true,"campfire_choices":[{"data":"Neutralize","floor":6.0,"key":"SMITH"},{"data":"Dash","floor":8.0,"key":"SMITH"},{"data":"Dagger Throw","floor":12.0,"key":"SMITH"},{"data":"Dagger Spray","floor":15,"key":"SMITH"},{"data":"Leg Sweep","floor":24,"key":"SMITH"},{"floor":32,"key":"REST"}],"neow_cost":"TEN_PERCENT_HP_LOSS","seed_source_timestamp":940406315272912,"circlet_count":0,"master_deck":["AscendersBane","Defend_G+1","Defend_G+1","Defend_G+1","Defend_G+1","Defend_G+1","Strike_G+1","Strike_G+1","Strike_G+1","Survivor","Neutralize","Backstab","Neutralize+1","Dash+1","Tools of the Trade","Dagger Throw+1","Dagger Spray+1","Unload","Leg Sweep+1","Glass Knife","Infinite Blades+1","PiercingWail","Panache","Underhanded Strike","Heel Hook","Dash"],"special_seed":0,"relics":["Ring of the Snake","Nunchaku","Tiny Chest","Ancient Tea Set","Bag of Preparation","Runic Dome","Mango","Boot","Happy Flower","Ninja Scroll"],"potions_floor_usage":[13,21,23,28,30],"damage_taken":[{"damage":4.0,"enemies":"Small Slimes","floor":1.0,"turns":4.0},{"damage":0.0,"enemies":"2 Louse","floor":5.0,"turns":2.0},{"damage":9.0,"enemies":"Gremlin Nob","floor":7.0,"turns":4.0},{"damage":0.0,"enemies":"Cultist","floor":10.0,"turns":3.0},{"damage":3.0,"enemies":"Lots of Slimes","floor":11.0,"turns":4.0},{"damage":2,"enemies":"3 Sentries","floor":13,"turns":6},{"damage":0,"enemies":"2 Fungi Beasts","floor":14,"turns":2},{"damage":6,"enemies":"Hexaghost","floor":16,"turns":12},{"damage":19,"enemies":"Shell Parasite","floor":18,"turns":5},{"damage":1,"enemies":"2 Thieves","floor":21,"turns":3},{"damage":25,"enemies":"Slavers","floor":23,"turns":4},{"damage":0,"enemies":"Gremlin Leader","floor":28,"turns":4},{"damage":5,"enemies":"Centurion and Healer","floor":30,"turns":3},{"damage":4,"enemies":"Snecko","floor":31,"turns":4},{"damage":44,"enemies":"Collector","floor":33,"turns":9}],"seed_played":"-454006791288682726","potions_obtained":[{"floor":1.0,"key":"FearPotion"},{"floor":10.0,"key":"Dexterity Potion"},{"floor":11.0,"key":"AttackPotion"},{"floor":18,"key":"AttackPotion"},{"floor":23,"key":"SkillPotion"},{"floor":28,"key":"GamblersBrew"}],"is_trial":false,"path_per_floor":["M","?","?","?","M","R","E","R","T","M","M","R","E","M","R","B",null,"M","?","$","M","?","E","R","$","T","?","E","T","M","M","R","B"],"character_chosen":"THE_SILENT","items_purchased":["PiercingWail","Panache","Dash"],"campfire_rested":1,"item_purchase_floors":[20,20,25],"current_hp_per_floor":[55,60,49,49,49,49,40,40,40,40,37,37,35,35,35,29,56,37,37,37,36,36,25,25,25,25,25,25,25,20,16,39,0],"gold":139,"neow_bonus":"ONE_RARE_RELIC","is_prod":false,"is_daily":false,"chose_seed":false,"campfire_upgraded":5,"win_rate":0,"timestamp":1559049715,"path_taken":["M","?","?","?","?","R","E","R","T","M","M","R","E","?","R","BOSS","M","?","$","M","?","E","R","$","T","?","E","?","M","M","R","BOSS"],"build_version":"2019-01-23","purchased_purges":1,"victory":false,"max_hp_per_floor":[60,65,65,65,65,65,65,65,65,65,65,65,65,65,65,65,65,65,65,65,65,65,79,79,79,79,79,79,79,79,79,79,79],"card_choices":[{"not_picked":["Concentrate","Prepared"],"picked":"Backstab","floor":1.0},{"not_picked":["Reflex","Slice"],"picked":"Dash","floor":5.0},{"not_picked":["Reflex","Dagger Throw"],"picked":"Tools of the Trade","floor":7.0},{"not_picked":["Sucker Punch","Quick Slash"],"picked":"Dagger Throw","floor":10.0},{"not_picked":["Outmaneuver","Sucker Punch"],"picked":"Dagger Spray","floor":11.0},{"not_picked":["Prepared","Backstab"],"picked":"Unload","floor":13},{"not_picked":["Bane","Slice"],"picked":"Leg Sweep","floor":14},{"not_picked":["Envenom","Night Terror"],"picked":"Glass Knife","floor":16},{"not_picked":["Blade Dance","Catalyst"],"picked":"Infinite Blades+1","floor":18},{"not_picked":["Poisoned Stab","Flechettes"],"picked":"Underhanded Strike","floor":21},{"not_picked":["Calculated Gamble+1","Leg Sweep"],"picked":"Heel Hook","floor":23},{"not_picked":["All Out Attack","Backflip","Slice"],"picked":"SKIP","floor":28},{"not_picked":["Flying Knee","Noxious Fumes","Poisoned Stab+1"],"picked":"SKIP","floor":30},{"not_picked":["Eviscerate+1","Bane","Dodge and Roll"],"picked":"SKIP","floor":31}],"player_experience":449427,"relics_obtained":[{"floor":7.0,"key":"Tiny Chest"},{"floor":9.0,"key":"Ancient Tea Set"},{"floor":13,"key":"Bag of Preparation"},{"floor":23,"key":"Mango"},{"floor":26,"key":"Boot"},{"floor":28,"key":"Happy Flower"},{"floor":29,"key":"Ninja Scroll"}],"event_choices":[{"damage_healed":0.0,"max_hp_gain":5.0,"max_hp_loss":0.0,"gold_gain":0.0,"event_name":"Big Fish","player_choice":"Donut","floor":2.0,"gold_loss":0.0,"damage_taken":0.0},{"damage_healed":0.0,"max_hp_gain":0.0,"max_hp_loss":0.0,"gold_gain":75.0,"event_name":"World of Goop","player_choice":"Gather Gold","floor":3.0,"gold_loss":0.0,"damage_taken":11.0},{"damage_healed":0.0,"max_hp_gain":0.0,"max_hp_loss":0.0,"gold_gain":0.0,"event_name":"Match and Keep!","player_choice":"1 cards matched","floor":4.0,"gold_loss":0.0,"damage_taken":0.0,"cards_obtained":["Neutralize"]},{"cards_removed":["Strike_G"],"damage_healed":0,"gold_gain":0,"player_choice":"Gave Gold","damage_taken":0,"max_hp_gain":0,"max_hp_loss":0,"event_name":"Beggar","floor":19,"gold_loss":75},{"damage_healed":0,"gold_gain":0,"player_choice":"Simplicity","damage_taken":0,"max_hp_gain":0,"max_hp_loss":0,"event_name":"Back to Basics","floor":27,"gold_loss":0,"cards_upgraded":["Defend_G","Defend_G","Defend_G","Defend_G","Defend_G","Strike_G","Strike_G","Strike_G"]}],"is_beta":false,"boss_relics":[{"not_picked":["HoveringKite","Empty Cage"],"picked":"Runic Dome"}],"items_purged_floors":[20],"is_endless":false,"potions_floor_spawned":[1,10,11,18,23,28],"killed_by":"Collector","ascension_level":17}