{"gold_per_floor":[110,110,120,120,70,105,122,153,207,482,495,495,23,23],"floor_reached":14,"playtime":315,"items_purged":[],"score":166,"play_id":"e65936dc-45c6-4eeb-8b71-e4d0beef1495","local_time":"20190322234057","is_ascension_mode":true,"campfire_choices":[],"neow_cost":"NONE","seed_source_timestamp":167133284288913,"circlet_count":0,"master_deck":["Strike_B","Strike_B","Strike_B","Defend_B","Defend_B","Defend_B","Zap","Dualcast","Conserve Battery","BootSequence","Reinforced Body","Regret","Gash","Self Repair"],"special_seed":0,"relics":["Cracked Core","NeowsBlessing","The Courier","Dream Catcher","Calipers","Centennial Puzzle","Dodecahedron","Oddly Smooth Stone","Peace Pipe"],"potions_floor_usage":[14],"damage_taken":[{"damage":0.0,"enemies":"Cultist","floor":1.0,"turns":1.0},{"damage":0.0,"enemies":"Small Slimes","floor":3.0,"turns":1.0},{"damage":0.0,"enemies":"Lagavulin","floor":6.0,"turns":1.0},{"damage":1.0,"enemies":"2 Louse","floor":7.0,"turns":3.0},{"damage":31.0,"enemies":"3 Sentries","floor":8.0,"turns":9.0},{"damage":18.0,"enemies":"Large Slime","floor":11.0,"turns":5.0},{"damage":8,"enemies":"Lots of Slimes","floor":14,"turns":2}],"seed_played":"-8676661373263562006","potions_obtained":[{"floor":3.0,"key":"GamblersBrew"},{"floor":7.0,"key":"Regen Potion"},{"floor":11.0,"key":"Dexterity Potion"}],"is_trial":false,"path_per_floor":["M","?","M","?","?","E","M","E","T","?","M","T","$","M"],"character_chosen":"DEFECT","items_purchased":["Gash","Oddly Smooth Stone","Self Repair","Peace Pipe"],"campfire_rested":0,"item_purchase_floors":[13,13,13,13],"current_hp_per_floor":[68,61,61,43,43,43,42,26,26,26,8,8,8,0],"gold":23,"neow_bonus":"THREE_ENEMY_KILL","is_prod":false,"is_daily":false,"chose_seed":false,"campfire_upgraded":0,"win_rate":0,"timestamp":1553294457,"path_taken":["M","?","M","?","?","E","M","E","T","?","?","?","$","M"],"build_version":"2019-01-23","purchased_purges":0,"victory":false,"max_hp_per_floor":[75,75,75,75,75,75,75,75,75,75,75,75,75,75],"card_choices":[{"not_picked":["Hologram","Cold Snap"],"picked":"Conserve Battery","floor":1.0},{"not_picked":["Stack","Blizzard"],"picked":"BootSequence","floor":3.0},{"not_picked":["Stack","Fusion","Redo"],"picked":"SKIP","floor":6.0},{"not_picked":["Turbo","Amplify"],"picked":"Reinforced Body","floor":7.0},{"not_picked":["Reprogram","Hologram","Steam Power"],"picked":"SKIP","floor":8.0},{"not_picked":["Coolheaded","Double Energy","Sweeping Beam"],"picked":"SKIP","floor":11.0}],"player_experience":137572,"relics_obtained":[{"floor":6.0,"key":"Dream Catcher"},{"floor":8.0,"key":"Calipers"},{"floor":9.0,"key":"Centennial Puzzle"},{"floor":12.0,"key":"Dodecahedron"}],"event_choices":[{"cards_removed":["Strike_B"],"damage_healed":0.0,"max_hp_gain":0.0,"max_hp_loss":0.0,"gold_gain":0.0,"event_name":"Golden Wing","player_choice":"Card Removal","floor":2.0,"gold_loss":0.0,"damage_taken":7.0},{"damage_healed":0.0,"max_hp_gain":0.0,"max_hp_loss":0.0,"gold_gain":0.0,"event_name":"Scrap Ooze","player_choice":"Success","floor":4.0,"gold_loss":0.0,"damage_taken":18.0,"relics_obtained":["The Courier"]},{"cards_removed":["Defend_B"],"damage_healed":0.0,"max_hp_gain":0.0,"max_hp_loss":0.0,"gold_gain":0.0,"event_name":"The Cleric","player_choice":"Card Removal","floor":5.0,"gold_loss":50.0,"damage_taken":0.0},{"damage_healed":0.0,"max_hp_gain":0.0,"max_hp_loss":0.0,"gold_gain":275.0,"event_name":"Golden Shrine","player_choice":"Desecrate","floor":10.0,"gold_loss":0.0,"damage_taken":0.0,"cards_obtained":["Regret"]}],"is_beta":false,"boss_relics":[],"items_purged_floors":[],"is_endless":false,"potions_floor_spawned":[3,7,11],"killed_by":"Lots of Slimes","ascension_level":7}