{"gold_per_floor":[115,129,139,159,30,60,60,60,87,97,116,143,56,74,74,179,179,198,211,228,28,44,44,44,74,156,188,88,88,104,119,119,215,215,235,245,43,56,68,68,68],"floor_reached":41,"playtime":2470,"items_purged":["Strike_R","Normality"],"score":580,"play_id":"6cafb911-415e-4a5c-90ea-3c373606baad","local_time":"20190419190153","is_ascension_mode":true,"campfire_choices":[{"data":"Whirlwind","floor":7,"key":"SMITH"},{"data":"Body Slam","floor":15,"key":"SMITH"},{"floor":23,"key":"REST"},{"floor":32,"key":"REST"},{"floor":40,"key":"REST"}],"neow_cost":"NONE","seed_source_timestamp":460858834940200,"circlet_count":0,"master_deck":["Strike_R","Strike_R","Strike_R","Strike_R","Defend_R","Defend_R","Defend_R","Defend_R","Bash","Twin Strike","Whirlwind+1","Metallicize","Armaments","Inflame+1","Wild Strike","Iron Wave","Pommel Strike","Shrug It Off","Body Slam+1","Trip","Dropkick","Offering","Rage","Dual Wield","Thunderclap","Shrug It Off","Havoc","Shockwave","Reaper","Havoc+1","Seeing Red+1","Whirlwind+1","Warcry+1","True Grit+1"],"relics":["Burning Blood","Ancient Tea Set","PreservedInsect","Happy Flower","Cursed Key","Chemical X","Red Mask","Kunai","Gambling Chip","Black Star","DollysMirror"],"potions_floor_usage":[10,16,20,25,27,30,30,41],"damage_taken":[{"damage":6,"enemies":"Cultist","floor":1,"turns":3},{"damage":0,"enemies":"Small Slimes","floor":2,"turns":3},{"damage":0,"enemies":"2 Louse","floor":3,"turns":2},{"damage":0,"enemies":"Large Slime","floor":4,"turns":4},{"damage":24,"enemies":"Lagavulin","floor":6,"turns":7},{"damage":0,"enemies":"Lots of Slimes","floor":10,"turns":3},{"damage":11,"enemies":"Looter","floor":11,"turns":3},{"damage":6,"enemies":"Gremlin Nob","floor":12,"turns":3},{"damage":7,"enemies":"3 Louse","floor":14,"turns":3},{"damage":0,"enemies":"Slime Boss","floor":16,"turns":6},{"damage":7,"enemies":"Shell Parasite","floor":18,"turns":2},{"damage":23,"enemies":"2 Thieves","floor":19,"turns":2},{"damage":9,"enemies":"Centurion and Healer","floor":20,"turns":4},{"damage":15,"enemies":"Chosen and Byrds","floor":22,"turns":4},{"damage":6,"enemies":"Masked Bandits","floor":25,"turns":2},{"damage":6,"enemies":"Gremlin Leader","floor":27,"turns":1},{"damage":9,"enemies":"Snake Plant","floor":30,"turns":3},{"damage":9,"enemies":"Shelled Parasite and Fungi","floor":31,"turns":4},{"damage":20,"enemies":"Collector","floor":33,"turns":7},{"damage":5,"enemies":"3 Shapes","floor":35,"turns":2},{"damage":2,"enemies":"Orb Walker","floor":36,"turns":3},{"damage":42,"enemies":"Transient","floor":38,"turns":5},{"damage":28,"enemies":"Writhing Mass","floor":39,"turns":5},{"damage":78,"enemies":"4 Shapes","floor":41,"turns":7}],"seed_played":"-1932704463376830529","potions_obtained":[{"floor":2,"key":"Swift Potion"},{"floor":3,"key":"LiquidBronze"},{"floor":6,"key":"Explosive Potion"},{"floor":12,"key":"Fire Potion"},{"floor":20,"key":"FearPotion"},{"floor":22,"key":"Strength Potion"},{"floor":27,"key":"GamblersBrew"},{"floor":29,"key":"Block Potion"},{"floor":29,"key":"Swift Potion"},{"floor":29,"key":"Dexterity Potion"},{"floor":30,"key":"Fire Potion"},{"floor":31,"key":"FearPotion"}],"is_trial":false,"path_per_floor":["M","M","M","M","$","E","R","?","T","M","M","E","$","M","R","B",null,"M","M","M","$","M","R","?","?","T","E","$","?","M","M","R","B",null,"M","M","$","M","M","R","M"],"character_chosen":"IRONCLAD","items_purchased":["Wild Strike","Trip","Chemical X","DollysMirror"],"campfire_rested":3,"item_purchase_floors":[5,13,21,37],"current_hp_per_floor":[80,80,80,80,80,62,62,62,62,68,63,63,63,62,62,68,80,79,62,59,59,50,74,58,58,58,58,58,58,55,52,76,62,80,80,80,80,54,35,59,0],"gold":68,"neow_bonus":"THREE_CARDS","is_prod":false,"is_daily":false,"chose_seed":false,"campfire_upgraded":2,"win_rate":0,"timestamp":1555725713,"path_taken":["M","M","?","M","$","E","R","?","T","M","M","E","$","M","R","BOSS","M","M","M","$","M","R","?","?","T","E","$","?","M","M","R","BOSS","M","M","$","M","M","R","?"],"build_version":"2019-01-23","purchased_purges":2,"victory":false,"max_hp_per_floor":[80,80,80,80,80,80,80,80,80,80,80,80,80,80,80,80,80,80,80,80,80,80,80,80,80,80,80,80,80,80,80,80,80,80,80,80,80,80,80,80,80],"card_choices":[{"not_picked":["Seeing Red","Flex"],"picked":"Twin Strike","floor":0},{"not_picked":["Cleave","Shrug It Off"],"picked":"Whirlwind","floor":1},{"not_picked":["Flex","Pommel Strike"],"picked":"Metallicize","floor":2},{"not_picked":["Twin Strike","Feel No Pain"],"picked":"Armaments","floor":3},{"not_picked":["Iron Wave","Offering"],"picked":"Inflame","floor":4},{"not_picked":["Offering","Double Tap"],"picked":"Iron Wave","floor":6},{"not_picked":["Havoc","Thunderclap"],"picked":"Pommel Strike","floor":10},{"not_picked":["Pommel Strike","Pummel"],"picked":"Shrug It Off","floor":11},{"not_picked":["Clash","Entrench"],"picked":"Body Slam","floor":12},{"not_picked":["Wild Strike","Inflame"],"picked":"Dropkick","floor":14},{"not_picked":["Fiend Fire","Brutality"],"picked":"Offering","floor":16},{"not_picked":["Clothesline","Burning Pact+1"],"picked":"Rage","floor":18},{"not_picked":["Flame Barrier","Sword Boomerang"],"picked":"Dual Wield","floor":19},{"not_picked":["Twin Strike+1","Sword Boomerang"],"picked":"Thunderclap","floor":20},{"not_picked":["Entrench","Warcry+1"],"picked":"Shrug It Off","floor":22},{"not_picked":["Body Slam","Barricade"],"picked":"Havoc","floor":27},{"not_picked":["Twin Strike","Anger+1"],"picked":"Shockwave","floor":30},{"not_picked":["Body Slam","Perfected Strike","Feel No Pain"],"picked":"SKIP","floor":31},{"not_picked":["Fiend Fire","Barricade"],"picked":"Reaper","floor":33},{"not_picked":["Clothesline","Blood for Blood"],"picked":"Havoc+1","floor":35},{"not_picked":["Body Slam+1","Havoc"],"picked":"Seeing Red+1","floor":36},{"not_picked":["Bloodletting","Heavy Blade"],"picked":"Warcry+1","floor":38},{"not_picked":["Warcry","Flex+1"],"picked":"True Grit+1","floor":39}],"player_experience":227417,"relics_obtained":[{"floor":6,"key":"Ancient Tea Set"},{"floor":9,"key":"PreservedInsect"},{"floor":12,"key":"Happy Flower"},{"floor":25,"key":"Red Mask"},{"floor":26,"key":"Kunai"},{"floor":27,"key":"Gambling Chip"}],"event_choices":[{"damage_healed":0,"gold_gain":0,"player_choice":"Upgraded","damage_taken":0,"max_hp_gain":0,"max_hp_loss":0,"event_name":"Upgrade Shrine","floor":8,"gold_loss":0,"cards_upgraded":["Inflame"]},{"damage_healed":0,"gold_gain":0,"player_choice":"Obtained Book","damage_taken":16,"max_hp_gain":0,"max_hp_loss":0,"event_name":"Cursed Tome","floor":24,"gold_loss":0},{"damage_healed":0,"gold_gain":0,"player_choice":"Fought Bandits","damage_taken":0,"max_hp_gain":0,"max_hp_loss":0,"event_name":"Masked Bandits","floor":25,"gold_loss":0},{"damage_healed":0,"gold_gain":0,"player_choice":"Got Potions","damage_taken":0,"max_hp_gain":0,"max_hp_loss":0,"event_name":"Lab","floor":29,"gold_loss":0}],"is_beta":false,"boss_relics":[{"not_picked":["Sozu","Empty Cage"],"picked":"Cursed Key"},{"not_picked":["Calling Bell","Runic Pyramid"],"picked":"Black Star"}],"items_purged_floors":[5,28],"is_endless":false,"potions_floor_spawned":[2,3,6,12,20,22,27,30,31,35],"killed_by":"4 Shapes","ascension_level":3}