{"gold_per_floor":[118,133,61,72,82,108,128,159,185,204,154,179,254,269,269,365,365,379,379,16,16,16,16,80,80,103,114,114],"floor_reached":28,"playtime":1585,"items_purged":["Strike_R"],"score":372,"play_id":"3097f27f-9756-4f26-94c2-ae90c615e0fa","local_time":"20190617163926","is_ascension_mode":true,"campfire_choices":[{"data":"Inflame","floor":15.0,"key":"SMITH"},{"data":"Limit Break","floor":23,"key":"SMITH"},{"floor":25,"key":"REST"}],"neow_cost":"NONE","seed_source_timestamp":501026954203856,"circlet_count":0,"master_deck":["Strike_R+1","Strike_R+1","Strike_R","Defend_R","Defend_R","Defend_R","Defend_R","Bash","Iron Wave","Anger","Shrug It Off","Inflame+1","Combust","Rage","Spot Weakness","Feed","Clothesline","Ghostly Armor","Bloodletting","Limit Break+1","Burning Pact","Corruption+1","Hemokinesis","Disarm","Evolve+1","Uppercut","Barricade+1"],"special_seed":0,"relics":["Burning Blood","Whetstone","Frozen Egg 2","Dream Catcher","Odd Mushroom","Sozu","Membership Card","Bronze Scales","Nilry\u0027s Codex","Tiny Chest","Bag of Preparation"],"potions_floor_usage":[28],"damage_taken":[{"damage":4.0,"enemies":"2 Louse","floor":1.0,"turns":3.0},{"damage":4.0,"enemies":"Jaw Worm","floor":2.0,"turns":4.0},{"damage":0.0,"enemies":"Cultist","floor":4.0,"turns":3.0},{"damage":11.0,"enemies":"3 Louse","floor":5.0,"turns":3.0},{"damage":24.0,"enemies":"Gremlin Nob","floor":6.0,"turns":4.0},{"damage":2.0,"enemies":"2 Fungi Beasts","floor":7.0,"turns":3.0},{"damage":14.0,"enemies":"3 Sentries","floor":8.0,"turns":5.0},{"damage":16.0,"enemies":"Large Slime","floor":10.0,"turns":5.0},{"damage":18.0,"enemies":"The Mushroom Lair","floor":12.0,"turns":4.0},{"damage":15.0,"enemies":"Blue Slaver","floor":14.0,"turns":3.0},{"damage":22.0,"enemies":"Hexaghost","floor":16.0,"turns":10.0},{"damage":14.0,"enemies":"3 Byrds","floor":18.0,"turns":5.0},{"damage":37,"enemies":"Book of Stabbing","floor":24,"turns":4},{"damage":25,"enemies":"2 Thieves","floor":27,"turns":3},{"damage":37,"enemies":"Slavers","floor":28,"turns":2}],"seed_played":"5407436970905922689","potions_obtained":[{"floor":1.0,"key":"Energy Potion"},{"floor":5.0,"key":"AttackPotion"},{"floor":8.0,"key":"Regen Potion"},{"floor":10.0,"key":"Block Potion"},{"floor":14.0,"key":"Strength Potion"}],"is_trial":false,"path_per_floor":["M","M","$","M","M","E","M","E","T","M","?","?","?","M","R","B",null,"M","?","$","?","?","R","E","R","T","M","E"],"character_chosen":"IRONCLAD","items_purchased":["Shrug It Off","Fire Potion","Membership Card","Corruption+1","Bronze Scales","Hemokinesis"],"campfire_rested":1,"item_purchase_floors":[3,3,20,20,20,20],"current_hp_per_floor":[82,84,84,88,83,65,69,61,61,68,68,59,48,39,39,23,76,71,71,71,71,55,55,24,53,53,37,0],"gold":114,"neow_bonus":"TEN_PERCENT_HP_BONUS","is_prod":false,"is_daily":false,"chose_seed":false,"campfire_upgraded":2,"win_rate":0,"timestamp":1560807566,"path_taken":["M","M","$","M","M","E","M","E","T","M","?","?","?","?","R","BOSS","M","?","$","?","?","R","E","R","T","M","E"],"build_version":"2019-01-23","purchased_purges":1,"victory":false,"max_hp_per_floor":[88,88,88,88,88,88,88,88,88,91,91,94,94,94,94,94,94,97,97,97,97,97,97,97,97,97,100,100],"card_choices":[{"not_picked":["Heavy Blade","Sever Soul"],"picked":"Iron Wave","floor":1.0},{"not_picked":["Flex","Sword Boomerang"],"picked":"Anger","floor":2.0},{"not_picked":["Headbutt","Flex"],"picked":"Inflame","floor":4.0},{"not_picked":["Thunderclap","Flex"],"picked":"Combust","floor":5.0},{"not_picked":["Intimidate","Evolve"],"picked":"Rage","floor":6.0},{"not_picked":["Second Wind","Sword Boomerang"],"picked":"Spot Weakness","floor":7.0},{"not_picked":["Body Slam","Clash"],"picked":"Feed","floor":8.0},{"not_picked":["Thunderclap","Evolve+1"],"picked":"Clothesline","floor":10.0},{"not_picked":["Havoc","Dual Wield"],"picked":"Ghostly Armor","floor":12.0},{"not_picked":["Whirlwind","Spot Weakness"],"picked":"Bloodletting","floor":14.0},{"not_picked":["Feed","Barricade+1"],"picked":"Limit Break","floor":16.0},{"not_picked":["Thunderclap","Perfected Strike"],"picked":"Burning Pact","floor":18.0},{"not_picked":["Corruption+1","Burning Pact+1"],"picked":"Evolve+1","floor":24},{"not_picked":["Clash","Pommel Strike"],"picked":"Uppercut","floor":25},{"not_picked":["Carnage","Flex"],"picked":"Barricade+1","floor":27}],"player_experience":204326,"relics_obtained":[{"floor":6.0,"key":"Whetstone"},{"floor":8.0,"key":"Frozen Egg 2"},{"floor":9.0,"key":"Dream Catcher"},{"floor":12.0,"key":"Odd Mushroom"},{"floor":22,"key":"Nilry\u0027s Codex"},{"floor":24,"key":"Tiny Chest"},{"floor":26,"key":"Bag of Preparation"}],"event_choices":[{"cards_removed":["Strike_R"],"damage_healed":0.0,"max_hp_gain":0.0,"max_hp_loss":0.0,"gold_gain":0.0,"event_name":"The Cleric","player_choice":"Card Removal","floor":11.0,"gold_loss":50.0,"damage_taken":0.0},{"damage_healed":0.0,"max_hp_gain":0.0,"max_hp_loss":0.0,"gold_gain":0.0,"event_name":"Mushrooms","player_choice":"Fought Mushrooms","floor":12.0,"gold_loss":0.0,"damage_taken":0.0},{"damage_healed":0.0,"max_hp_gain":0.0,"max_hp_loss":0.0,"gold_gain":75.0,"event_name":"World of Goop","player_choice":"Gather Gold","floor":13.0,"gold_loss":0.0,"damage_taken":11.0},{"damage_healed":0.0,"max_hp_gain":0.0,"max_hp_loss":0.0,"gold_gain":0.0,"event_name":"Vampires","player_choice":"Ignored","floor":19.0,"gold_loss":0.0,"damage_taken":0.0},{"damage_healed":0.0,"max_hp_gain":0.0,"max_hp_loss":0.0,"gold_gain":0.0,"event_name":"The Library","player_choice":"Read","floor":21.0,"gold_loss":0.0,"damage_taken":0.0,"cards_obtained":["Disarm"]},{"damage_healed":0,"gold_gain":0,"player_choice":"Obtained Book","damage_taken":16,"max_hp_gain":0,"max_hp_loss":0,"event_name":"Cursed Tome","floor":22,"gold_loss":0}],"is_beta":false,"boss_relics":[{"not_picked":["Calling Bell","Tiny House"],"picked":"Sozu"}],"items_purged_floors":[20],"is_endless":false,"potions_floor_spawned":[1,5,8,10,14,27],"killed_by":"Slavers","ascension_level":8}