{"gold_per_floor":[116,126,51,51,51,51,51,83,83,96,110,110,110,124,124,199,199,212,137,187,207,207,207,207],"floor_reached":24,"playtime":732,"items_purged":[],"score":388,"play_id":"8ac034aa-91de-46d4-b7ae-43e2b37fd76d","local_time":"20190621185217","is_ascension_mode":true,"campfire_choices":[{"data":"Demon Form","floor":6,"key":"SMITH"},{"floor":15,"key":"REST"},{"floor":23,"key":"REST"}],"neow_cost":"TEN_PERCENT_HP_LOSS","seed_source_timestamp":615759937268211,"circlet_count":0,"master_deck":["AscendersBane","Strike_R","Strike_R","Defend_R","Defend_R","Defend_R","Bash","Demon Form+1","Cleave","Shrug It Off","Anger","Sword Boomerang","Double Tap","Offering"],"relics":["Burning Blood","Blood Vial","Unceasing Top","Velvet Choker"],"potions_floor_usage":[16,24],"damage_taken":[{"damage":6,"enemies":"Cultist","floor":1,"turns":4},{"damage":5,"enemies":"2 Louse","floor":2,"turns":4},{"damage":55,"enemies":"Gremlin Nob","floor":8,"turns":5},{"damage":9,"enemies":"Jaw Worm","floor":10,"turns":5},{"damage":6,"enemies":"3 Louse","floor":11,"turns":3},{"damage":6,"enemies":"Lots of Slimes","floor":14,"turns":2},{"damage":27,"enemies":"Slime Boss","floor":16,"turns":4},{"damage":43,"enemies":"Spheric Guardian","floor":18,"turns":6},{"damage":17,"enemies":"3 Byrds","floor":21,"turns":4},{"damage":35,"enemies":"Gremlin Leader","floor":24,"turns":2}],"seed_played":"4912384207331333137","potions_obtained":[{"floor":10,"key":"EssenceOfSteel"},{"floor":11,"key":"SkillPotion"}],"is_trial":false,"path_per_floor":["M","M","?","?","$","R","?","E","T","M","M","?","?","M","R","B",null,"M","?","?","M","?","R","E"],"character_chosen":"IRONCLAD","items_purchased":[],"campfire_rested":2,"item_purchase_floors":[],"current_hp_per_floor":[68,68,68,61,61,61,61,12,12,11,13,13,13,15,35,16,55,20,20,20,11,11,31,0],"gold":207,"neow_bonus":"THREE_RARE_CARDS","is_prod":false,"is_daily":false,"chose_seed":false,"campfire_upgraded":1,"win_rate":0,"timestamp":1561135937,"path_taken":["M","M","?","?","$","R","?","E","T","?","M","?","?","M","R","BOSS","M","?","?","?","?","R","E"],"build_version":"2019-01-23","purchased_purges":0,"victory":false,"max_hp_per_floor":[68,68,68,68,68,68,68,68,68,68,68,68,68,68,68,68,68,68,68,68,68,68,68,68],"card_choices":[{"not_picked":["Fiend Fire","Feed"],"picked":"Demon Form","floor":0},{"not_picked":["True Grit","Thunderclap"],"picked":"Cleave","floor":1},{"not_picked":["Havoc","Sever Soul"],"picked":"Shrug It Off","floor":2},{"not_picked":["Thunderclap","Bloodletting","Exhume"],"picked":"SKIP","floor":8},{"not_picked":["Perfected Strike","Body Slam"],"picked":"Anger","floor":10},{"not_picked":["Spot Weakness","Thunderclap"],"picked":"Sword Boomerang","floor":11},{"not_picked":["Infernal Blade","Dropkick","Blood for Blood"],"picked":"SKIP","floor":14},{"not_picked":["Fiend Fire","Exhume"],"picked":"Double Tap","floor":16},{"not_picked":["Thunderclap","Warcry","Heavy Blade"],"picked":"SKIP","floor":18},{"not_picked":["Rage","Body Slam"],"picked":"Offering","floor":21}],"player_experience":641875,"relics_obtained":[{"floor":8,"key":"Blood Vial"},{"floor":9,"key":"Unceasing Top"}],"event_choices":[{"cards_removed":["Strike_R"],"damage_healed":0,"gold_gain":0,"player_choice":"Card Removal","damage_taken":0,"max_hp_gain":0,"max_hp_loss":0,"event_name":"The Cleric","floor":3,"gold_loss":75},{"cards_removed":["Strike_R"],"damage_healed":0,"gold_gain":0,"player_choice":"Card Removal","damage_taken":7,"max_hp_gain":0,"max_hp_loss":0,"event_name":"Golden Wing","floor":4,"gold_loss":0},{"cards_removed":["Strike_R"],"damage_healed":0,"gold_gain":0,"player_choice":"Offered Basic","damage_taken":0,"max_hp_gain":0,"max_hp_loss":0,"event_name":"Bonfire Elementals","floor":7,"gold_loss":0},{"damage_healed":0,"gold_gain":0,"player_choice":"Fled","damage_taken":0,"max_hp_gain":0,"max_hp_loss":0,"event_name":"Scrap Ooze","floor":12,"gold_loss":0},{"damage_healed":0,"gold_gain":0,"player_choice":"Ignored","damage_taken":0,"max_hp_gain":0,"max_hp_loss":0,"event_name":"Liars Game","floor":13,"gold_loss":0},{"cards_removed":["Defend_R"],"damage_healed":0,"gold_gain":0,"player_choice":"Gave Gold","damage_taken":0,"max_hp_gain":0,"max_hp_loss":0,"event_name":"Beggar","floor":19,"gold_loss":75},{"damage_healed":0,"gold_gain":50,"player_choice":"Pray","damage_taken":0,"max_hp_gain":0,"max_hp_loss":0,"event_name":"Golden Shrine","floor":20,"gold_loss":0},{"damage_healed":0,"gold_gain":0,"player_choice":"Ignored","damage_taken":0,"max_hp_gain":0,"max_hp_loss":0,"event_name":"The Mausoleum","floor":22,"gold_loss":0}],"is_beta":false,"boss_relics":[{"not_picked":["Tiny House","Lizard Tail"],"picked":"Velvet Choker"}],"items_purged_floors":[],"is_endless":false,"potions_floor_spawned":[10,11],"killed_by":"Gremlin Leader","ascension_level":20}