{"gold_per_floor":[13,27,43,43,43,78,89,116,140,151,163,163,186,166,166,166],"floor_reached":16,"playtime":1208,"items_purged":[],"score":182,"play_id":"d3bba61e-19d4-4704-accf-4c72f1dec105","local_time":"20190625173347","is_ascension_mode":true,"campfire_choices":[{"data":"Skewer","floor":15,"key":"SMITH"}],"neow_cost":"NO_GOLD","seed_source_timestamp":421356015140268,"circlet_count":0,"master_deck":["AscendersBane","Defend_G","Defend_G","Defend_G","Defend_G","Defend_G","Strike_G","Strike_G","Strike_G","Strike_G","Survivor","Neutralize","Backflip","Finisher","Dash","Dagger Spray","Crippling Poison","Leg Sweep","Skewer+1","Parasite","Unload"],"relics":["Ring of the Snake","Mango","Smiling Mask","Dream Catcher","Boot","Juzu Bracelet","Blood Vial"],"potions_floor_usage":[6,8],"damage_taken":[{"damage":0,"enemies":"2 Louse","floor":1,"turns":3},{"damage":3,"enemies":"Jaw Worm","floor":2,"turns":6},{"damage":1,"enemies":"Cultist","floor":3,"turns":3},{"damage":16,"enemies":"Gremlin Nob","floor":6,"turns":5},{"damage":0,"enemies":"Blue Slaver","floor":7,"turns":4},{"damage":39,"enemies":"Lagavulin","floor":8,"turns":11},{"damage":0,"enemies":"Large Slime","floor":10,"turns":6},{"damage":0,"enemies":"Red Slaver","floor":11,"turns":4},{"damage":7,"enemies":"Exordium Thugs","floor":14,"turns":4},{"damage":35,"enemies":"Slime Boss","floor":16,"turns":7}],"seed_played":"-7332200215430640695","potions_obtained":[{"floor":2,"key":"EssenceOfSteel"},{"floor":3,"key":"Fire Potion"},{"floor":6,"key":"Weak Potion"},{"floor":10,"key":"Swift Potion"}],"is_trial":false,"path_per_floor":["M","M","M","?","?","E","M","E","T","M","M","?","T","M","R","B"],"character_chosen":"THE_SILENT","items_purchased":[],"campfire_rested":0,"item_purchase_floors":[],"current_hp_per_floor":[77,74,73,66,66,50,50,11,11,11,11,32,32,27,27,0],"gold":166,"neow_bonus":"ONE_RARE_RELIC","is_prod":false,"is_daily":false,"chose_seed":false,"campfire_upgraded":1,"win_rate":0,"timestamp":1561502027,"path_taken":["M","M","M","?","?","E","?","E","T","M","M","?","?","M","R","BOSS"],"build_version":"2019-01-23","purchased_purges":0,"victory":false,"max_hp_per_floor":[84,84,84,84,84,84,84,84,84,84,84,84,84,84,84,84],"card_choices":[{"not_picked":["Deflect","Blade Dance"],"picked":"Backflip","floor":1},{"not_picked":["Quick Slash","Calculated Gamble"],"picked":"Finisher","floor":2},{"not_picked":["Flying Knee","Crippling Poison"],"picked":"Dash","floor":3},{"not_picked":["Flying Knee","Sucker Punch"],"picked":"Dagger Spray","floor":6},{"not_picked":["Blade Dance","Accuracy"],"picked":"Crippling Poison","floor":7},{"not_picked":["Dodge and Roll","Distraction"],"picked":"Leg Sweep","floor":8},{"not_picked":["Bane","Reflex","Sucker Punch"],"picked":"SKIP","floor":10},{"not_picked":["Cloak And Dagger","Flechettes"],"picked":"Skewer","floor":11},{"not_picked":["Deflect","Quick Slash"],"picked":"Unload","floor":14}],"player_experience":287705,"relics_obtained":[{"floor":6,"key":"Dream Catcher"},{"floor":8,"key":"Boot"},{"floor":9,"key":"Juzu Bracelet"},{"floor":13,"key":"Blood Vial"}],"event_choices":[{"cards_removed":["Strike_G"],"damage_healed":0,"gold_gain":0,"player_choice":"Card Removal","damage_taken":7,"max_hp_gain":0,"max_hp_loss":0,"event_name":"Golden Wing","floor":4,"gold_loss":0},{"damage_healed":0,"gold_gain":0,"player_choice":"Gave Potion","damage_taken":0,"relics_obtained":["Smiling Mask"],"max_hp_gain":0,"max_hp_loss":0,"event_name":"WeMeetAgain","floor":5,"gold_loss":0},{"damage_healed":21,"gold_gain":0,"player_choice":"Healed and dodged fight","damage_taken":0,"max_hp_gain":0,"max_hp_loss":0,"event_name":"Mushrooms","floor":12,"gold_loss":0,"cards_obtained":["Parasite"]}],"is_beta":false,"boss_relics":[],"items_purged_floors":[],"is_endless":false,"potions_floor_spawned":[2,3,6,10],"killed_by":"Slime Boss","ascension_level":12}