{"gold_per_floor":[114,58,58,68,68,68,95,95,95,95,111,36,111,138,138,138],"floor_reached":16,"playtime":373,"items_purged":["Strike_B"],"score":242,"play_id":"362eabb6-006a-4910-bf7d-9df6d4a0f3f2","local_time":"20190602181913","is_ascension_mode":true,"campfire_choices":[{"data":"Coolheaded","floor":6,"key":"SMITH"},{"data":"Gash","floor":8,"key":"SMITH"},{"data":"Coolheaded","floor":15,"key":"SMITH"}],"neow_cost":"NONE","seed_source_timestamp":1384165276420069,"circlet_count":0,"master_deck":["AscendersBane","Strike_B","Strike_B","Defend_B","Defend_B","Defend_B","Zap","Dualcast","Gash+1","Coolheaded+1","Coolheaded+1"],"relics":["Cracked Core","NeowsBlessing","Bird Faced Urn","Shuriken","Gambling Chip","Dead Branch"],"potions_floor_usage":[16],"damage_taken":[{"damage":0,"enemies":"Small Slimes","floor":1,"turns":1},{"damage":0,"enemies":"Cultist","floor":4,"turns":1},{"damage":0,"enemies":"3 Sentries","floor":7,"turns":1},{"damage":0,"enemies":"2 Louse","floor":11,"turns":4},{"damage":23,"enemies":"Gremlin Nob","floor":14,"turns":5},{"damage":35,"enemies":"Slime Boss","floor":16,"turns":6}],"seed_played":"-1796528887451923949","potions_obtained":[{"floor":7,"key":"LiquidBronze"},{"floor":14,"key":"Block Potion"}],"is_trial":false,"path_per_floor":["M","$","?","M","?","R","E","R","T","?","M","$","?","E","R","B"],"character_chosen":"DEFECT","items_purchased":["Coolheaded"],"campfire_rested":0,"item_purchase_floors":[2],"current_hp_per_floor":[64,64,64,64,64,64,64,64,64,64,64,64,53,30,30,0],"gold":138,"neow_bonus":"THREE_ENEMY_KILL","is_prod":false,"is_daily":false,"chose_seed":false,"campfire_upgraded":3,"win_rate":0,"timestamp":1559492353,"path_taken":["M","$","?","?","?","R","E","R","T","?","?","$","?","E","R","BOSS"],"build_version":"2019-01-23","purchased_purges":1,"victory":false,"max_hp_per_floor":[71,71,71,71,71,71,71,71,71,71,71,71,71,71,71,71],"card_choices":[{"not_picked":["Aggregate","Hologram"],"picked":"Gash","floor":1},{"not_picked":["Compile Driver","Cold Snap"],"picked":"Coolheaded","floor":4},{"not_picked":["Chill","Consume","Coolheaded"],"picked":"SKIP","floor":7},{"not_picked":["Aggregate","Self Repair","Capacitor"],"picked":"SKIP","floor":11},{"not_picked":["Force Field","Aggregate","Conserve Battery"],"picked":"SKIP","floor":14}],"player_experience":504485,"relics_obtained":[{"floor":3,"key":"Bird Faced Urn"},{"floor":7,"key":"Shuriken"},{"floor":9,"key":"Gambling Chip"},{"floor":14,"key":"Dead Branch"}],"event_choices":[{"damage_healed":0,"gold_gain":0,"player_choice":"Relic","damage_taken":0,"max_hp_gain":0,"max_hp_loss":0,"event_name":"Wheel of Change","floor":3,"gold_loss":0},{"cards_removed":["Strike_B"],"damage_healed":0,"gold_gain":0,"player_choice":"Forget","damage_taken":0,"max_hp_gain":0,"max_hp_loss":0,"event_name":"Living Wall","floor":5,"gold_loss":0},{"cards_removed":["Defend_B"],"damage_healed":0,"gold_gain":0,"player_choice":"Offered Basic","damage_taken":0,"max_hp_gain":0,"max_hp_loss":0,"event_name":"Bonfire Elementals","floor":10,"gold_loss":0},{"damage_healed":0,"gold_gain":75,"player_choice":"Gather Gold","damage_taken":11,"max_hp_gain":0,"max_hp_loss":0,"event_name":"World of Goop","floor":13,"gold_loss":0}],"is_beta":false,"boss_relics":[],"items_purged_floors":[12],"is_endless":false,"potions_floor_spawned":[7,14],"killed_by":"Slime Boss","ascension_level":17}