{"gold_per_floor":[115,127,127,145,162,194,214,214],"floor_reached":8,"playtime":294,"items_purged":[],"score":117,"play_id":"22db1533-890a-47ec-8a25-8cf3d9694a6c","local_time":"20190620031255","is_ascension_mode":true,"campfire_choices":[],"neow_cost":"NONE","seed_source_timestamp":473421988857033,"circlet_count":0,"master_deck":["AscendersBane","Strike_B","Strike_B","Strike_B","Defend_B","Defend_B","Defend_B","Defend_B","Zap","Dualcast","Gash","Ball Lightning","Beam Cell","Darkness","Compile Driver"],"relics":["Fusion Hammer","Potion Belt"],"potions_floor_usage":[6,6,7],"damage_taken":[{"damage":7,"enemies":"Cultist","floor":1,"turns":4},{"damage":7,"enemies":"Small Slimes","floor":2,"turns":3},{"damage":2,"enemies":"Jaw Worm","floor":4,"turns":2},{"damage":8,"enemies":"Large Slime","floor":5,"turns":5},{"damage":8,"enemies":"Gremlin Nob","floor":6,"turns":3},{"damage":29,"enemies":"Exordium Wildlife","floor":7,"turns":4},{"damage":10,"enemies":"3 Sentries","floor":8,"turns":2}],"seed_played":"-5344394321562387756","potions_obtained":[{"floor":1,"key":"FocusPotion"},{"floor":4,"key":"Fire Potion"},{"floor":5,"key":"Swift Potion"},{"floor":6,"key":"Poison Potion"}],"is_trial":false,"path_per_floor":["M","M","?","M","M","E","M","E"],"character_chosen":"DEFECT","items_purchased":[],"campfire_rested":0,"item_purchase_floors":[],"current_hp_per_floor":[57,50,50,48,40,32,3,0],"gold":214,"neow_bonus":"BOSS_RELIC","is_prod":false,"is_daily":false,"chose_seed":false,"campfire_upgraded":0,"win_rate":0,"timestamp":1560993175,"path_taken":["M","?","?","M","?","E","M","E"],"build_version":"2019-01-23","purchased_purges":0,"victory":false,"max_hp_per_floor":[71,71,71,71,71,71,71,71],"card_choices":[{"not_picked":["Go for the Eyes","Undo"],"picked":"Gash","floor":1},{"not_picked":["Reprogram","Blizzard"],"picked":"Ball Lightning","floor":2},{"not_picked":["Go for the Eyes","Steam","Stack"],"picked":"SKIP","floor":4},{"not_picked":["Rebound","Go for the Eyes"],"picked":"Darkness","floor":5},{"not_picked":["Steam","Aggregate"],"picked":"Compile Driver","floor":6},{"not_picked":["Rebound","Redo","Static Discharge"],"picked":"SKIP","floor":7}],"player_experience":612435,"relics_obtained":[{"floor":6,"key":"Potion Belt"}],"event_choices":[{"damage_healed":0,"gold_gain":0,"cards_transformed":["Strike_B"],"player_choice":"Transformed","damage_taken":0,"max_hp_gain":0,"max_hp_loss":0,"event_name":"Transmorgrifier","floor":3,"gold_loss":0,"cards_obtained":["Beam Cell"]}],"is_beta":false,"boss_relics":[],"items_purged_floors":[],"is_endless":false,"potions_floor_spawned":[1,4,5,6],"killed_by":"3 Sentries","ascension_level":19}