{"gold_per_floor":[118,142,155,0,0,0,16,30,55,80,80,108,124,149,149,149],"floor_reached":16,"playtime":488,"items_purged":[],"score":240,"play_id":"72c3fbe7-f741-452c-8662-1d37b4cd4afa","local_time":"20190526124520","is_ascension_mode":true,"campfire_choices":[{"data":"Zap","floor":6.0,"key":"SMITH"},{"floor":11.0,"key":"REST"},{"data":"Beam Cell","floor":15,"key":"SMITH"}],"neow_cost":"NONE","seed_source_timestamp":930321767837,"circlet_count":0,"master_deck":["AscendersBane","Strike_B+1","Strike_B","Strike_B","Strike_B","Defend_B","Defend_B","Defend_B","Defend_B","Zap+1","Dualcast","Auto Shields","BootSequence","Core Surge+1","Coolheaded","Go for the Eyes","Chaos","Gash","Beam Cell+1"],"special_seed":0,"relics":["Cracked Core","Vajra","Boot","Orichalcum","Strawberry","Bottled Flame","Art of War"],"potions_floor_usage":[],"damage_taken":[{"damage":1.0,"enemies":"Cultist","floor":1.0,"turns":3.0},{"damage":3.0,"enemies":"2 Louse","floor":3.0,"turns":3.0},{"damage":0.0,"enemies":"Jaw Worm","floor":7.0,"turns":2.0},{"damage":12.0,"enemies":"Exordium Wildlife","floor":8.0,"turns":4.0},{"damage":3.0,"enemies":"Gremlin Nob","floor":10.0,"turns":3.0},{"damage":4.0,"enemies":"Lagavulin","floor":12.0,"turns":8.0},{"damage":12,"enemies":"Large Slime","floor":13,"turns":5},{"damage":23,"enemies":"Gremlin Nob","floor":14,"turns":6},{"damage":18,"enemies":"Hexaghost","floor":16,"turns":9}],"seed_played":"3427927048562149450","potions_obtained":[{"floor":1.0,"key":"Poison Potion"},{"floor":8.0,"key":"Dexterity Potion"}],"is_trial":false,"path_per_floor":["M","T","M","$","?","R","M","M","T","E","R","E","M","E","R","B"],"character_chosen":"DEFECT","items_purchased":["Core Surge"],"campfire_rested":1,"item_purchase_floors":[4],"current_hp_per_floor":[63,63,60,60,39,39,39,27,27,31,54,50,38,15,15,0],"gold":149,"neow_bonus":"RANDOM_COMMON_RELIC","is_prod":false,"is_daily":false,"chose_seed":false,"campfire_upgraded":2,"win_rate":0,"timestamp":1558867520,"path_taken":["M","?","M","$","?","R","M","M","T","E","R","E","M","E","R","BOSS"],"build_version":"2019-05-24v2","purchased_purges":0,"victory":false,"max_hp_per_floor":[71,71,71,71,71,71,71,71,71,78,78,78,78,78,78,78],"card_choices":[{"not_picked":["Blizzard","Steam"],"picked":"Auto Shields","floor":1.0},{"not_picked":["Fusion","FTL"],"picked":"BootSequence","floor":3.0},{"not_picked":["Heatsinks","Streamline","Steam"],"picked":"SKIP","floor":7.0},{"not_picked":["Compile Driver","Loop"],"picked":"Coolheaded","floor":8.0},{"not_picked":["Reinforced Body","Redo"],"picked":"Go for the Eyes","floor":10.0},{"not_picked":["Darkness","Heatsinks"],"picked":"Chaos","floor":12},{"not_picked":["Undo","Go for the Eyes"],"picked":"Gash","floor":13},{"not_picked":["Amplify","Blizzard"],"picked":"Beam Cell","floor":14}],"player_experience":1607897,"relics_obtained":[{"floor":2.0,"key":"Boot"},{"floor":9.0,"key":"Orichalcum"},{"floor":10.0,"key":"Strawberry"},{"floor":12,"key":"Bottled Flame"},{"floor":14,"key":"Art of War"}],"event_choices":[{"damage_healed":0.0,"max_hp_gain":0.0,"max_hp_loss":0.0,"gold_gain":0.0,"event_name":"Shining Light","player_choice":"Entered Light","floor":5.0,"gold_loss":0.0,"damage_taken":21.0,"cards_upgraded":["Strike_B","Core Surge"]}],"is_beta":true,"boss_relics":[],"items_purged_floors":[],"is_endless":false,"potions_floor_spawned":[1,8],"killed_by":"Hexaghost","ascension_level":20}