{"gold_per_floor":[113,129,129,141,151,151,101,176,176,176,64,239,250,261,261,359,359,359,223,223,98,63,63,63,63,63,63,63,63],"floor_reached":29,"playtime":943,"items_purged":["Strike_B","Doubt","Pain"],"score":231,"play_id":"9286ebb1-897b-445e-a0c0-bb6d70913a08","local_time":"20190627030621","is_ascension_mode":false,"campfire_choices":[{"data":"Zap","floor":6,"key":"SMITH"},{"data":"Dualcast","floor":10,"key":"SMITH"},{"data":"Capacitor","floor":15,"key":"SMITH"},{"data":"Storm","floor":23,"key":"SMITH"},{"data":"Self Repair","floor":25,"key":"SMITH"},{"data":"Loop","floor":28,"key":"SMITH"}],"neow_cost":"NONE","seed_source_timestamp":80614888458548,"circlet_count":0,"master_deck":["Strike_B+1","Strike_B","Defend_B","Defend_B","Defend_B","Defend_B","Zap+1","Dualcast+1","Consume","Ball Lightning+1","Self Repair+1","Capacitor+1","Conserve Battery","Cold Snap","Core Surge","Compile Driver+1","Storm+1","Loop+1","Rebound","Fusion+1"],"relics":["Cracked Core","NeowsBlessing","Kunai","Whetstone","Ectoplasm","WarpedTongs","Nunchaku","Ornamental Fan"],"potions_floor_usage":[],"damage_taken":[{"damage":0,"enemies":"Cultist","floor":1,"turns":1},{"damage":0,"enemies":"Small Slimes","floor":2,"turns":1},{"damage":0,"enemies":"2 Louse","floor":4,"turns":1},{"damage":24,"enemies":"Large Slime","floor":5,"turns":5},{"damage":18,"enemies":"3 Louse","floor":13,"turns":3},{"damage":22,"enemies":"Exordium Thugs","floor":14,"turns":4},{"damage":8,"enemies":"Hexaghost","floor":16,"turns":9},{"damage":20,"enemies":"3 Byrds","floor":18,"turns":5},{"damage":45,"enemies":"Book of Stabbing","floor":24,"turns":7},{"damage":11,"enemies":"Shell Parasite","floor":27,"turns":5},{"damage":13,"enemies":"3 Cultists","floor":29,"turns":3}],"seed_played":"-1040315620519052789","potions_obtained":[{"floor":2,"key":"Poison Potion"},{"floor":14,"key":"Dexterity Potion"},{"floor":16,"key":"Strength Potion"},{"floor":27,"key":"Poison Potion"}],"is_trial":false,"path_per_floor":["M","M","?","M","M","R","?","?","T","R","$","?","M","M","R","B",null,"M","$","?","$","$","R","E","R","T","M","R","M"],"character_chosen":"DEFECT","items_purchased":["Capacitor","Storm","Loop"],"campfire_rested":0,"item_purchase_floors":[11,19,22],"current_hp_per_floor":[75,75,75,75,51,51,51,40,40,40,40,40,29,14,14,13,75,55,55,55,55,55,55,17,17,17,16,16,3],"gold":63,"neow_bonus":"THREE_ENEMY_KILL","is_prod":false,"is_daily":false,"chose_seed":false,"campfire_upgraded":6,"win_rate":0,"timestamp":1561626381,"path_taken":["M","?","?","?","?","R","?","?","T","R","$","?","M","M","R","BOSS","M","$","?","?","$","R","E","R","T","?","R","M"],"build_version":"2019-01-23","purchased_purges":3,"victory":false,"max_hp_per_floor":[75,75,75,75,75,75,75,75,75,75,75,75,75,75,75,75,75,75,75,75,75,75,75,75,75,75,75,75,75],"card_choices":[{"not_picked":["Hologram","Beam Cell"],"picked":"Consume","floor":1},{"not_picked":["Redo","Hologram"],"picked":"Ball Lightning","floor":2},{"not_picked":["Scrape","Streamline","Redo"],"picked":"SKIP","floor":4},{"not_picked":["Reprogram","Genetic Algorithm"],"picked":"Self Repair","floor":5},{"not_picked":["Skim","Sweeping Beam"],"picked":"Conserve Battery","floor":13},{"not_picked":["Auto Shields","Steam"],"picked":"Cold Snap","floor":14},{"not_picked":["Machine Learning","Echo Form"],"picked":"Core Surge","floor":16},{"not_picked":["Reprogram","Doom and Gloom"],"picked":"Compile Driver+1","floor":18},{"not_picked":["Redo","Genetic Algorithm"],"picked":"Rebound","floor":24},{"not_picked":["Coolheaded","Steam"],"picked":"Fusion+1","floor":27}],"player_experience":1513918,"relics_obtained":[{"floor":9,"key":"Whetstone"},{"floor":24,"key":"Nunchaku"},{"floor":26,"key":"Ornamental Fan"}],"event_choices":[{"damage_healed":0,"gold_gain":0,"player_choice":"Gave Potion","damage_taken":0,"relics_obtained":["Kunai"],"max_hp_gain":0,"max_hp_loss":0,"event_name":"WeMeetAgain","floor":3,"gold_loss":0},{"cards_removed":["Strike_B"],"damage_healed":0,"gold_gain":0,"player_choice":"Card Removal","damage_taken":0,"max_hp_gain":0,"max_hp_loss":0,"event_name":"The Cleric","floor":7,"gold_loss":50},{"damage_healed":0,"gold_gain":75,"player_choice":"Gather Gold","damage_taken":11,"max_hp_gain":0,"max_hp_loss":0,"event_name":"World of Goop","floor":8,"gold_loss":0},{"damage_healed":0,"gold_gain":175,"player_choice":"AGREE","damage_taken":0,"max_hp_gain":0,"max_hp_loss":0,"event_name":"Liars Game","floor":12,"gold_loss":0,"cards_obtained":["Doubt"]},{"damage_healed":0,"gold_gain":0,"player_choice":"Rummage","damage_taken":0,"relics_obtained":["WarpedTongs"],"max_hp_gain":0,"max_hp_loss":0,"event_name":"Accursed Blacksmith","floor":20,"gold_loss":0,"cards_obtained":["Pain"]}],"is_beta":false,"boss_relics":[{"not_picked":["FrozenCore","Inserter"],"picked":"Ectoplasm"}],"items_purged_floors":[11,19,21],"is_endless":false,"potions_floor_spawned":[2,14,16,27],"killed_by":"3 Cultists","ascension_level":0}