{"gold_per_floor":[116,128,140,157,157,157,214,214,214,244,262,296,307,257,257,257],"floor_reached":16,"playtime":703,"items_purged":[],"score":189,"play_id":"b531e6ec-15ad-4a3b-ad4b-1efbb304ec6b","local_time":"20190622225801","is_ascension_mode":true,"campfire_choices":[{"data":"Neutralize","floor":6.0,"key":"SMITH"},{"floor":15,"key":"REST"}],"neow_cost":"NONE","seed_source_timestamp":182087150379749,"circlet_count":0,"master_deck":["AscendersBane","Defend_G","Defend_G","Defend_G","Defend_G","Defend_G","Strike_G","Strike_G","Strike_G","Strike_G","Survivor","Neutralize+1","Unload","Sucker Punch","Leg Sweep","PiercingWail","Deadly Poison","Noxious Fumes","Backflip","Bouncing Flask","Dodge and Roll"],"special_seed":0,"relics":["Ring of the Snake","Tiny Chest","The Courier","PreservedInsect","Boot","Strawberry"],"potions_floor_usage":[7,12],"damage_taken":[{"damage":7.0,"enemies":"Small Slimes","floor":1.0,"turns":4.0},{"damage":0.0,"enemies":"2 Louse","floor":2.0,"turns":2.0},{"damage":0.0,"enemies":"Cultist","floor":3.0,"turns":5.0},{"damage":0.0,"enemies":"Blue Slaver","floor":4.0,"turns":6.0},{"damage":6,"enemies":"Lagavulin","floor":7,"turns":6},{"damage":23,"enemies":"Gremlin Nob","floor":10,"turns":4},{"damage":5,"enemies":"Looter","floor":11,"turns":4},{"damage":5,"enemies":"Lagavulin","floor":12,"turns":7},{"damage":5,"enemies":"Gremlin Gang","floor":13,"turns":7},{"damage":42,"enemies":"Slime Boss","floor":16,"turns":12}],"seed_played":"-8005064666696484997","potions_obtained":[{"floor":2.0,"key":"AttackPotion"},{"floor":4.0,"key":"AttackPotion"},{"floor":7,"key":"Swift Potion"}],"is_trial":false,"path_per_floor":["M","M","M","M","?","R","E","?","T","E","M","E","M","?","R","B"],"character_chosen":"THE_SILENT","items_purchased":[],"campfire_rested":1,"item_purchase_floors":[],"current_hp_per_floor":[56,56,56,56,49,49,43,43,43,20,15,17,12,12,35,0],"gold":257,"neow_bonus":"ONE_RANDOM_RARE_CARD","is_prod":false,"is_daily":false,"chose_seed":false,"campfire_upgraded":1,"win_rate":0,"timestamp":1561262281,"path_taken":["M","M","M","M","?","R","E","?","T","E","?","E","M","?","R","BOSS"],"build_version":"2019-01-23","purchased_purges":0,"victory":false,"max_hp_per_floor":[70,70,70,70,70,70,70,70,70,70,70,77,77,77,77,77],"card_choices":[{"not_picked":["Blade Dance","Expertise"],"picked":"Sucker Punch","floor":1.0},{"not_picked":["PiercingWail","Poisoned Stab"],"picked":"Leg Sweep","floor":2.0},{"not_picked":["Bane","Concentrate"],"picked":"PiercingWail","floor":3.0},{"not_picked":["Outmaneuver","Dagger Spray"],"picked":"Deadly Poison","floor":4.0},{"not_picked":["Poisoned Stab","Die Die Die"],"picked":"Noxious Fumes","floor":7},{"not_picked":["Dodge and Roll","Dagger Spray"],"picked":"Backflip","floor":10},{"not_picked":["Flying Knee","Eviscerate"],"picked":"Bouncing Flask","floor":11},{"not_picked":["Bane","Acrobatics","Quick Slash"],"picked":"SKIP","floor":12},{"not_picked":["Acrobatics","Poisoned Stab"],"picked":"Dodge and Roll","floor":13}],"player_experience":262270,"relics_obtained":[{"floor":7,"key":"Tiny Chest"},{"floor":9,"key":"PreservedInsect"},{"floor":10,"key":"Boot"},{"floor":12,"key":"Strawberry"}],"event_choices":[{"cards_removed":["Strike_G"],"damage_healed":0.0,"max_hp_gain":0.0,"max_hp_loss":0.0,"gold_gain":0.0,"event_name":"Golden Wing","player_choice":"Card Removal","floor":5.0,"gold_loss":0.0,"damage_taken":7.0},{"damage_healed":0,"gold_gain":0,"player_choice":"Gave Potion","damage_taken":0,"relics_obtained":["The Courier"],"max_hp_gain":0,"max_hp_loss":0,"event_name":"WeMeetAgain","floor":8,"gold_loss":0},{"damage_healed":0,"gold_gain":0,"player_choice":"Left Gold","damage_taken":0,"max_hp_gain":0,"max_hp_loss":0,"event_name":"World of Goop","floor":14,"gold_loss":50}],"is_beta":false,"boss_relics":[],"items_purged_floors":[],"is_endless":false,"potions_floor_spawned":[2,4,7],"killed_by":"Slime Boss","ascension_level":11}