{"gold_per_floor":[17,17,37,37,37,37,37,0,0,20,51,51,99,118,118,217,217,227,238,238],"floor_reached":20,"playtime":1085,"items_purged":[],"score":206,"play_id":"a1e04472-4ed2-4c52-964f-47d1044ff6b0","local_time":"20190503162902","is_ascension_mode":true,"campfire_choices":[{"data":"Sucker Punch","floor":6.0,"key":"SMITH"},{"data":"Accuracy","floor":12.0,"key":"SMITH"},{"data":"Dodge and Roll","floor":15.0,"key":"SMITH"}],"neow_cost":"NO_GOLD","seed_source_timestamp":773198389494100,"circlet_count":0,"master_deck":["Defend_G","Defend_G","Defend_G","Defend_G","Defend_G","Strike_G","Strike_G","Strike_G","Strike_G","Strike_G","Survivor","Neutralize","Storm of Steel+1","Predator","Sucker Punch+1","Expertise","Accuracy+1","Flying Knee","Dodge and Roll+1","Tools of the Trade+1","Well Laid Plans+1","Leg Sweep+1"],"special_seed":0,"relics":["Ring of the Snake","Orichalcum","Letter Opener","Frozen Egg 2","Strawberry","Eternal Feather"],"potions_floor_usage":[19,20],"damage_taken":[{"damage":7.0,"enemies":"Small Slimes","floor":1.0,"turns":4.0},{"damage":1.0,"enemies":"Cultist","floor":3.0,"turns":5.0},{"damage":0.0,"enemies":"2 Louse","floor":10.0,"turns":2.0},{"damage":18.0,"enemies":"Lagavulin","floor":11.0,"turns":5.0},{"damage":1.0,"enemies":"Blue Slaver","floor":14.0,"turns":3.0},{"damage":22.0,"enemies":"The Guardian","floor":16.0,"turns":12.0},{"damage":2,"enemies":"Chosen","floor":18,"turns":6},{"damage":12,"enemies":"Shell Parasite","floor":19,"turns":4},{"damage":72,"enemies":"Chosen and Byrds","floor":20,"turns":9}],"seed_played":"-3174330855838613395","potions_obtained":[{"floor":1.0,"key":"Swift Potion"},{"floor":10.0,"key":"SteroidPotion"},{"floor":11.0,"key":"SteroidPotion"}],"is_trial":false,"path_per_floor":["M","?","M","$","?","R","$","$","T","M","E","R","T","M","R","B",null,"M","M","M"],"character_chosen":"THE_SILENT","items_purchased":["Expertise"],"campfire_rested":0,"item_purchase_floors":[8],"current_hp_per_floor":[63,63,62,62,59,59,59,59,59,59,41,41,48,47,47,25,77,75,63,0],"gold":238,"neow_bonus":"THREE_RARE_CARDS","is_prod":false,"is_daily":false,"chose_seed":false,"campfire_upgraded":3,"win_rate":0,"timestamp":1556926142,"path_taken":["M","?","M","?","?","R","?","$","T","M","E","R","?","?","R","BOSS","M","M","M"],"build_version":"2019-01-23","purchased_purges":0,"victory":false,"max_hp_per_floor":[70,70,70,70,70,70,70,70,70,70,70,70,77,77,77,77,77,77,77,77],"card_choices":[{"not_picked":["Die Die Die","After Image"],"picked":"Storm of Steel","floor":0.0},{"not_picked":["Riddle With Holes","Sucker Punch"],"picked":"Predator","floor":1.0},{"not_picked":["Dagger Spray","Tools of the Trade"],"picked":"Sucker Punch","floor":3.0},{"not_picked":["Bane","Heel Hook"],"picked":"Accuracy","floor":10.0},{"not_picked":["Noxious Fumes","Backflip"],"picked":"Flying Knee","floor":11.0},{"not_picked":["Eviscerate","Dagger Throw"],"picked":"Dodge and Roll","floor":14.0},{"not_picked":["Wraith Form v2+1","Malaise"],"picked":"Tools of the Trade+1","floor":16.0},{"not_picked":["Sucker Punch+1","Caltrops+1"],"picked":"Well Laid Plans+1","floor":18},{"not_picked":["Finisher","Riddle With Holes+1"],"picked":"Leg Sweep+1","floor":19}],"player_experience":284436,"relics_obtained":[{"floor":9.0,"key":"Letter Opener"},{"floor":11.0,"key":"Frozen Egg 2"},{"floor":13.0,"key":"Strawberry"}],"event_choices":[{"damage_healed":0.0,"max_hp_gain":0.0,"max_hp_loss":0.0,"gold_gain":0.0,"event_name":"Upgrade Shrine","player_choice":"Upgraded","floor":2.0,"gold_loss":0.0,"damage_taken":0.0,"cards_upgraded":["Storm of Steel"]},{"damage_healed":0.0,"max_hp_gain":0.0,"max_hp_loss":0.0,"gold_gain":0.0,"event_name":"Scrap Ooze","player_choice":"Success","floor":5.0,"gold_loss":0.0,"damage_taken":3.0,"relics_obtained":["Orichalcum"]}],"is_beta":false,"boss_relics":[{"not_picked":["Tiny House","Velvet Choker"],"picked":"Eternal Feather"}],"items_purged_floors":[],"is_endless":false,"potions_floor_spawned":[1,10,11],"killed_by":"Chosen and Byrds","ascension_level":4}