{"gold_per_floor":[115,115,40,40,60,60,79,99,99,66,91,91,105,116,116,216,216,229,229,242,242,71,71,96,114,138,173,173,183,183,200,200,303,303,313,23,40,52,72,72,98,123,135,147],"floor_reached":44,"playtime":2823,"items_purged":["Writhe","Pain"],"score":555,"play_id":"2ca6b616-6747-4ac7-9863-93c793ed340b","local_time":"20190412200246","is_ascension_mode":true,"campfire_choices":[{"data":"Uppercut","floor":6.0,"key":"SMITH"},{"data":"1","floor":12.0,"key":"LIFT"},{"floor":15.0,"key":"REST"},{"data":"2","floor":23.0,"key":"LIFT"},{"floor":30.0,"key":"REST"},{"floor":32.0,"key":"REST"},{"floor":40.0,"key":"REST"}],"neow_cost":"CURSE","seed_source_timestamp":0,"circlet_count":0,"master_deck":["Strike_R","Strike_R","Strike_R","Defend_R","Defend_R","Defend_R","Defend_R","Bash","Pommel Strike","Headbutt","Uppercut+1","Shrug It Off","Anger","Cleave","Flame Barrier","Rage","Pommel Strike","Limit Break","Juggernaut","Seeing Red+1","Dropkick","Ghostly Armor","True Grit","Battle Trance","Headbutt","Armaments+1","Havoc+1","True Grit+1","Limit Break","Thunderclap","Heavy Blade","Blind","Havoc+1","Body Slam+1","Impervious"],"special_seed":0,"relics":["Burning Blood","Turnip","Happy Flower","Girya","Smiling Mask","Runic Cube","WarpedTongs","Lantern","PreservedInsect","Bottled Flame","Eternal Feather","Bag of Marbles","MawBank","Torii"],"potions_floor_usage":[],"damage_taken":[{"damage":6.0,"enemies":"Cultist","floor":1.0,"turns":3.0},{"damage":2.0,"enemies":"2 Louse","floor":5.0,"turns":2.0},{"damage":4.0,"enemies":"Jaw Worm","floor":7.0,"turns":3.0},{"damage":5.0,"enemies":"Red Slaver","floor":8.0,"turns":2.0},{"damage":20.0,"enemies":"Lagavulin","floor":11.0,"turns":7.0},{"damage":25.0,"enemies":"Gremlin Gang","floor":13.0,"turns":5.0},{"damage":9.0,"enemies":"Exordium Wildlife","floor":14.0,"turns":3.0},{"damage":40.0,"enemies":"Hexaghost","floor":16.0,"turns":9.0},{"damage":14.0,"enemies":"Chosen","floor":18.0,"turns":4.0},{"damage":0.0,"enemies":"3 Byrds","floor":20.0,"turns":4.0},{"damage":36.0,"enemies":"Gremlin Leader","floor":24.0,"turns":6.0},{"damage":12.0,"enemies":"Snake Plant","floor":25.0,"turns":3.0},{"damage":13.0,"enemies":"Slavers","floor":27.0,"turns":4.0},{"damage":7.0,"enemies":"Cultist and Chosen","floor":29.0,"turns":6.0},{"damage":13.0,"enemies":"Centurion and Healer","floor":31.0,"turns":5.0},{"damage":64.0,"enemies":"Champ","floor":33.0,"turns":10.0},{"damage":14.0,"enemies":"3 Darklings","floor":35.0,"turns":5.0},{"damage":22.0,"enemies":"3 Shapes","floor":37.0,"turns":4.0},{"damage":42.0,"enemies":"Maw","floor":38.0,"turns":8.0},{"damage":16.0,"enemies":"3 Darklings","floor":39.0,"turns":4.0},{"damage":39.0,"enemies":"Reptomancer","floor":41.0,"turns":7.0},{"damage":15,"enemies":"Jaw Worm Horde","floor":42,"turns":3},{"damage":17,"enemies":"Giant Head","floor":44,"turns":5}],"seed_played":"-9076551944932442804","potions_obtained":[{"floor":1.0,"key":"SkillPotion"},{"floor":5.0,"key":"Fire Potion"},{"floor":7.0,"key":"LiquidBronze"},{"floor":14.0,"key":"Weak Potion"},{"floor":24.0,"key":"Poison Potion"},{"floor":27.0,"key":"SteroidPotion"},{"floor":31.0,"key":"Poison Potion"},{"floor":37.0,"key":"Dexterity Potion"}],"is_trial":false,"path_per_floor":["M","?","$","?","M","R","M","M","T","$","E","R","M","M","R","B",null,"M","?","M","?","$","R","E","M","T","E","?","M","R","M","R","B",null,"M","$","M","M","M","R","E","M","T","E"],"character_chosen":"IRONCLAD","items_purchased":["Flame Barrier","Ghostly Armor","True Grit","Bag of Marbles","Heavy Blade","Blind"],"campfire_rested":4,"item_purchase_floors":[10,22,22,36,36,36],"current_hp_per_floor":[80,55,55,55,59,59,61,62,62,62,48,48,29,26,50,16,80,72,72,78,78,78,78,48,42,42,35,35,34,58,51,75,17,80,72,72,56,20,10,52,19,10,10,0],"gold":147,"neow_bonus":"TRANSFORM_TWO_CARDS","is_prod":false,"is_daily":false,"chose_seed":false,"campfire_upgraded":1,"win_rate":0,"timestamp":1555124566,"path_taken":["M","?","$","?","M","R","M","M","T","?","E","R","?","?","R","BOSS","M","?","M","?","$","R","E","?","T","E","?","M","R","M","R","BOSS","M","$","M","M","M","R","E","M","T","E"],"build_version":"2019-01-23","purchased_purges":2,"victory":false,"max_hp_per_floor":[80,80,80,80,80,80,80,80,80,80,80,80,80,80,80,80,80,80,80,80,80,80,80,80,80,80,80,80,80,80,80,80,80,80,80,80,80,80,80,80,80,80,80,80],"card_choices":[{"not_picked":["Flex","Twin Strike"],"picked":"Uppercut","floor":1.0},{"not_picked":["Flex","Armaments"],"picked":"Shrug It Off","floor":5.0},{"not_picked":["Pommel Strike","Clash"],"picked":"Anger","floor":7.0},{"not_picked":["Anger","Heavy Blade"],"picked":"Cleave","floor":8.0},{"not_picked":["Pommel Strike","Shrug It Off"],"picked":"Rage","floor":11.0},{"not_picked":["Exhume","Armaments"],"picked":"Pommel Strike","floor":13.0},{"not_picked":["Cleave","Heavy Blade"],"picked":"Limit Break","floor":14.0},{"not_picked":["Dark Embrace","Berserk"],"picked":"Juggernaut","floor":16.0},{"not_picked":["Shrug It Off+1","Bloodletting"],"picked":"Seeing Red+1","floor":18.0},{"not_picked":["Cleave+1","Clash"],"picked":"Dropkick","floor":20.0},{"not_picked":["Reckless Charge","Twin Strike"],"picked":"Battle Trance","floor":24.0},{"not_picked":["Rupture","Infernal Blade"],"picked":"Headbutt","floor":25.0},{"not_picked":["Feel No Pain","Bloodletting"],"picked":"Armaments+1","floor":27.0},{"not_picked":["Corruption","Fire Breathing"],"picked":"Havoc+1","floor":29.0},{"not_picked":["Second Wind","Warcry"],"picked":"True Grit+1","floor":31.0},{"not_picked":["Brutality","Bludgeon"],"picked":"Limit Break","floor":33.0},{"not_picked":["Flex","Disarm+1"],"picked":"Thunderclap","floor":35.0},{"not_picked":["Headbutt","Iron Wave","Warcry+1"],"picked":"SKIP","floor":37.0},{"not_picked":["Thunderclap","Clothesline"],"picked":"Havoc+1","floor":38.0},{"not_picked":["Limit Break","Blood for Blood"],"picked":"Body Slam+1","floor":39.0},{"not_picked":["Flex","Hemokinesis+1","Wild Strike+1"],"picked":"SKIP","floor":41.0},{"not_picked":["Iron Wave","Anger"],"picked":"Impervious","floor":42}],"player_experience":203499,"relics_obtained":[{"floor":9.0,"key":"Girya"},{"floor":11.0,"key":"Smiling Mask"},{"floor":24.0,"key":"Lantern"},{"floor":26.0,"key":"PreservedInsect"},{"floor":27.0,"key":"Bottled Flame"},{"floor":41.0,"key":"MawBank"},{"floor":43,"key":"Torii"}],"event_choices":[{"damage_healed":0.0,"max_hp_gain":0.0,"max_hp_loss":0.0,"gold_gain":0.0,"event_name":"Scrap Ooze","player_choice":"Success","floor":2.0,"gold_loss":0.0,"damage_taken":25.0,"relics_obtained":["Turnip"]},{"damage_healed":0.0,"max_hp_gain":0.0,"max_hp_loss":0.0,"gold_gain":0.0,"event_name":"Big Fish","player_choice":"Box","floor":4.0,"gold_loss":0.0,"damage_taken":0.0,"relics_obtained":["Happy Flower"],"cards_obtained":["Regret"]},{"damage_healed":0.0,"max_hp_gain":0.0,"max_hp_loss":0.0,"gold_gain":0.0,"event_name":"Ghosts","player_choice":"Ignored","floor":19.0,"gold_loss":0.0,"damage_taken":0.0},{"damage_healed":0.0,"max_hp_gain":0.0,"max_hp_loss":0.0,"gold_gain":0.0,"event_name":"Accursed Blacksmith","player_choice":"Rummage","floor":21.0,"gold_loss":0.0,"damage_taken":0.0,"relics_obtained":["WarpedTongs"],"cards_obtained":["Pain"]},{"cards_removed":["Regret"],"damage_healed":0.0,"max_hp_gain":0.0,"max_hp_loss":0.0,"gold_gain":0.0,"event_name":"Back to Basics","player_choice":"Elegance","floor":28.0,"gold_loss":0.0,"damage_taken":0.0}],"is_beta":false,"boss_relics":[{"not_picked":["Lizard Tail","Runic Pyramid"],"picked":"Runic Cube"},{"not_picked":["Empty Cage","Tiny House"],"picked":"Eternal Feather"}],"items_purged_floors":[3,22],"is_endless":false,"potions_floor_spawned":[1,5,7,14,24,27,31,37],"killed_by":"Giant Head","ascension_level":2}