{"gold_per_floor":[124,154,166,196,220,259,271,314,326,157,171,204,222,239,239,239],"floor_reached":16,"playtime":779,"items_purged":["Strike_R"],"score":298,"play_id":"dc98cd46-8395-4bfd-bda4-8eb922f1aea2","local_time":"20190630182627","is_ascension_mode":true,"campfire_choices":[{"floor":7,"key":"REST"},{"data":"Inflame","floor":15,"key":"SMITH"}],"neow_cost":"NONE","seed_source_timestamp":928787515767100,"circlet_count":0,"master_deck":["AscendersBane","Strike_R","Strike_R","Strike_R","Strike_R","Defend_R","Defend_R","Defend_R","Defend_R","Bash","Thunderclap","Uppercut","Headbutt","Infernal Blade","Iron Wave","Shrug It Off","Inflame+1","Immolate","True Grit+1"],"relics":["Burning Blood","MawBank","PreservedInsect","Bronze Scales","Bag of Marbles","Toxic Egg 2"],"potions_floor_usage":[8,12,12],"damage_taken":[{"damage":23,"enemies":"Small Slimes","floor":1,"turns":5},{"damage":1,"enemies":"Cultist","floor":2,"turns":3},{"damage":0,"enemies":"2 Louse","floor":4,"turns":3},{"damage":10,"enemies":"Exordium Thugs","floor":5,"turns":4},{"damage":55,"enemies":"3 Sentries","floor":6,"turns":9},{"damage":6,"enemies":"Gremlin Nob","floor":8,"turns":3},{"damage":9,"enemies":"Blue Slaver","floor":11,"turns":3},{"damage":0,"enemies":"Lagavulin","floor":12,"turns":4},{"damage":5,"enemies":"Exordium Wildlife","floor":13,"turns":3},{"damage":9,"enemies":"Large Slime","floor":14,"turns":5},{"damage":33,"enemies":"Hexaghost","floor":16,"turns":7}],"seed_played":"-724199586426207853","potions_obtained":[{"floor":1,"key":"Strength Potion"},{"floor":5,"key":"Ancient Potion"},{"floor":8,"key":"SteroidPotion"}],"is_trial":false,"path_per_floor":["M","M","?","M","M","E","R","E","T","$","M","E","M","M","R","B"],"character_chosen":"IRONCLAD","items_purchased":["Shrug It Off","Inflame"],"campfire_rested":1,"item_purchase_floors":[10,10],"current_hp_per_floor":[51,56,56,62,58,9,31,31,31,31,28,34,35,32,32,0],"gold":239,"neow_bonus":"RANDOM_COMMON_RELIC","is_prod":false,"is_daily":false,"chose_seed":false,"campfire_upgraded":1,"win_rate":0,"timestamp":1561933587,"path_taken":["M","M","?","M","M","E","R","E","T","$","M","E","M","M","R","BOSS"],"build_version":"2019-06-29","purchased_purges":1,"victory":false,"max_hp_per_floor":[75,75,75,75,75,75,75,75,75,75,75,75,75,75,75,75],"card_choices":[{"not_picked":["Whirlwind","Fire Breathing"],"picked":"Thunderclap","floor":1},{"not_picked":["True Grit","Ghostly Armor"],"picked":"Uppercut","floor":2},{"not_picked":["Whirlwind","Havoc"],"picked":"Headbutt","floor":4},{"not_picked":["Cleave","Bloodletting"],"picked":"Infernal Blade","floor":5},{"not_picked":["Infernal Blade","Warcry","Headbutt"],"picked":"SKIP","floor":6},{"not_picked":["Headbutt","Cleave"],"picked":"Iron Wave","floor":8},{"not_picked":["Sword Boomerang","Carnage"],"picked":"Immolate","floor":11},{"not_picked":["Thunderclap","Dual Wield"],"picked":"True Grit","floor":12},{"not_picked":["Blood for Blood","Perfected Strike","Fire Breathing"],"picked":"SKIP","floor":13},{"not_picked":["Flex+1","Headbutt","Heavy Blade"],"picked":"SKIP","floor":14}],"player_experience":513879,"relics_obtained":[{"floor":6,"key":"PreservedInsect"},{"floor":8,"key":"Bronze Scales"},{"floor":9,"key":"Bag of Marbles"},{"floor":12,"key":"Toxic Egg 2"}],"event_choices":[{"damage_healed":0,"gold_gain":0,"player_choice":"Ignored","damage_taken":0,"max_hp_gain":0,"max_hp_loss":0,"event_name":"Liars Game","floor":3,"gold_loss":0}],"is_beta":true,"boss_relics":[],"items_purged_floors":[10],"is_endless":false,"potions_floor_spawned":[1,5,8,11],"killed_by":"Hexaghost","ascension_level":20}