{"gold_per_floor":[112,124,138,313,328,355,8,8,8,8,8,8,23,33,33,33],"floor_reached":16,"playtime":742,"items_purged":["Doubt"],"score":102,"play_id":"a8fd24f5-a9be-41a4-976d-762df39e6402","local_time":"20190328154015","is_ascension_mode":false,"campfire_choices":[{"floor":8,"key":"REST"},{"floor":11,"key":"REST"},{"data":"Body Slam","floor":15,"key":"SMITH"}],"neow_cost":"NONE","seed_source_timestamp":280103700600,"circlet_count":0,"master_deck":["Strike_R","Strike_R","Strike_R","Strike_R","Defend_R","Defend_R","Defend_R","Defend_R","Bash","Combust","Cleave","Headbutt","Hemokinesis","Reaper","Body Slam+1","Metallicize+1","Power Through"],"relics":["Burning Blood","Frozen Egg 2","Pen Nib","Bottled Flame"],"potions_floor_usage":[16],"damage_taken":[{"damage":4,"enemies":"Jaw Worm","floor":1,"turns":3},{"damage":6,"enemies":"Small Slimes","floor":2,"turns":4},{"damage":3,"enemies":"2 Louse","floor":3,"turns":3},{"damage":19,"enemies":"Exordium Thugs","floor":5,"turns":3},{"damage":64,"enemies":"Lagavulin","floor":6,"turns":7},{"damage":8,"enemies":"Gremlin Gang","floor":13,"turns":3},{"damage":10,"enemies":"Red Slaver","floor":14,"turns":3},{"damage":66,"enemies":"Hexaghost","floor":16,"turns":12}],"seed_played":"285933896755143034","potions_obtained":[{"floor":3,"key":"Explosive Potion"},{"floor":6,"key":"Ancient Potion"},{"floor":14,"key":"Dexterity Potion"}],"is_trial":false,"path_per_floor":["M","M","M","?","M","E","$","R","T","$","R","?","M","M","R","B"],"character_chosen":"IRONCLAD","items_purchased":["Pen Nib","Body Slam","Metallicize+1"],"campfire_rested":2,"item_purchase_floors":[7,7,7],"current_hp_per_floor":[80,80,80,80,67,13,13,37,37,37,61,61,63,59,59,0],"gold":33,"neow_bonus":"TRANSFORM_CARD","is_prod":false,"is_daily":false,"chose_seed":false,"campfire_upgraded":1,"win_rate":0,"timestamp":1553812815,"path_taken":["M","M","M","?","M","E","$","R","T","?","R","?","M","M","R","BOSS"],"build_version":"2019-01-23","purchased_purges":1,"victory":false,"max_hp_per_floor":[80,80,80,80,80,80,80,80,80,80,80,80,80,80,80,80],"card_choices":[{"not_picked":["Whirlwind","Havoc"],"picked":"Cleave","floor":1},{"not_picked":["Dual Wield","Thunderclap"],"picked":"Headbutt","floor":2},{"not_picked":["Heavy Blade","Metallicize"],"picked":"Hemokinesis","floor":3},{"not_picked":["Sword Boomerang","Shrug It Off"],"picked":"Reaper","floor":5},{"not_picked":["Immolate","Wild Strike","Twin Strike"],"picked":"SKIP","floor":6},{"not_picked":["Uppercut","Wild Strike","Combust+1"],"picked":"SKIP","floor":13},{"not_picked":["Body Slam","Flex"],"picked":"Power Through","floor":14}],"player_experience":176370,"relics_obtained":[{"floor":6,"key":"Frozen Egg 2"},{"floor":9,"key":"Bottled Flame"}],"event_choices":[{"damage_healed":0,"gold_gain":175,"player_choice":"AGREE","damage_taken":0,"max_hp_gain":0,"max_hp_loss":0,"event_name":"Liars Game","floor":4,"gold_loss":0,"cards_obtained":["Doubt"]},{"damage_healed":0,"gold_gain":0,"player_choice":"Leave","damage_taken":0,"max_hp_gain":0,"max_hp_loss":0,"event_name":"The Cleric","floor":12,"gold_loss":0}],"is_beta":false,"boss_relics":[],"items_purged_floors":[7],"is_endless":false,"potions_floor_spawned":[3,6,14],"killed_by":"Hexaghost","ascension_level":0}