{"gold_per_floor":[115,115,190,50,68,68,118,118,145,145,206,206,224,244,244,244],"floor_reached":16,"playtime":304,"items_purged":["Strike_B"],"score":196,"play_id":"cfa536d4-ce72-499f-b8d4-c4c1840b6158","local_time":"20190621122347","is_ascension_mode":true,"campfire_choices":[{"data":"Defragment","floor":6,"key":"SMITH"},{"data":"Zap","floor":8,"key":"SMITH"},{"floor":10,"key":"REST"},{"data":"Reinforced Body","floor":12,"key":"SMITH"},{"floor":15,"key":"REST"}],"neow_cost":"NONE","seed_source_timestamp":592868410418776,"circlet_count":0,"master_deck":["AscendersBane","Strike_B","Strike_B","Strike_B","Defend_B","Defend_B","Defend_B","Defend_B","Zap+1","Dualcast","Lockon","Defragment+1","Capacitor","Reinforced Body+1","Conserve Battery"],"relics":["Cracked Core","Smiling Mask","Ice Cream","Bag of Marbles","Tiny Chest"],"potions_floor_usage":[11,14],"damage_taken":[{"damage":10,"enemies":"2 Louse","floor":1,"turns":3},{"damage":0,"enemies":"Cultist","floor":5,"turns":3},{"damage":39,"enemies":"Gremlin Nob","floor":11,"turns":4},{"damage":9,"enemies":"Small Slimes","floor":13,"turns":2},{"damage":0,"enemies":"Exordium Wildlife","floor":14,"turns":4},{"damage":37,"enemies":"Hexaghost","floor":16,"turns":7}],"seed_played":"5003872312929455727","potions_obtained":[{"floor":1,"key":"LiquidBronze"},{"floor":13,"key":"Block Potion"}],"is_trial":false,"path_per_floor":["M","?","?","$","M","R","?","R","T","R","E","R","M","M","R","B"],"character_chosen":"DEFECT","items_purchased":["Defragment"],"campfire_rested":2,"item_purchase_floors":[4],"current_hp_per_floor":[54,49,38,38,38,38,38,38,38,59,20,20,11,11,32,0],"gold":244,"neow_bonus":"RANDOM_COMMON_RELIC","is_prod":false,"is_daily":false,"chose_seed":false,"campfire_upgraded":3,"win_rate":0,"timestamp":1561112627,"path_taken":["M","?","?","$","M","R","?","R","T","R","E","R","?","M","R","BOSS"],"build_version":"2019-01-23","purchased_purges":1,"victory":false,"max_hp_per_floor":[71,71,71,71,71,71,71,71,71,71,71,71,71,71,71,71],"card_choices":[{"not_picked":["Reprogram","Leap"],"picked":"Lockon","floor":1},{"not_picked":["Go for the Eyes","Sunder"],"picked":"Capacitor","floor":5},{"not_picked":["Biased Cognition","Sweeping Beam"],"picked":"Reinforced Body","floor":11},{"not_picked":["Leap","Beam Cell","Reinforced Body"],"picked":"SKIP","floor":13},{"not_picked":["Sweeping Beam","Steam"],"picked":"Conserve Battery","floor":14}],"player_experience":635301,"relics_obtained":[{"floor":9,"key":"Bag of Marbles"},{"floor":11,"key":"Tiny Chest"}],"event_choices":[{"damage_healed":0,"gold_gain":0,"player_choice":"Success","damage_taken":5,"relics_obtained":["Ice Cream"],"max_hp_gain":0,"max_hp_loss":0,"event_name":"Scrap Ooze","floor":2,"gold_loss":0},{"damage_healed":0,"gold_gain":75,"player_choice":"Gather Gold","damage_taken":11,"max_hp_gain":0,"max_hp_loss":0,"event_name":"World of Goop","floor":3,"gold_loss":0},{"damage_healed":0,"gold_gain":50,"player_choice":"Pray","damage_taken":0,"max_hp_gain":0,"max_hp_loss":0,"event_name":"Golden Shrine","floor":7,"gold_loss":0}],"is_beta":false,"boss_relics":[],"items_purged_floors":[4],"is_endless":false,"potions_floor_spawned":[1,13],"killed_by":"Hexaghost","ascension_level":20}