{"gold_per_floor":[113,113,63,78,78,78,97,97,97,25,359,359],"floor_reached":12,"playtime":3095,"items_purged":[],"score":76,"play_id":"e32ba09b-d5e5-4547-8cf3-5c0db6035e08","local_time":"20190518000610","is_ascension_mode":false,"campfire_choices":[{"floor":6,"key":"REST"},{"data":"Chaos","floor":8,"key":"SMITH"}],"neow_cost":"NONE","seed_source_timestamp":1757215893190523,"circlet_count":0,"master_deck":["Strike_B","Strike_B","Strike_B","Defend_B","Defend_B","Defend_B","Zap","Dualcast","Amplify","Stack","Undo","Chaos+1","Streamline","Capacitor","Capacitor"],"relics":["Cracked Core","Bronze Scales","Old Coin"],"potions_floor_usage":[],"damage_taken":[{"damage":10,"enemies":"Jaw Worm","floor":1,"turns":4},{"damage":8,"enemies":"Small Slimes","floor":4,"turns":4},{"damage":2,"enemies":"2 Louse","floor":7,"turns":2},{"damage":55,"enemies":"Gremlin Nob","floor":11,"turns":5},{"damage":32,"enemies":"Gremlin Gang","floor":12,"turns":3}],"seed_played":"6161193809271415132","potions_obtained":[{"floor":1,"key":"SkillPotion"},{"floor":4,"key":"AttackPotion"}],"is_trial":false,"path_per_floor":["M","?","?","M","?","R","M","R","T","$","E","M"],"character_chosen":"DEFECT","items_purchased":["Capacitor"],"campfire_rested":1,"item_purchase_floors":[10],"current_hp_per_floor":[65,65,65,57,62,80,78,78,78,78,23,0],"gold":359,"neow_bonus":"ONE_RANDOM_RARE_CARD","is_prod":false,"is_daily":false,"chose_seed":false,"campfire_upgraded":1,"win_rate":0.0,"timestamp":1558152370,"path_taken":["M","?","?","M","?","R","M","R","T","?","E","?"],"build_version":"2019-01-23","purchased_purges":0,"victory":false,"max_hp_per_floor":[75,75,75,75,80,80,80,80,80,80,80,80],"card_choices":[{"not_picked":["Tempest","Sweeping Beam"],"picked":"Stack","floor":1},{"not_picked":["Steam","Reprogram"],"picked":"Chaos","floor":4},{"not_picked":["Rebound","Turbo"],"picked":"Streamline","floor":7},{"not_picked":["Beam Cell","Reprogram"],"picked":"Capacitor","floor":11}],"player_experience":842883,"relics_obtained":[{"floor":9,"key":"Bronze Scales"},{"floor":11,"key":"Old Coin"}],"event_choices":[{"damage_healed":0,"gold_gain":0,"cards_transformed":["Strike_B"],"player_choice":"Change","damage_taken":0,"max_hp_gain":0,"max_hp_loss":0,"event_name":"Living Wall","floor":2,"gold_loss":0,"cards_obtained":["Undo"]},{"cards_removed":["Defend_B"],"damage_healed":0,"gold_gain":0,"player_choice":"Card Removal","damage_taken":0,"max_hp_gain":0,"max_hp_loss":0,"event_name":"The Cleric","floor":3,"gold_loss":50},{"damage_healed":0,"gold_gain":0,"player_choice":"Donut","damage_taken":0,"max_hp_gain":5,"max_hp_loss":0,"event_name":"Big Fish","floor":5,"gold_loss":0}],"is_beta":false,"boss_relics":[],"items_purged_floors":[],"is_endless":false,"potions_floor_spawned":[1,4],"killed_by":"Gremlin Gang","ascension_level":0}