{"gold_per_floor":[14,14,14,34,47,47,82,82,155,155,166,177,177,177,177,249,249,265,285,0,0,0,0,16,29,53,53,66,96,96,96],"floor_reached":31,"playtime":1326,"items_purged":[],"score":510,"play_id":"e84839e8-2e94-4283-ad29-e7719145c5a7","local_time":"20190627182336","is_ascension_mode":true,"campfire_choices":[{"data":"Perfected Strike","floor":6.0,"key":"SMITH"},{"data":"Shockwave","floor":8.0,"key":"SMITH"},{"data":"Shrug It Off","floor":10.0,"key":"SMITH"},{"floor":13.0,"key":"REST"},{"data":"Defend_R","floor":15.0,"key":"SMITH"},{"floor":23.0,"key":"REST"},{"floor":27.0,"key":"REST"}],"neow_cost":"NO_GOLD","seed_source_timestamp":181818145807709,"circlet_count":0,"master_deck":["AscendersBane","Strike_R","Strike_R","Strike_R","Strike_R","Defend_R+1","Defend_R+1","Defend_R+1","Defend_R","Bash","Shrug It Off+1","Shockwave+1","Perfected Strike+1","Twin Strike","Whirlwind+1","Impervious","Thunderclap+1","Reckless Charge+1","Perfected Strike+1","Berserk","Ghostly","Ghostly","Ghostly"],"special_seed":0,"relics":["Burning Blood","Calipers","War Paint","Molten Egg 2","Lizard Tail","Juzu Bracelet","Orichalcum","Smiling Mask"],"potions_floor_usage":[28,28],"damage_taken":[{"damage":18.0,"enemies":"Jaw Worm","floor":1.0,"turns":6.0},{"damage":6.0,"enemies":"Cultist","floor":4.0,"turns":3.0},{"damage":7.0,"enemies":"2 Louse","floor":5.0,"turns":4.0},{"damage":45.0,"enemies":"Gremlin Nob","floor":7.0,"turns":5.0},{"damage":8.0,"enemies":"Looter","floor":11.0,"turns":3.0},{"damage":7.0,"enemies":"2 Fungi Beasts","floor":12.0,"turns":4.0},{"damage":25.0,"enemies":"The Guardian","floor":16.0,"turns":12.0},{"damage":8.0,"enemies":"3 Byrds","floor":18.0,"turns":8.0},{"damage":56.0,"enemies":"Chosen","floor":19.0,"turns":9.0},{"damage":13.0,"enemies":"Centurion and Healer","floor":24.0,"turns":9.0},{"damage":34.0,"enemies":"Snecko","floor":25.0,"turns":7.0},{"damage":17,"enemies":"Cultist and Chosen","floor":28,"turns":7},{"damage":34,"enemies":"Gremlin Leader","floor":29,"turns":7},{"damage":48,"enemies":"Book of Stabbing","floor":31,"turns":5}],"seed_played":"-1075987478529937894","potions_obtained":[{"floor":4.0,"key":"SteroidPotion"},{"floor":7.0,"key":"PowerPotion"},{"floor":12.0,"key":"Fire Potion"},{"floor":19.0,"key":"Regen Potion"},{"floor":24.0,"key":"Explosive Potion"},{"floor":25.0,"key":"Ancient Potion"}],"is_trial":false,"path_per_floor":["M","?","$","M","M","R","E","R","T","R","M","M","R","?","R","B",null,"M","M","?","?","T","R","M","M","T","R","M","E","?","E"],"character_chosen":"IRONCLAD","items_purchased":[],"campfire_rested":3,"item_purchase_floors":[],"current_hp_per_floor":[56,56,56,56,55,55,16,16,16,16,14,13,35,35,35,16,60,58,8,8,8,8,30,38,10,10,32,21,37,37,0],"gold":96,"neow_bonus":"ONE_RARE_RELIC","is_prod":false,"is_daily":false,"chose_seed":false,"campfire_upgraded":4,"win_rate":0,"timestamp":1561652616,"path_taken":["M","?","?","M","M","R","E","R","T","R","?","M","R","?","R","BOSS","M","M","?","?","?","R","M","M","T","R","M","E","?","E"],"build_version":"2019-01-23","purchased_purges":0,"victory":false,"max_hp_per_floor":[75,75,75,75,75,75,75,75,75,75,75,75,75,75,75,75,75,75,75,75,75,75,75,75,75,75,75,75,75,37,37],"card_choices":[{"not_picked":["Cleave","Havoc"],"picked":"Shrug It Off","floor":1.0},{"not_picked":["Rupture","Warcry"],"picked":"Shockwave","floor":4.0},{"not_picked":["Battle Trance","Clash"],"picked":"Perfected Strike","floor":5.0},{"not_picked":["Sentinel","True Grit"],"picked":"Twin Strike","floor":7.0},{"not_picked":["Corruption","Inflame","Warcry"],"picked":"SKIP","floor":11.0},{"not_picked":["Clothesline+1","Burning Pact"],"picked":"Whirlwind+1","floor":12.0},{"not_picked":["Immolate+1","Berserk"],"picked":"Impervious","floor":16.0},{"not_picked":["Inflame","Dropkick+1","Body Slam+1"],"picked":"SKIP","floor":18.0},{"not_picked":["Feel No Pain","Flex"],"picked":"Thunderclap+1","floor":19.0},{"not_picked":["Wild Strike+1","Shockwave","Sentinel"],"picked":"SKIP","floor":24.0},{"not_picked":["Metallicize","Cleave+1"],"picked":"Reckless Charge+1","floor":25.0},{"not_picked":["Twin Strike+1","Blood for Blood+1"],"picked":"Perfected Strike+1","floor":28},{"not_picked":["Sentinel","Shrug It Off"],"picked":"Berserk","floor":29}],"player_experience":671012,"relics_obtained":[{"floor":7.0,"key":"War Paint"},{"floor":9.0,"key":"Molten Egg 2"},{"floor":22.0,"key":"Juzu Bracelet"},{"floor":26.0,"key":"Orichalcum"},{"floor":29,"key":"Smiling Mask"}],"event_choices":[{"cards_removed":["Strike_R"],"damage_healed":0.0,"max_hp_gain":0.0,"max_hp_loss":0.0,"gold_gain":0.0,"event_name":"Purifier","player_choice":"Purged","floor":2.0,"gold_loss":0.0,"damage_taken":0.0},{"damage_healed":0.0,"max_hp_gain":0.0,"max_hp_loss":0.0,"gold_gain":0.0,"event_name":"Golden Wing","player_choice":"Ignored","floor":14.0,"gold_loss":0.0,"damage_taken":0.0},{"damage_healed":0.0,"max_hp_gain":0.0,"max_hp_loss":0.0,"gold_gain":0.0,"event_name":"Masked Bandits","player_choice":"Paid Fearfully","floor":20.0,"gold_loss":285.0,"damage_taken":0.0},{"damage_healed":0.0,"max_hp_gain":0.0,"max_hp_loss":0.0,"gold_gain":0.0,"event_name":"Cursed Tome","player_choice":"Ignored","floor":21.0,"gold_loss":0.0,"damage_taken":0.0},{"damage_healed":0,"gold_gain":0,"player_choice":"Became a Ghost","damage_taken":0,"max_hp_gain":0,"max_hp_loss":38,"event_name":"Ghosts","floor":30,"gold_loss":0,"cards_obtained":["Ghostly","Ghostly","Ghostly"]}],"is_beta":false,"boss_relics":[{"not_picked":["Astrolabe","Pandora\u0027s Box"],"picked":"Lizard Tail"}],"items_purged_floors":[],"is_endless":false,"potions_floor_spawned":[4,7,12,19,24,25],"killed_by":"Book of Stabbing","ascension_level":20}