{"gold_per_floor":[363,374,103,103,103,103,129,129,152,181,181,216,216,248,248,348,348,364,196,286,301,301,301,301],"floor_reached":24,"playtime":773,"items_purged":[],"score":373,"play_id":"f9dbe90c-d512-4c37-a583-0551e748828f","local_time":"20190509210157","is_ascension_mode":true,"campfire_choices":[{"data":"Streamline","floor":6.0,"key":"SMITH"},{"data":"Zap","floor":8.0,"key":"SMITH"},{"data":"Sweeping Beam","floor":13.0,"key":"SMITH"},{"data":"Barrage","floor":15,"key":"SMITH"},{"floor":23,"key":"REST"}],"neow_cost":"TEN_PERCENT_HP_LOSS","seed_source_timestamp":1938140129706876,"circlet_count":0,"master_deck":["AscendersBane","Strike_B","Strike_B","Defend_B","Defend_B","Defend_B","Defend_B","Zap+1","Dualcast","Cold Snap","Cold Snap","Chill","Streamline+1","Sweeping Beam+1","Barrage+1","Creative AI","Barrage","Coolheaded"],"special_seed":0,"relics":["Cracked Core","Membership Card","Pen Nib","Omamori","Odd Mushroom","Boot","Peace Pipe","Inserter","Thread and Needle"],"potions_floor_usage":[14,24],"damage_taken":[{"damage":0.0,"enemies":"2 Louse","floor":1.0,"turns":2.0},{"damage":6.0,"enemies":"Small Slimes","floor":2.0,"turns":3.0},{"damage":22.0,"enemies":"Gremlin Nob","floor":7.0,"turns":4.0},{"damage":1.0,"enemies":"The Mushroom Lair","floor":10.0,"turns":3.0},{"damage":2.0,"enemies":"Lagavulin","floor":12.0,"turns":5.0},{"damage":0,"enemies":"3 Sentries","floor":14,"turns":5},{"damage":2,"enemies":"Hexaghost","floor":16,"turns":9},{"damage":5,"enemies":"Chosen","floor":18,"turns":3},{"damage":14,"enemies":"Spheric Guardian","floor":21,"turns":4},{"damage":50,"enemies":"Book of Stabbing","floor":24,"turns":5}],"seed_played":"6505521124191805601","potions_obtained":[{"floor":1.0,"key":"GamblersBrew"},{"floor":7.0,"key":"Fire Potion"},{"floor":21,"key":"SpeedPotion"}],"is_trial":false,"path_per_floor":["M","M","$","?","?","R","E","R","T","?","?","E","R","E","R","B",null,"M","$","?","M","?","R","E"],"character_chosen":"DEFECT","items_purchased":["Membership Card","Chill","Streamline","Coolheaded","Thread and Needle"],"campfire_rested":1,"item_purchase_floors":[3,3,3,19,19],"current_hp_per_floor":[68,62,62,55,55,55,33,33,33,32,32,30,30,30,30,28,58,53,53,41,27,27,47,0],"gold":301,"neow_bonus":"TWO_FIFTY_GOLD","is_prod":false,"is_daily":false,"chose_seed":false,"campfire_upgraded":4,"win_rate":0,"timestamp":1557428517,"path_taken":["M","M","$","?","?","R","E","R","T","?","?","E","R","E","R","BOSS","M","$","?","?","?","R","E"],"build_version":"2019-01-23","purchased_purges":0,"victory":false,"max_hp_per_floor":[68,68,68,68,68,68,68,68,68,68,68,68,68,68,68,68,68,68,68,68,68,68,68,68],"card_choices":[{"not_picked":["Static Discharge","Heatsinks"],"picked":"Cold Snap","floor":1.0},{"not_picked":["Sunder","Rebound"],"picked":"Cold Snap","floor":2.0},{"not_picked":["Leap","Force Field","Darkness"],"picked":"SKIP","floor":7.0},{"not_picked":["Gash","White Noise"],"picked":"Sweeping Beam","floor":10.0},{"not_picked":["Reprogram","Storm","Skim"],"picked":"SKIP","floor":12.0},{"not_picked":["Leap","Beam Cell"],"picked":"Barrage","floor":14},{"not_picked":["Reboot","Amplify"],"picked":"Creative AI","floor":16},{"not_picked":["Melter","Steam"],"picked":"Barrage","floor":18},{"not_picked":["Cold Snap","Compile Driver","Rebound"],"picked":"SKIP","floor":21}],"player_experience":286963,"relics_obtained":[{"floor":7.0,"key":"Pen Nib"},{"floor":9.0,"key":"Omamori"},{"floor":10.0,"key":"Odd Mushroom"},{"floor":12.0,"key":"Boot"},{"floor":14,"key":"Peace Pipe"}],"event_choices":[{"cards_removed":["Strike_B"],"damage_healed":0.0,"max_hp_gain":0.0,"max_hp_loss":0.0,"gold_gain":0.0,"event_name":"Golden Wing","player_choice":"Card Removal","floor":4.0,"gold_loss":0.0,"damage_taken":7.0},{"damage_healed":0.0,"max_hp_gain":0.0,"max_hp_loss":0.0,"gold_gain":0.0,"event_name":"Liars Game","player_choice":"Ignored","floor":5.0,"gold_loss":0.0,"damage_taken":0.0},{"damage_healed":0.0,"max_hp_gain":0.0,"max_hp_loss":0.0,"gold_gain":0.0,"event_name":"Mushrooms","player_choice":"Fought Mushrooms","floor":10.0,"gold_loss":0.0,"damage_taken":0.0},{"cards_removed":["Strike_B"],"damage_healed":0.0,"max_hp_gain":0.0,"max_hp_loss":0.0,"gold_gain":0.0,"event_name":"Living Wall","player_choice":"Forget","floor":11.0,"gold_loss":0.0,"damage_taken":0.0},{"damage_healed":0,"gold_gain":90,"player_choice":"GOLD ","damage_taken":12,"max_hp_gain":0,"max_hp_loss":0,"event_name":"Knowing Skull","floor":20,"potions_obtained":[],"gold_loss":0,"cards_obtained":[]},{"damage_healed":0,"gold_gain":0,"player_choice":"Ignored","damage_taken":0,"max_hp_gain":0,"max_hp_loss":0,"event_name":"Ghosts","floor":22,"gold_loss":0}],"is_beta":false,"boss_relics":[{"not_picked":["Runic Dome","Snecko Eye"],"picked":"Inserter"}],"items_purged_floors":[],"is_endless":false,"potions_floor_spawned":[1,7,21],"killed_by":"Book of Stabbing","ascension_level":12}