{"gold_per_floor":[117,137,87,104,104,104,132,158,188,217,217,244,255,255,255,357,357,372,372,52,65,83,118,135,160,183,183,212,212,112,126,126,227,227,237,146,146,146,161,188,188,288,288,323,377,390,214,225,225,225,225,225,52,79,79],"floor_reached":55,"playtime":3440,"items_purged":["Shame","Decay","Strike_R","Strike_R"],"score":1076,"play_id":"9d587995-8bfe-45f1-ab2f-609611074cc7","local_time":"20190515172619","is_ascension_mode":true,"campfire_choices":[{"data":"Metallicize","floor":6.0,"key":"SMITH"},{"floor":11.0,"key":"REST"},{"floor":15.0,"key":"REST"},{"floor":27.0,"key":"REST"},{"data":"Juggernaut","floor":32.0,"key":"SMITH"},{"data":"Warcry","floor":41.0,"key":"SMITH"},{"floor":49.0,"key":"RECALL"},{"data":"Juggernaut","floor":52.0,"key":"SMITH"}],"neow_cost":"NONE","seed_source_timestamp":0,"circlet_count":0,"master_deck":["Strike_R","Strike_R","Defend_R","Defend_R","Defend_R","Bash","Metallicize+1","Spot Weakness","Shockwave","Iron Wave","Cleave","Dual Wield","Twin Strike","Warcry+1","Juggernaut+1","Heavy Blade+1","Iron Wave","Thunderclap","Bloodletting","Intimidate+1","Thunderclap","Warcry+1","Juggernaut+1","Iron Wave+1","Dark Shackles","Flash of Steel","Reaper","Offering","Iron Wave","Heavy Blade","Impervious"],"special_seed":0,"relics":["Burning Blood","Ornamental Fan","Darkstone Periapt","Odd Mushroom","Tiny Chest","Thread and Needle","Dream Catcher","Sozu","Bag of Preparation","Brimstone","Question Card","Bottled Tornado","Ancient Tea Set","Anchor","Black Star","Art of War","Blood Vial","Ice Cream","Oddly Smooth Stone","Centennial Puzzle","Mango","Mummified Hand","Sundial"],"potions_floor_usage":[],"damage_taken":[{"damage":7.0,"enemies":"2 Louse","floor":1.0,"turns":3.0},{"damage":12.0,"enemies":"Jaw Worm","floor":2.0,"turns":4.0},{"damage":7.0,"enemies":"Small Slimes","floor":4.0,"turns":5.0},{"damage":34.0,"enemies":"3 Sentries","floor":7.0,"turns":8.0},{"damage":22.0,"enemies":"The Mushroom Lair","floor":8.0,"turns":6.0},{"damage":22.0,"enemies":"Gremlin Nob","floor":10.0,"turns":5.0},{"damage":16.0,"enemies":"3 Sentries","floor":12.0,"turns":8.0},{"damage":4.0,"enemies":"2 Fungi Beasts","floor":13.0,"turns":6.0},{"damage":22.0,"enemies":"Slime Boss","floor":16.0,"turns":9.0},{"damage":8.0,"enemies":"Shell Parasite","floor":18.0,"turns":6.0},{"damage":12.0,"enemies":"Spheric Guardian","floor":21.0,"turns":4.0},{"damage":7.0,"enemies":"Snecko","floor":22.0,"turns":4.0},{"damage":23.0,"enemies":"Book of Stabbing","floor":23.0,"turns":3.0},{"damage":13.0,"enemies":"Snake Plant","floor":24.0,"turns":2.0},{"damage":18.0,"enemies":"Gremlin Leader","floor":25.0,"turns":3.0},{"damage":16.0,"enemies":"Book of Stabbing","floor":28.0,"turns":4.0},{"damage":3.0,"enemies":"Cultist and Chosen","floor":31.0,"turns":4.0},{"damage":6.0,"enemies":"Champ","floor":33.0,"turns":7.0},{"damage":3.0,"enemies":"Orb Walker","floor":35.0,"turns":2.0},{"damage":4.0,"enemies":"3 Shapes","floor":39.0,"turns":3.0},{"damage":0.0,"enemies":"Nemesis","floor":40.0,"turns":5.0},{"damage":0.0,"enemies":"Mind Bloom Boss Battle","floor":42.0,"turns":3.0},{"damage":46.0,"enemies":"Giant Head","floor":44.0,"turns":7.0},{"damage":14.0,"enemies":"2 Orb Walkers","floor":45.0,"turns":4.0},{"damage":4.0,"enemies":"Writhing Mass","floor":46.0,"turns":4.0},{"damage":9.0,"enemies":"3 Darklings","floor":48.0,"turns":3.0},{"damage":24.0,"enemies":"Donu and Deca","floor":50.0,"turns":5.0},{"damage":60,"enemies":"Shield and Spear","floor":54,"turns":5},{"damage":64,"enemies":"The Heart","floor":55,"turns":6}],"seed_played":"-2712105077823096121","potions_obtained":[{"floor":4.0,"key":"PowerPotion"},{"floor":8.0,"key":"FearPotion"},{"floor":12.0,"key":"FearPotion"},{"floor":13.0,"key":"Fire Potion"}],"is_trial":false,"path_per_floor":["M","M","?","M","?","R","E","?","T","E","R","E","M","?","R","B",null,"M","?","$","M","M","E","M","E","T","R","E","?","$","M","R","B",null,"M","$","?","?","M","E","R","?","T","E","?","M","$","M","R","B",null,"R","$","E","B"],"character_chosen":"IRONCLAD","items_purchased":["Brimstone","Iron Wave","Dark Shackles","Iron Wave","Heavy Blade"],"campfire_rested":3,"item_purchase_floors":[20,20,36,47,53],"current_hp_per_floor":[87,81,81,80,80,80,52,36,36,20,46,36,38,31,57,41,76,74,80,80,74,73,56,49,37,37,65,55,61,61,64,64,64,91,94,94,94,94,96,100,100,100,100,60,86,101,101,100,100,84,107,107,107,55,0],"gold":79,"neow_bonus":"TEN_PERCENT_HP_BONUS","is_prod":false,"is_daily":false,"chose_seed":false,"campfire_upgraded":4,"win_rate":0,"timestamp":1557966379,"path_taken":["M","M","?","M","?","R","E","?","T","E","R","E","M","?","R","BOSS","M","?","$","M","M","E","M","E","T","R","E","?","$","M","R","BOSS","M","$","?","?","M","E","R","?","T","E","?","M","$","M","R","BOSS","R","$","E","BOSS"],"build_version":"2019-01-23","purchased_purges":4,"victory":false,"max_hp_per_floor":[88,88,88,88,88,88,88,88,88,88,88,88,88,88,88,88,88,88,94,94,94,94,94,94,94,94,94,94,100,100,100,100,100,100,100,100,100,100,100,100,100,100,100,100,114,114,114,114,114,114,114,114,114,114,114],"card_choices":[{"not_picked":["Armaments","Searing Blow"],"picked":"Metallicize","floor":1.0},{"not_picked":["Infernal Blade","Flex","Blood for Blood"],"picked":"SKIP","floor":2.0},{"not_picked":["Clothesline","Wild Strike"],"picked":"Spot Weakness","floor":4.0},{"not_picked":["Anger","Dropkick"],"picked":"Shockwave","floor":7.0},{"not_picked":["Havoc","Flex"],"picked":"Iron Wave","floor":8.0},{"not_picked":["Body Slam","Dual Wield"],"picked":"Cleave","floor":10.0},{"not_picked":["Clothesline","Corruption"],"picked":"Dual Wield","floor":12.0},{"not_picked":["Evolve","Dropkick"],"picked":"Twin Strike","floor":13.0},{"not_picked":["Power Through","Body Slam"],"picked":"Warcry","floor":15.0},{"not_picked":["Fiend Fire","Limit Break"],"picked":"Juggernaut","floor":16.0},{"not_picked":["Sword Boomerang","Shrug It Off+1"],"picked":"Heavy Blade+1","floor":18.0},{"not_picked":["Sever Soul","Evolve+1"],"picked":"Thunderclap","floor":21.0},{"not_picked":["Sword Boomerang","Havoc","Thunderclap"],"picked":"SKIP","floor":22.0},{"not_picked":["Havoc","True Grit","Second Wind"],"picked":"SKIP","floor":23.0},{"not_picked":["Headbutt","Wild Strike","Cleave"],"picked":"Bloodletting","floor":24.0},{"not_picked":["True Grit","Corruption","Dual Wield+1"],"picked":"Intimidate+1","floor":25.0},{"not_picked":["Clash+1","Anger","Shrug It Off"],"picked":"Thunderclap","floor":27.0},{"not_picked":["Sever Soul","Whirlwind+1","Immolate"],"picked":"Warcry+1","floor":28.0},{"not_picked":["Corruption","Uppercut","Clothesline","Twin Strike"],"picked":"SKIP","floor":31.0},{"not_picked":["Brutality","Berserk","Offering"],"picked":"Juggernaut","floor":33.0},{"not_picked":["Armaments+1","Warcry+1","Shrug It Off"],"picked":"Iron Wave+1","floor":35.0},{"not_picked":["Jack Of All Trades","PanicButton","Finesse"],"picked":"Flash of Steel","floor":38.0},{"not_picked":["Rampage+1","Shrug It Off+1","Blood for Blood","Ghostly Armor+1"],"picked":"SKIP","floor":39.0},{"not_picked":["Warcry","Wild Strike","Bloodletting+1","Clash"],"picked":"SKIP","floor":40.0},{"not_picked":["Whirlwind+1","Reckless Charge+1","Spot Weakness"],"picked":"Reaper","floor":44.0},{"not_picked":["Rampage","Heavy Blade+1","Burning Pact+1"],"picked":"Offering","floor":46.0},{"not_picked":["Rampage","Clothesline+1","Cleave+1","Havoc"],"picked":"SKIP","floor":48.0},{"not_picked":["Perfected Strike","Uppercut","Clothesline"],"picked":"Impervious","floor":54}],"player_experience":308065,"relics_obtained":[{"floor":7.0,"key":"Darkstone Periapt"},{"floor":8.0,"key":"Odd Mushroom"},{"floor":9.0,"key":"Tiny Chest"},{"floor":10.0,"key":"Thread and Needle"},{"floor":12.0,"key":"Dream Catcher"},{"floor":23.0,"key":"Question Card"},{"floor":25.0,"key":"Bottled Tornado"},{"floor":26.0,"key":"Ancient Tea Set"},{"floor":28.0,"key":"Anchor"},{"floor":40.0,"key":"Art of War"},{"floor":40.0,"key":"Blood Vial"},{"floor":42.0,"key":"Ice Cream"},{"floor":44.0,"key":"Oddly Smooth Stone"},{"floor":44.0,"key":"Centennial Puzzle"},{"floor":45.0,"key":"Mango"},{"floor":54,"key":"Mummified Hand"},{"floor":54,"key":"Sundial"}],"event_choices":[{"cards_removed":["Strike_R"],"damage_healed":0.0,"max_hp_gain":0.0,"max_hp_loss":0.0,"gold_gain":0.0,"event_name":"The Cleric","player_choice":"Card Removal","floor":3.0,"gold_loss":50.0,"damage_taken":0.0},{"damage_healed":0.0,"max_hp_gain":0.0,"max_hp_loss":0.0,"gold_gain":0.0,"event_name":"Big Fish","player_choice":"Box","floor":5.0,"gold_loss":0.0,"damage_taken":0.0,"relics_obtained":["Ornamental Fan"],"cards_obtained":["Regret"]},{"damage_healed":0.0,"max_hp_gain":0.0,"max_hp_loss":0.0,"gold_gain":0.0,"event_name":"Mushrooms","player_choice":"Fought Mushrooms","floor":8.0,"gold_loss":0.0,"damage_taken":0.0},{"cards_removed":["Regret"],"damage_healed":0.0,"max_hp_gain":0.0,"max_hp_loss":0.0,"gold_gain":0.0,"event_name":"Golden Wing","player_choice":"Card Removal","floor":14.0,"gold_loss":0.0,"damage_taken":7.0},{"damage_healed":0.0,"max_hp_gain":0.0,"max_hp_loss":0.0,"gold_gain":0.0,"event_name":"Addict","player_choice":"Stole Relic","floor":19.0,"gold_loss":0.0,"damage_taken":0.0,"relics_obtained":["Bag of Preparation"],"cards_obtained":["Shame"]},{"damage_healed":0.0,"max_hp_gain":0.0,"max_hp_loss":0.0,"gold_gain":0.0,"event_name":"Forgotten Altar","player_choice":"Smashed Altar","floor":29.0,"gold_loss":0.0,"damage_taken":0.0,"cards_obtained":["Decay"]},{"cards_removed":["Defend_R"],"damage_healed":0.0,"max_hp_gain":0.0,"max_hp_loss":0.0,"gold_gain":0.0,"event_name":"Falling","player_choice":"Removed Skill","floor":37.0,"gold_loss":0.0,"damage_taken":0.0},{"damage_healed":0.0,"max_hp_gain":0.0,"max_hp_loss":0.0,"gold_gain":0.0,"event_name":"SensoryStone","player_choice":"Memory 1","floor":38.0,"gold_loss":0.0,"damage_taken":0.0},{"damage_healed":0.0,"max_hp_gain":0.0,"max_hp_loss":0.0,"gold_gain":0.0,"event_name":"MindBloom","player_choice":"Fight","floor":42.0,"gold_loss":0.0,"damage_taken":0.0},{"damage_healed":0.0,"max_hp_gain":0.0,"max_hp_loss":0.0,"gold_gain":0.0,"event_name":"Mysterious Sphere","player_choice":"Fight","floor":45.0,"gold_loss":0.0,"damage_taken":0.0}],"is_beta":false,"boss_relics":[{"not_picked":["Lizard Tail","Coffee Dripper"],"picked":"Sozu"},{"not_picked":["White Beast Statue","Fusion Hammer"],"picked":"Black Star"}],"items_purged_floors":[20,30,47,53],"is_endless":false,"potions_floor_spawned":[4,8,12,13,18,28,33,39,44,45,46],"killed_by":"The Heart","ascension_level":5}