{"gold_per_floor":[116,116,128,128,139,172,172,206,233,308,320,320,320,331,331,436],"floor_reached":16,"playtime":615,"items_purged":[],"score":224,"play_id":"b8acc649-8c24-4b1c-804d-fd3c83768c34","local_time":"20190617165807","is_ascension_mode":true,"campfire_choices":[{"floor":7,"key":"REST"},{"floor":13,"key":"REST"},{"data":"Uppercut","floor":15,"key":"SMITH"}],"neow_cost":"NONE","seed_source_timestamp":503129617927818,"circlet_count":0,"master_deck":["Strike_R+1","Strike_R","Strike_R","Strike_R+1","Strike_R","Defend_R+1","Defend_R","Defend_R+1","Defend_R","Bash","Twin Strike","Uppercut+1","Rupture","Shrug It Off","Havoc","True Grit","Wild Strike"],"relics":["Burning Blood","Bronze Scales","Bag of Preparation","War Paint","Vajra"],"potions_floor_usage":[6,8],"damage_taken":[{"damage":5,"enemies":"Small Slimes","floor":1,"turns":3},{"damage":2,"enemies":"Jaw Worm","floor":3,"turns":3},{"damage":1,"enemies":"2 Louse","floor":5,"turns":2},{"damage":16,"enemies":"3 Sentries","floor":6,"turns":7},{"damage":17,"enemies":"Lagavulin","floor":8,"turns":7},{"damage":7,"enemies":"Large Slime","floor":11,"turns":6},{"damage":1,"enemies":"Looter","floor":14,"turns":3},{"damage":43,"enemies":"The Guardian","floor":16,"turns":11}],"seed_played":"8019127593239256955","potions_obtained":[{"floor":0,"key":"SneckoOil"},{"floor":0,"key":"EssenceOfSteel"},{"floor":0,"key":"FearPotion"},{"floor":3,"key":"FearPotion"},{"floor":6,"key":"Block Potion"},{"floor":11,"key":"FearPotion"}],"is_trial":false,"path_per_floor":["M","?","M","?","M","E","R","E","T","?","M","?","R","M","R","B"],"character_chosen":"IRONCLAD","items_purchased":[],"campfire_rested":2,"item_purchase_floors":[],"current_hp_per_floor":[73,57,61,43,48,38,62,51,51,40,39,39,63,68,68,31],"gold":436,"neow_bonus":"THREE_SMALL_POTIONS","is_prod":false,"is_daily":false,"chose_seed":false,"campfire_upgraded":1,"win_rate":0,"timestamp":1560808687,"path_taken":["M","?","M","?","M","E","R","E","T","?","M","?","R","M","R","BOSS"],"build_version":"2019-01-23","purchased_purges":0,"victory":false,"max_hp_per_floor":[80,80,80,80,80,80,80,80,80,80,80,80,80,80,80,80],"card_choices":[{"not_picked":["True Grit","Shrug It Off"],"picked":"Twin Strike","floor":1},{"not_picked":["Bloodletting","Cleave"],"picked":"Uppercut","floor":3},{"not_picked":["Sword Boomerang","Heavy Blade"],"picked":"Rupture","floor":5},{"not_picked":["Body Slam","Berserk"],"picked":"Shrug It Off","floor":6},{"not_picked":["Twin Strike","Power Through"],"picked":"Havoc","floor":8},{"not_picked":["Warcry","Thunderclap"],"picked":"True Grit","floor":11},{"not_picked":["Havoc","True Grit"],"picked":"Wild Strike","floor":14}],"player_experience":205911,"relics_obtained":[{"floor":6,"key":"Bag of Preparation"},{"floor":8,"key":"War Paint"},{"floor":9,"key":"Vajra"}],"event_choices":[{"damage_healed":0,"gold_gain":0,"player_choice":"Entered Light","damage_taken":16,"max_hp_gain":0,"max_hp_loss":0,"event_name":"Shining Light","floor":2,"gold_loss":0,"cards_upgraded":["Strike_R","Strike_R"]},{"damage_healed":0,"gold_gain":0,"player_choice":"Success","damage_taken":18,"relics_obtained":["Bronze Scales"],"max_hp_gain":0,"max_hp_loss":0,"event_name":"Scrap Ooze","floor":4,"gold_loss":0},{"damage_healed":0,"gold_gain":75,"player_choice":"Gather Gold","damage_taken":11,"max_hp_gain":0,"max_hp_loss":0,"event_name":"World of Goop","floor":10,"gold_loss":0},{"damage_healed":0,"gold_gain":0,"player_choice":"Ignored","damage_taken":0,"max_hp_gain":0,"max_hp_loss":0,"event_name":"Liars Game","floor":12,"gold_loss":0}],"is_beta":false,"boss_relics":[],"items_purged_floors":[],"is_endless":false,"potions_floor_spawned":[3,5,6,11],"killed_by":"The Guardian","ascension_level":8}