{"gold_per_floor":[216,229,70,70,90,90,102,129,129,141,141,175,175,185,185,285,285,301,301,315,326,160,160,179,179,209,209,228,263,263,113,113,113],"floor_reached":33,"playtime":1235,"items_purged":["Strike_B"],"score":532,"play_id":"83dc1990-c906-4c3a-9a7a-c63e558379be","local_time":"20190506002902","is_ascension_mode":true,"campfire_choices":[{"data":"Defragment","floor":6.0,"key":"SMITH"},{"floor":11.0,"key":"REST"},{"floor":15.0,"key":"REST"},{"data":"Apotheosis","floor":23.0,"key":"SMITH"},{"data":"Fission","floor":25.0,"key":"SMITH"},{"floor":32.0,"key":"REST"}],"neow_cost":"NONE","seed_source_timestamp":1604478263699711,"circlet_count":0,"master_deck":["AscendersBane","Defend_B","Defend_B","Defend_B","Zap","Defragment+1","Genetic Algorithm","Loop","Ball Lightning","Sweeping Beam","Conserve Battery","Conserve Battery","Core Surge","Fission+1","Bite","Bite","Bite","Bite","Bite","Chill+1","Apotheosis+1","Self Repair+1","Darkness","Echo Form+1"],"special_seed":0,"relics":["Cracked Core","Singing Bowl","Bottled Flame","Gremlin Horn","Frozen Egg 2","Inserter","Tiny Chest","Letter Opener","Bag of Preparation"],"potions_floor_usage":[33],"damage_taken":[{"damage":0.0,"enemies":"Cultist","floor":1.0,"turns":4.0},{"damage":13.0,"enemies":"Small Slimes","floor":2.0,"turns":3.0},{"damage":1.0,"enemies":"2 Louse","floor":5.0,"turns":3.0},{"damage":14.0,"enemies":"Looter","floor":7.0,"turns":3.0},{"damage":25.0,"enemies":"3 Sentries","floor":8.0,"turns":5.0},{"damage":10.0,"enemies":"Exordium Thugs","floor":10.0,"turns":4.0},{"damage":2.0,"enemies":"Lagavulin","floor":12.0,"turns":7.0},{"damage":0.0,"enemies":"3 Louse","floor":14.0,"turns":2.0},{"damage":0.0,"enemies":"Slime Boss","floor":16.0,"turns":9.0},{"damage":23.0,"enemies":"Spheric Guardian","floor":18.0,"turns":5.0},{"damage":13.0,"enemies":"3 Byrds","floor":20.0,"turns":6.0},{"damage":16.0,"enemies":"Snecko","floor":21.0,"turns":5.0},{"damage":28.0,"enemies":"Snake Plant","floor":24.0,"turns":6.0},{"damage":0.0,"enemies":"Centurion and Healer","floor":28.0,"turns":7.0},{"damage":44.0,"enemies":"Gremlin Leader","floor":29.0,"turns":7.0},{"damage":59,"enemies":"Automaton","floor":33,"turns":6}],"seed_played":"6905254757411567647","potions_obtained":[{"floor":1.0,"key":"PowerPotion"},{"floor":5.0,"key":"Strength Potion"},{"floor":8.0,"key":"Dexterity Potion"},{"floor":14.0,"key":"Dexterity Potion"},{"floor":20.0,"key":"Ancient Potion"},{"floor":21.0,"key":"Ancient Potion"}],"is_trial":false,"path_per_floor":["M","M","$","?","M","R","M","E","T","M","R","E","?","M","R","B",null,"M","?","M","M","$","R","M","R","T","$","M","E","?","$","R","B"],"character_chosen":"DEFECT","items_purchased":["Loop","Ball Lightning","Apotheosis","Bag of Preparation"],"campfire_rested":3,"item_purchase_floors":[3,3,22,31],"current_hp_per_floor":[68,55,55,55,54,54,40,17,17,7,30,28,3,5,28,28,66,45,45,50,48,48,48,42,42,42,42,62,18,18,18,36,0],"gold":113,"neow_bonus":"HUNDRED_GOLD","is_prod":false,"is_daily":false,"chose_seed":false,"campfire_upgraded":3,"win_rate":0,"timestamp":1557095342,"path_taken":["M","?","?","?","M","R","M","E","T","M","R","E","?","M","R","BOSS","M","?","M","M","$","R","M","R","T","?","M","E","?","$","R","BOSS"],"build_version":"2019-01-23","purchased_purges":1,"victory":false,"max_hp_per_floor":[75,75,75,75,75,75,75,77,77,77,77,77,77,79,79,79,79,81,56,56,58,58,58,60,60,60,60,62,62,62,62,62,62],"card_choices":[{"not_picked":["Barrage","Rip and Tear"],"picked":"Defragment","floor":1.0},{"not_picked":["Compile Driver","Stack"],"picked":"Genetic Algorithm","floor":2.0},{"not_picked":["Streamline","Leap"],"picked":"Sweeping Beam","floor":5.0},{"not_picked":["Compile Driver","Storm"],"picked":"Conserve Battery","floor":7.0},{"not_picked":["Conserve Battery","Hello World","Darkness"],"picked":"Singing Bowl","floor":8.0},{"not_picked":["Gash","Coolheaded"],"picked":"Conserve Battery","floor":10.0},{"not_picked":["Beam Cell","Gash"],"picked":"Core Surge","floor":12.0},{"not_picked":["Compile Driver","Stack","Lockon"],"picked":"Singing Bowl","floor":14.0},{"not_picked":["Amplify","All For One"],"picked":"Fission","floor":16.0},{"not_picked":["Leap","Redo","Conserve Battery"],"picked":"Singing Bowl","floor":18.0},{"not_picked":["Streamline","Sweeping Beam"],"picked":"Chill+1","floor":20.0},{"not_picked":["Stack","Doom and Gloom+1","Storm+1"],"picked":"Singing Bowl","floor":21.0},{"not_picked":["Compile Driver","Gash+1","Rip and Tear"],"picked":"Singing Bowl","floor":24.0},{"not_picked":["Steam Power","Compile Driver","Static Discharge+1"],"picked":"Singing Bowl","floor":28.0},{"not_picked":["White Noise","Skim"],"picked":"Self Repair+1","floor":29.0}],"player_experience":254686,"relics_obtained":[{"floor":8.0,"key":"Singing Bowl"},{"floor":9.0,"key":"Bottled Flame"},{"floor":12.0,"key":"Gremlin Horn"},{"floor":26.0,"key":"Tiny Chest"},{"floor":29.0,"key":"Letter Opener"}],"event_choices":[{"damage_healed":0.0,"max_hp_gain":0.0,"max_hp_loss":0.0,"gold_gain":0.0,"event_name":"Liars Game","player_choice":"Ignored","floor":4.0,"gold_loss":0.0,"damage_taken":0.0},{"damage_healed":0.0,"max_hp_gain":0.0,"max_hp_loss":0.0,"gold_gain":0.0,"event_name":"Scrap Ooze","player_choice":"Success","floor":13.0,"gold_loss":0.0,"damage_taken":25.0,"relics_obtained":["Frozen Egg 2"]},{"damage_healed":0.0,"max_hp_gain":0.0,"max_hp_loss":25.0,"gold_gain":0.0,"event_name":"Vampires","player_choice":"Became a vampire","floor":19.0,"gold_loss":0.0,"damage_taken":0.0,"cards_obtained":["Bite","Bite","Bite","Bite","Bite"]},{"damage_healed":0.0,"max_hp_gain":0.0,"max_hp_loss":0.0,"gold_gain":0.0,"cards_transformed":["Dualcast","Defend_B"],"event_name":"Drug Dealer","player_choice":"Became Test Subject","floor":30.0,"gold_loss":0.0,"damage_taken":0.0,"cards_obtained":["Darkness","Echo Form"]}],"is_beta":false,"boss_relics":[{"not_picked":["Tiny House","Pandora\u0027s Box"],"picked":"Inserter"}],"items_purged_floors":[3],"is_endless":false,"potions_floor_spawned":[1,5,8,14,20,21],"killed_by":"Automaton","ascension_level":11}