{"gold_per_floor":[115,184,184,109,109,144,164,64,111,139,154,164,164,200,200,328,328,343,343,343,363,20,54,54,9,32,57,77,77,102,143,143,264,264,288,288,313,326,9,53,72,72,72,0,33,58,79,103,103,103,103,103,67,103,103],"floor_reached":56,"playtime":4209,"items_purged":["Pain","Strike_G"],"score":1419,"play_id":"f0cd076f-52a9-4c89-86b4-e7b03a63fe1e","local_time":"20190307010648","is_ascension_mode":true,"campfire_choices":[{"data":"Backflip","floor":15.0,"key":"SMITH"},{"data":"Blur","floor":24,"key":"SMITH"},{"data":"Dodge and Roll","floor":29,"key":"SMITH"},{"data":"Dash","floor":32,"key":"SMITH"},{"data":"Venomology","floor":42,"key":"SMITH"},{"floor":49,"key":"RECALL"},{"data":"Cloak And Dagger","floor":52,"key":"SMITH"}],"neow_cost":"CURSE","seed_source_timestamp":434988916591185,"circlet_count":0,"master_deck":["Survivor","Neutralize","Predator","Noxious Fumes","Dagger Spray+1","Backflip+1","Dash+1","Backstab","Terror","Malaise","Poisoned Stab","Venomology+1","Deflect","Blur+1","A Thousand Cuts","Backstab","Tools of the Trade","Quick Slash+1","Footwork+1","Dagger Spray+1","Dodge and Roll+1","Backflip","Footwork+1","Noxious Fumes","Underhanded Strike+1","Cloak And Dagger+1","Caltrops+1","Well Laid Plans"],"special_seed":0,"relics":["Ring of the Snake","Nunchaku","Matryoshka","FaceOfCleric","Dodecahedron","Strawberry","Bag of Preparation","Bronze Scales","Golden Idol","Pear","Pandora\u0027s Box","Pocketwatch","Mercury Hourglass","Blood Vial","Lantern","Ice Cream","Runic Dome","Mummified Hand","Gambling Chip","Red Mask","Oddly Smooth Stone","Whetstone"],"potions_floor_usage":[18,21,27,28,30,31,33,35,35,37,40,40,41,45,47,48,50,54,55,55,55,55],"damage_taken":[{"damage":4.0,"enemies":"Cultist","floor":1.0,"turns":3.0},{"damage":24.0,"enemies":"3 Sentries","floor":6.0,"turns":10.0},{"damage":1.0,"enemies":"Jaw Worm","floor":7.0,"turns":5.0},{"damage":26.0,"enemies":"Lagavulin","floor":10.0,"turns":7.0},{"damage":0.0,"enemies":"2 Louse","floor":11.0,"turns":2.0},{"damage":0.0,"enemies":"Red Slaver","floor":12.0,"turns":3.0},{"damage":10.0,"enemies":"Gremlin Nob","floor":14.0,"turns":4.0},{"damage":14.0,"enemies":"Hexaghost","floor":16.0,"turns":9.0},{"damage":0,"enemies":"2 Thieves","floor":18,"turns":3},{"damage":0,"enemies":"3 Byrds","floor":21,"turns":3},{"damage":0,"enemies":"Book of Stabbing","floor":23,"turns":5},{"damage":0,"enemies":"Snecko","floor":27,"turns":5},{"damage":0,"enemies":"Sentry and Sphere","floor":28,"turns":6},{"damage":0,"enemies":"Shelled Parasite and Fungi","floor":30,"turns":6},{"damage":0,"enemies":"Slavers","floor":31,"turns":4},{"damage":10,"enemies":"Collector","floor":33,"turns":7},{"damage":0,"enemies":"Orb Walker","floor":35,"turns":2},{"damage":0,"enemies":"3 Darklings","floor":37,"turns":2},{"damage":7,"enemies":"Sphere and 2 Shapes","floor":38,"turns":4},{"damage":0,"enemies":"Giant Head","floor":40,"turns":10},{"damage":14,"enemies":"Jaw Worm Horde","floor":41,"turns":4},{"damage":15,"enemies":"Reptomancer","floor":45,"turns":8},{"damage":0,"enemies":"Maw","floor":46,"turns":6},{"damage":0,"enemies":"4 Shapes","floor":47,"turns":4},{"damage":0,"enemies":"3 Darklings","floor":48,"turns":3},{"damage":6,"enemies":"Awakened One","floor":50,"turns":18},{"damage":0,"enemies":"Shield and Spear","floor":54,"turns":5},{"damage":32,"enemies":"The Heart","floor":55,"turns":7}],"seed_played":"-234356692709254769","potions_obtained":[{"floor":6.0,"key":"Fire Potion"},{"floor":7.0,"key":"Strength Potion"},{"floor":10.0,"key":"AttackPotion"},{"floor":18,"key":"GhostInAJar"},{"floor":28,"key":"SkillPotion"},{"floor":31,"key":"Strength Potion"},{"floor":37,"key":"Dexterity Potion"},{"floor":40,"key":"Fruit Juice"},{"floor":54,"key":"Ancient Potion"}],"is_trial":false,"path_per_floor":["M","T","?","$","?","E","M","$","T","E","M","M","?","E","R","B",null,"M","?","$","M","$","E","R","$","T","M","M","R","M","E","R","B",null,"M","?","M","M","$","E","M","R","T","?","E","M","M","M","R","B",null,"R","$","E","B",null],"character_chosen":"THE_SILENT","items_purchased":["Dodge and Roll","Pocketwatch","Backflip","Mummified Hand","Noxious Fumes","Well Laid Plans"],"campfire_rested":0,"item_purchase_floors":[22,22,25,39,39,53],"current_hp_per_floor":[66,66,71,71,71,48,48,48,55,30,31,32,32,33,33,20,93,94,94,94,95,95,96,96,96,96,97,98,98,99,100,100,91,101,102,102,103,97,97,105,94,94,94,94,97,100,103,106,106,103,116,116,116,117,86],"gold":103,"neow_bonus":"ONE_RARE_RELIC","is_prod":false,"is_daily":false,"chose_seed":false,"campfire_upgraded":6,"win_rate":0,"timestamp":1551917208,"path_taken":["M","?","?","$","?","E","?","$","T","E","M","M","?","E","R","BOSS","M","?","$","M","$","E","R","?","T","M","M","R","?","E","R","BOSS","M","?","M","M","$","E","?","R","T","?","E","M","M","M","R","BOSS","R","$","E","BOSS"],"build_version":"2019-01-23","purchased_purges":2,"victory":true,"max_hp_per_floor":[70,70,75,75,75,76,77,77,84,85,86,87,81,92,92,93,93,94,94,94,95,95,96,96,96,96,97,98,98,99,100,100,101,101,102,102,103,104,104,110,111,111,111,111,112,113,114,115,115,116,116,116,116,117,118],"card_choices":[{"not_picked":["Dodge and Roll","Prepared"],"picked":"Predator","floor":1.0},{"not_picked":["PiercingWail","Underhanded Strike"],"picked":"Noxious Fumes","floor":6.0},{"not_picked":["Accuracy","Underhanded Strike"],"picked":"Dagger Spray","floor":7.0},{"not_picked":["Well Laid Plans","Unload"],"picked":"Backflip","floor":10.0},{"not_picked":["Slice","Sucker Punch"],"picked":"Dash","floor":11.0},{"not_picked":["Reflex","Deadly Poison"],"picked":"Backstab","floor":12.0},{"not_picked":["Deflect","Quick Slash"],"picked":"Terror","floor":14.0},{"not_picked":["Burst","Unload"],"picked":"Malaise","floor":16.0},{"not_picked":["Masterful Stab","Flying Knee"],"picked":"Dagger Spray+1","floor":18},{"not_picked":["Riddle With Holes+1","Sucker Punch","Poisoned Stab"],"picked":"SKIP","floor":21},{"not_picked":["Terror","Finisher+1","Caltrops"],"picked":"SKIP","floor":23},{"not_picked":["Quick Slash+1","Flying Knee+1","Outmaneuver"],"picked":"SKIP","floor":27},{"not_picked":["Quick Slash","PiercingWail","Heel Hook"],"picked":"SKIP","floor":28},{"not_picked":["Dodge and Roll","Bane","Outmaneuver"],"picked":"SKIP","floor":30},{"not_picked":["Acrobatics","Heel Hook+1","Dagger Spray"],"picked":"SKIP","floor":31},{"not_picked":["Deflect","All Out Attack","Backflip"],"picked":"SKIP","floor":35},{"not_picked":["Deadly Poison+1","Dagger Throw+1","Heel Hook"],"picked":"SKIP","floor":37},{"not_picked":["Bouncing Flask","Glass Knife","Endless Agony+1"],"picked":"SKIP","floor":38},{"not_picked":["Bouncing Flask","Heel Hook+1","Quick Slash+1"],"picked":"SKIP","floor":40},{"not_picked":["Well Laid Plans+1","Dash+1"],"picked":"Underhanded Strike+1","floor":41},{"not_picked":["Riddle With Holes+1","Cloak And Dagger","Noxious Fumes+1"],"picked":"SKIP","floor":45},{"not_picked":["Riddle With Holes+1","Noxious Fumes+1"],"picked":"Cloak And Dagger","floor":45},{"not_picked":["Dash+1","Acrobatics+1","Terror"],"picked":"SKIP","floor":46},{"not_picked":["Underhanded Strike","Bane"],"picked":"Caltrops+1","floor":47},{"not_picked":["Underhanded Strike","Deadly Poison","Bane+1"],"picked":"SKIP","floor":48},{"not_picked":["Glass Knife","Eviscerate","PiercingWail+1"],"picked":"SKIP","floor":54}],"player_experience":22438,"relics_obtained":[{"floor":2.0,"key":"Matryoshka"},{"floor":6.0,"key":"Dodecahedron"},{"floor":9.0,"key":"Strawberry"},{"floor":9.0,"key":"Bag of Preparation"},{"floor":10.0,"key":"Bronze Scales"},{"floor":14.0,"key":"Pear"},{"floor":23,"key":"Mercury Hourglass"},{"floor":26,"key":"Blood Vial"},{"floor":26,"key":"Lantern"},{"floor":31,"key":"Ice Cream"},{"floor":40,"key":"Gambling Chip"},{"floor":45,"key":"Oddly Smooth Stone"},{"floor":54,"key":"Whetstone"}],"event_choices":[{"damage_healed":0.0,"max_hp_gain":5.0,"max_hp_loss":0.0,"gold_gain":0.0,"event_name":"Big Fish","player_choice":"Donut","floor":3.0,"gold_loss":0.0,"damage_taken":0.0},{"damage_healed":0.0,"max_hp_gain":0.0,"max_hp_loss":0.0,"gold_gain":0.0,"event_name":"FaceTrader","player_choice":"Trade","floor":5.0,"gold_loss":0.0,"damage_taken":0.0,"relics_obtained":["FaceOfCleric"]},{"damage_healed":0.0,"max_hp_gain":0.0,"max_hp_loss":6.0,"gold_gain":0.0,"event_name":"Golden Idol","player_choice":"Lose Max HP","floor":13.0,"gold_loss":0.0,"damage_taken":0.0,"relics_obtained":["Golden Idol"]},{"damage_healed":0,"gold_gain":0,"player_choice":"Upgraded","damage_taken":0,"max_hp_gain":0,"max_hp_loss":0,"event_name":"Upgrade Shrine","floor":19,"gold_loss":0,"cards_upgraded":["Footwork"]},{"damage_healed":0,"gold_gain":0,"player_choice":"Copied","damage_taken":0,"max_hp_gain":0,"max_hp_loss":0,"event_name":"Duplicator","floor":36,"gold_loss":0,"cards_obtained":["Footwork"]},{"damage_healed":0,"gold_gain":0,"player_choice":"Paid","damage_taken":0,"relics_obtained":["Red Mask"],"max_hp_gain":0,"max_hp_loss":0,"event_name":"Tomb of Lord Red Mask","floor":44,"gold_loss":72}],"is_beta":false,"boss_relics":[{"not_picked":["Calling Bell","Black Star"],"picked":"Pandora\u0027s Box"},{"not_picked":["Orrery","HoveringKite"],"picked":"Runic Dome"}],"items_purged_floors":[4,8],"is_endless":false,"potions_floor_spawned":[6,7,10,18,27,28,31,33,37,40,46,48,54],"ascension_level":1}