{"gold_per_floor":[113,113,113,132,13,40,40,40,40,54,29,29,48,79,79,184,184,195,209,134,134,28,28,55,71,124,124],"floor_reached":27,"playtime":43402,"items_purged":[],"score":289,"play_id":"d3c222c0-2c41-40d8-a993-3bf1115903f4","local_time":"20190519102333","is_ascension_mode":false,"campfire_choices":[{"data":"Conserve Battery","floor":7,"key":"SMITH"},{"floor":15,"key":"REST"},{"data":"Fission","floor":23,"key":"SMITH"}],"neow_cost":"NONE","seed_source_timestamp":1839810870177801,"circlet_count":0,"master_deck":["Defend_B","Defend_B","Defend_B","Zap","Dualcast","Conserve Battery+1","BootSequence","Redo","Coolheaded+1","Rebound","Leap+1","Static Discharge","Fission+1","Force Field+1","Sweeping Beam+1","Reinforced Body+1","Doom and Gloom","Doom and Gloom","Bite","Bite","Bite","Bite","Bite","Glacier","Blizzard","Sunder","Steam"],"relics":["Cracked Core","NeowsBlessing","Pantograph","Shuriken","WarpedTongs","Ice Cream","Question Card","Astrolabe","Bronze Scales","War Paint"],"potions_floor_usage":[16,16],"damage_taken":[{"damage":0,"enemies":"2 Louse","floor":1,"turns":1},{"damage":0,"enemies":"Jaw Worm","floor":4,"turns":1},{"damage":0,"enemies":"Gremlin Nob","floor":6,"turns":1},{"damage":7,"enemies":"Cultist","floor":10,"turns":3},{"damage":3,"enemies":"Large Slime","floor":13,"turns":4},{"damage":17,"enemies":"3 Sentries","floor":14,"turns":6},{"damage":47,"enemies":"Slime Boss","floor":16,"turns":10},{"damage":11,"enemies":"3 Byrds","floor":18,"turns":5},{"damage":18,"enemies":"Chosen","floor":19,"turns":4},{"damage":39,"enemies":"Book of Stabbing","floor":24,"turns":8},{"damage":13,"enemies":"3 Cultists","floor":25,"turns":5},{"damage":5,"enemies":"Colosseum Slavers","floor":27,"turns":5},{"damage":13,"enemies":"Colosseum Nobs","floor":27,"turns":3}],"seed_played":"-7856775187833786656","potions_obtained":[{"floor":1,"key":"SneckoOil"},{"floor":6,"key":"Regen Potion"},{"floor":10,"key":"Strength Potion"},{"floor":19,"key":"GamblersBrew"}],"is_trial":false,"path_per_floor":["M","?","?","M","$","E","R","?","T","M","$","?","M","E","R","B",null,"M","M","?","?","$","R","E","M","T","?"],"character_chosen":"DEFECT","items_purchased":["BootSequence","Redo","Leap","Glacier","Blizzard"],"campfire_rested":1,"item_purchase_floors":[5,5,11,22,22],"current_hp_per_floor":[75,75,68,68,68,68,68,68,68,61,61,61,58,41,63,43,75,64,46,46,46,46,46,21,15,15,0],"gold":124,"neow_bonus":"THREE_ENEMY_KILL","is_prod":false,"is_daily":false,"chose_seed":false,"campfire_upgraded":2,"win_rate":0.0,"timestamp":1558275813,"path_taken":["M","?","?","?","$","E","R","?","T","M","?","?","M","E","R","BOSS","M","M","?","?","$","R","E","M","T","?"],"build_version":"2019-01-23","purchased_purges":0,"victory":false,"max_hp_per_floor":[75,75,75,75,75,75,75,75,75,75,75,75,75,75,75,75,75,75,75,75,52,52,52,52,52,52,52],"card_choices":[{"not_picked":["Hello World","Go for the Eyes"],"picked":"Conserve Battery","floor":1},{"not_picked":["Barrage","Chill"],"picked":"Gash","floor":4},{"not_picked":["Steam Power","Reprogram"],"picked":"Coolheaded","floor":6},{"not_picked":["Redo","Stack"],"picked":"Rebound","floor":10},{"not_picked":["Barrage","Consume","Stack"],"picked":"SKIP","floor":13},{"not_picked":["Double Energy","Meteor Strike"],"picked":"Static Discharge","floor":14},{"not_picked":["Multi-Cast","All For One","Machine Learning"],"picked":"Fission","floor":16},{"not_picked":["Barrage+1","Leap","Hologram"],"picked":"Doom and Gloom","floor":18},{"not_picked":["Reprogram","Conserve Battery","Ball Lightning"],"picked":"Doom and Gloom","floor":19},{"not_picked":["Doom and Gloom","Cold Snap","Steam"],"picked":"Sunder","floor":24},{"not_picked":["Barrage+1","Sweeping Beam","Conserve Battery"],"picked":"Steam","floor":25}],"player_experience":845978,"relics_obtained":[{"floor":6,"key":"Shuriken"},{"floor":9,"key":"Ice Cream"},{"floor":14,"key":"Question Card"},{"floor":24,"key":"Bronze Scales"},{"floor":26,"key":"War Paint"}],"event_choices":[{"damage_healed":0,"gold_gain":0,"player_choice":"Box","damage_taken":0,"relics_obtained":["Pantograph"],"max_hp_gain":0,"max_hp_loss":0,"event_name":"Big Fish","floor":2,"gold_loss":0,"cards_obtained":["Regret"]},{"cards_removed":["Regret"],"damage_healed":0,"gold_gain":0,"player_choice":"Card Removal","damage_taken":7,"max_hp_gain":0,"max_hp_loss":0,"event_name":"Golden Wing","floor":3,"gold_loss":0},{"damage_healed":0,"gold_gain":0,"player_choice":"Rummage","damage_taken":0,"relics_obtained":["WarpedTongs"],"max_hp_gain":0,"max_hp_loss":0,"event_name":"Accursed Blacksmith","floor":8,"gold_loss":0,"cards_obtained":["Pain"]},{"damage_healed":0,"gold_gain":0,"player_choice":"Leave","damage_taken":0,"max_hp_gain":0,"max_hp_loss":0,"event_name":"The Cleric","floor":12,"gold_loss":0},{"cards_removed":["Pain"],"damage_healed":0,"gold_gain":0,"player_choice":"Gave Gold","damage_taken":0,"max_hp_gain":0,"max_hp_loss":0,"event_name":"Beggar","floor":20,"gold_loss":75},{"damage_healed":0,"gold_gain":0,"player_choice":"Became a vampire","damage_taken":0,"max_hp_gain":0,"max_hp_loss":23,"event_name":"Vampires","floor":21,"gold_loss":0,"cards_obtained":["Bite","Bite","Bite","Bite","Bite"]},{"damage_healed":0,"gold_gain":0,"player_choice":"Fight","damage_taken":0,"max_hp_gain":0,"max_hp_loss":0,"event_name":"Colosseum","floor":27,"gold_loss":0},{"damage_healed":0,"gold_gain":0,"player_choice":"Fought Nobs","damage_taken":0,"max_hp_gain":0,"max_hp_loss":0,"event_name":"Colosseum","floor":27,"gold_loss":0}],"is_beta":false,"boss_relics":[{"not_picked":["Philosopher\u0027s Stone","Runic Pyramid"],"picked":"Astrolabe"}],"items_purged_floors":[],"is_endless":false,"potions_floor_spawned":[1,6,10,19],"killed_by":"Colosseum Nobs","ascension_level":0}