{"gold_per_floor":[113,113,213,232,67,92,92,127,196,215,274,290,306,318,318,397,397,417,417],"floor_reached":19,"playtime":745,"items_purged":[],"score":433,"play_id":"167785d0-bfd3-40c0-be2f-0b376537115c","local_time":"20190606222332","is_ascension_mode":true,"campfire_choices":[{"data":"Perfected Strike","floor":7,"key":"SMITH"},{"data":"Bash","floor":15,"key":"SMITH"}],"neow_cost":"NONE","seed_source_timestamp":169158895184145,"circlet_count":0,"master_deck":["AscendersBane","Strike_R","Strike_R","Strike_R","Strike_R","Defend_R","Defend_R","Defend_R","Defend_R","Bash+1","Cleave","Perfected Strike+1","Wild Strike","Metallicize","Feed","Shrug It Off","True Grit","Double Tap","Power Through+1"],"relics":["Burning Blood","NeowsBlessing","Red Skull","Smiling Mask","Lantern","Pear","Nunchaku","Coffee Dripper"],"potions_floor_usage":[12,16,19,19],"damage_taken":[{"damage":0,"enemies":"Small Slimes","floor":1,"turns":1},{"damage":0,"enemies":"Jaw Worm","floor":4,"turns":1},{"damage":0,"enemies":"3 Sentries","floor":6,"turns":1},{"damage":32,"enemies":"Gremlin Nob","floor":8,"turns":4},{"damage":3,"enemies":"Cultist","floor":10,"turns":3},{"damage":30,"enemies":"3 Sentries","floor":11,"turns":6},{"damage":0,"enemies":"Blue Slaver","floor":12,"turns":2},{"damage":7,"enemies":"3 Louse","floor":13,"turns":4},{"damage":3,"enemies":"Looter","floor":14,"turns":3},{"damage":32,"enemies":"The Guardian","floor":16,"turns":10},{"damage":11,"enemies":"2 Thieves","floor":18,"turns":4},{"damage":10,"enemies":"Colosseum Slavers","floor":19,"turns":7},{"damage":80,"enemies":"Colosseum Nobs","floor":19,"turns":6}],"seed_played":"-8148420539109323842","potions_obtained":[{"floor":1,"key":"LiquidBronze"},{"floor":11,"key":"Explosive Potion"},{"floor":12,"key":"Swift Potion"},{"floor":16,"key":"Explosive Potion"}],"is_trial":false,"path_per_floor":["M","?","?","M","$","E","R","E","T","M","?","M","M","M","R","B",null,"M","?"],"character_chosen":"IRONCLAD","items_purchased":["Red Skull"],"campfire_rested":0,"item_purchase_floors":[5],"current_hp_per_floor":[74,74,74,75,75,75,75,49,59,62,38,47,49,55,55,29,78,73,0],"gold":417,"neow_bonus":"THREE_ENEMY_KILL","is_prod":false,"is_daily":false,"chose_seed":false,"campfire_upgraded":2,"win_rate":0,"timestamp":1559852612,"path_taken":["M","?","?","?","$","E","R","E","T","M","?","M","M","M","R","BOSS","M","?"],"build_version":"2019-01-23","purchased_purges":0,"victory":false,"max_hp_per_floor":[75,75,75,75,75,75,75,75,85,85,85,88,91,94,94,94,94,94,97],"card_choices":[{"not_picked":["Second Wind","Warcry"],"picked":"Cleave","floor":1},{"not_picked":["Bloodletting","Flex"],"picked":"Perfected Strike","floor":4},{"not_picked":["Searing Blow","Carnage"],"picked":"Wild Strike","floor":6},{"not_picked":["Heavy Blade","Rupture"],"picked":"Metallicize","floor":8},{"not_picked":["Body Slam","Sword Boomerang","Dropkick"],"picked":"SKIP","floor":10},{"not_picked":["Pummel","Warcry"],"picked":"Feed","floor":11},{"not_picked":["Armaments","Fire Breathing"],"picked":"Shrug It Off","floor":12},{"not_picked":["Dropkick","Cleave"],"picked":"True Grit","floor":13},{"not_picked":["True Grit","Clothesline","Clash"],"picked":"SKIP","floor":14},{"not_picked":["Demon Form","Immolate"],"picked":"Double Tap","floor":16},{"not_picked":["Infernal Blade","Iron Wave"],"picked":"Power Through+1","floor":18}],"player_experience":527508,"relics_obtained":[{"floor":6,"key":"Smiling Mask"},{"floor":8,"key":"Lantern"},{"floor":9,"key":"Pear"},{"floor":11,"key":"Nunchaku"}],"event_choices":[{"cards_removed":["Strike_R"],"damage_healed":0,"gold_gain":0,"player_choice":"Forget","damage_taken":0,"max_hp_gain":0,"max_hp_loss":0,"event_name":"Living Wall","floor":2,"gold_loss":0},{"damage_healed":0,"gold_gain":100,"player_choice":"Gold","damage_taken":0,"max_hp_gain":0,"max_hp_loss":0,"event_name":"Wheel of Change","floor":3,"gold_loss":0},{"damage_healed":0,"gold_gain":30,"player_choice":"Searched \u00272\u0027 times","damage_taken":0,"max_hp_gain":0,"max_hp_loss":0,"event_name":"Dead Adventurer","floor":11,"gold_loss":0},{"damage_healed":0,"gold_gain":0,"player_choice":"Fight","damage_taken":0,"max_hp_gain":0,"max_hp_loss":0,"event_name":"Colosseum","floor":19,"gold_loss":0},{"damage_healed":0,"gold_gain":0,"player_choice":"Fought Nobs","damage_taken":0,"max_hp_gain":0,"max_hp_loss":0,"event_name":"Colosseum","floor":19,"gold_loss":0}],"is_beta":false,"boss_relics":[{"not_picked":["Pandora\u0027s Box","Runic Pyramid"],"picked":"Coffee Dripper"}],"items_purged_floors":[],"is_endless":false,"potions_floor_spawned":[1,11,12,13,16,18],"killed_by":"Colosseum Nobs","ascension_level":20}