{"gold_per_floor":[19,37,37,47,12,45,120,133,203,235,255,40,40,40,40,40],"floor_reached":16,"playtime":395,"items_purged":["Strike_B"],"score":220,"play_id":"3055c403-cd21-41f0-9141-fce7f120b63d","local_time":"20190517185658","is_ascension_mode":true,"campfire_choices":[{"data":"Fusion","floor":13,"key":"SMITH"},{"data":"Coolheaded","floor":15,"key":"SMITH"}],"neow_cost":"NO_GOLD","seed_source_timestamp":3982827710479,"circlet_count":0,"master_deck":["AscendersBane","Strike_B+1","Strike_B","Strike_B","Defend_B","Defend_B","Defend_B","Defend_B","Zap","Dualcast+1","Ball Lightning","Reinforced Body","Cold Snap","FTL","Coolheaded+1","Echo Form","Compile Driver","Fusion+1"],"relics":["Cracked Core","Incense Burner","Unceasing Top","Question Card","Bag of Marbles","Dodecahedron"],"potions_floor_usage":[6,10,16,16],"damage_taken":[{"damage":1,"enemies":"2 Louse","floor":1,"turns":3},{"damage":12,"enemies":"Jaw Worm","floor":2,"turns":3},{"damage":0,"enemies":"Small Slimes","floor":4,"turns":2},{"damage":5,"enemies":"Lagavulin","floor":6,"turns":5},{"damage":5,"enemies":"2 Fungi Beasts","floor":8,"turns":3},{"damage":17,"enemies":"Gremlin Nob","floor":10,"turns":4},{"damage":0,"enemies":"Large Slime","floor":11,"turns":4},{"damage":10,"enemies":"Hexaghost","floor":16,"turns":9}],"seed_played":"-775720218660098516","potions_obtained":[{"floor":2,"key":"Block Potion"},{"floor":4,"key":"GamblersBrew"},{"floor":8,"key":"Dexterity Potion"}],"is_trial":false,"path_per_floor":["M","M","?","M","?","E","?","M","T","E","M","$","R","?","R","B"],"character_chosen":"DEFECT","items_purchased":["Fusion","Block Potion"],"campfire_rested":0,"item_purchase_floors":[12,12],"current_hp_per_floor":[63,51,30,30,47,42,31,26,26,9,9,9,9,9,9,0],"gold":40,"neow_bonus":"ONE_RARE_RELIC","is_prod":false,"is_daily":false,"chose_seed":false,"campfire_upgraded":2,"win_rate":0,"timestamp":1558112218,"path_taken":["M","M","?","M","?","E","?","M","T","E","M","$","R","?","R","BOSS"],"build_version":"2019-05-07","purchased_purges":1,"victory":false,"max_hp_per_floor":[71,71,71,71,71,71,71,71,71,71,71,71,71,71,71,71],"card_choices":[{"not_picked":["Compile Driver","Genetic Algorithm"],"picked":"Ball Lightning","floor":1},{"not_picked":["Leap","Recycle"],"picked":"Reinforced Body","floor":2},{"not_picked":["Doom and Gloom","Steam"],"picked":"Cold Snap","floor":4},{"not_picked":["Redo","Gash"],"picked":"FTL","floor":6},{"not_picked":["Stack","Leap"],"picked":"Coolheaded","floor":8},{"not_picked":["Ball Lightning","Gash","Barrage"],"picked":"Echo Form","floor":10},{"not_picked":["Blizzard","Leap","Conserve Battery"],"picked":"Compile Driver","floor":11}],"player_experience":1550830,"relics_obtained":[{"floor":6,"key":"Unceasing Top"},{"floor":9,"key":"Question Card"},{"floor":10,"key":"Bag of Marbles"}],"event_choices":[{"damage_healed":0,"gold_gain":0,"player_choice":"Entered Light","damage_taken":21,"max_hp_gain":0,"max_hp_loss":0,"event_name":"Shining Light","floor":3,"gold_loss":0,"cards_upgraded":["Dualcast","Strike_B"]},{"damage_healed":17,"gold_gain":0,"player_choice":"Healed","damage_taken":0,"max_hp_gain":0,"max_hp_loss":0,"event_name":"The Cleric","floor":5,"gold_loss":35},{"damage_healed":0,"gold_gain":75,"player_choice":"Gather Gold","damage_taken":11,"max_hp_gain":0,"max_hp_loss":0,"event_name":"World of Goop","floor":7,"gold_loss":0},{"damage_healed":0,"gold_gain":0,"player_choice":"Searched \u00271\u0027 times","damage_taken":0,"relics_obtained":["Dodecahedron"],"max_hp_gain":0,"max_hp_loss":0,"event_name":"Dead Adventurer","floor":14,"gold_loss":0}],"is_beta":true,"boss_relics":[],"items_purged_floors":[12],"is_endless":false,"potions_floor_spawned":[2,4,8],"killed_by":"Hexaghost","ascension_level":20}