{"gold_per_floor":[118,41,41,41,55,88,88,121,121,46,46,75,86,112,112,217,217,231,246,263,263,282,282,314,314,363,363,379,394,421,72,72,174,174,189,189,206,223,223,223,71,71,71,71,96,108,135,149,149,149,149,149,51,77,77],"floor_reached":56,"playtime":3593,"items_purged":["Strike_R","Strike_R","Strike_R"],"score":1633,"play_id":"b654c224-df03-4fc6-8a19-f61681a7047d","local_time":"20190312181551","is_ascension_mode":true,"campfire_choices":[{"floor":7.0,"key":"DIG"},{"floor":11.0,"key":"REST"},{"data":"Body Slam","floor":15.0,"key":"SMITH"},{"floor":23.0,"key":"DIG"},{"floor":27.0,"key":"DIG"},{"floor":32,"key":"DIG"},{"floor":40,"key":"DIG"},{"floor":44,"key":"RECALL"},{"floor":49,"key":"DIG"},{"floor":52,"key":"DIG"}],"neow_cost":"NONE","seed_source_timestamp":3943980391226,"circlet_count":0,"master_deck":["Strike_R+1","Strike_R+1","Defend_R","Defend_R","Defend_R+1","Defend_R","Bash+1","Cleave","Offering","Body Slam+1","Entrench","Shrug It Off","Barricade","Battle Trance","Armaments+1","Body Slam+1","Shrug It Off+1","Metallicize+1","Metallicize"],"special_seed":0,"relics":["Burning Blood","GremlinMask","Shovel","Bronze Scales","Letter Opener","Calipers","Red Skull","Incense Burner","White Beast Statue","Lantern","Singing Bowl","Bird Faced Urn","Ancient Tea Set","Question Card","Dodecahedron","Mummified Hand","Whetstone","Coffee Dripper","Strawberry","Happy Flower","War Paint","Smiling Mask","Potion Belt","Orichalcum","Shuriken","Sundial"],"potions_floor_usage":[28,30,33,45,45,47,50,50,55,55,55,55],"damage_taken":[{"damage":0.0,"enemies":"2 Louse","floor":1.0,"turns":3.0},{"damage":6.0,"enemies":"Jaw Worm","floor":5.0,"turns":2.0},{"damage":26.0,"enemies":"3 Sentries","floor":6.0,"turns":8.0},{"damage":37.0,"enemies":"Lagavulin","floor":8.0,"turns":5.0},{"damage":22.0,"enemies":"3 Sentries","floor":12.0,"turns":4.0},{"damage":0.0,"enemies":"Cultist","floor":13.0,"turns":3.0},{"damage":16.0,"enemies":"Lagavulin","floor":14.0,"turns":7.0},{"damage":14.0,"enemies":"Slime Boss","floor":16.0,"turns":8.0},{"damage":28.0,"enemies":"Spheric Guardian","floor":18.0,"turns":8.0},{"damage":6.0,"enemies":"3 Byrds","floor":19.0,"turns":3.0},{"damage":24.0,"enemies":"Shelled Parasite and Fungi","floor":20.0,"turns":5.0},{"damage":21.0,"enemies":"Snake Plant","floor":22.0,"turns":4.0},{"damage":5.0,"enemies":"Book of Stabbing","floor":24.0,"turns":4.0},{"damage":6,"enemies":"3 Cultists","floor":28,"turns":6},{"damage":11,"enemies":"Snecko","floor":29,"turns":5},{"damage":14,"enemies":"Slavers","floor":30,"turns":4},{"damage":7,"enemies":"Automaton","floor":33,"turns":13},{"damage":0,"enemies":"Orb Walker","floor":35,"turns":4},{"damage":0,"enemies":"3 Darklings","floor":37,"turns":6},{"damage":6,"enemies":"Sphere and 2 Shapes","floor":38,"turns":3},{"damage":31,"enemies":"Reptomancer","floor":45,"turns":8},{"damage":0,"enemies":"Maw","floor":46,"turns":6},{"damage":6,"enemies":"Giant Head","floor":47,"turns":4},{"damage":18,"enemies":"Transient","floor":48,"turns":5},{"damage":64,"enemies":"Time Eater","floor":50,"turns":10},{"damage":7,"enemies":"Shield and Spear","floor":54,"turns":8},{"damage":91,"enemies":"The Heart","floor":55,"turns":8}],"seed_played":"-819196689974661442","potions_obtained":[{"floor":5.0,"key":"SteroidPotion"},{"floor":8.0,"key":"GamblersBrew"},{"floor":12.0,"key":"LiquidBronze"},{"floor":18.0,"key":"Explosive Potion"},{"floor":19.0,"key":"SpeedPotion"},{"floor":20.0,"key":"AttackPotion"},{"floor":22.0,"key":"Strength Potion"},{"floor":24.0,"key":"Regen Potion"},{"floor":28,"key":"GamblersBrew"},{"floor":29,"key":"Dexterity Potion"},{"floor":30,"key":"Weak Potion"},{"floor":33,"key":"Weak Potion"},{"floor":35,"key":"Regen Potion"},{"floor":42,"key":"Regen Potion"},{"floor":45,"key":"FearPotion"},{"floor":46,"key":"Swift Potion"},{"floor":47,"key":"GamblersBrew"},{"floor":48,"key":"GamblersBrew"},{"floor":54,"key":"Poison Potion"}],"is_trial":false,"path_per_floor":["M","$","?","?","M","E","R","E","T","$","R","E","M","E","R","B",null,"M","M","M","?","M","R","E","?","T","R","M","M","E","$","R","B",null,"M","?","M","M","?","R","$","?","T","R","E","M","E","M","R","B",null,"R","$","E","B",null],"character_chosen":"IRONCLAD","items_purchased":["Offering","Mummified Hand","War Paint","Dexterity Potion"],"campfire_rested":1,"item_purchase_floors":[2,31,41,53],"current_hp_per_floor":[80,80,80,80,80,60,60,29,29,29,53,37,43,33,33,25,80,58,58,40,40,25,25,28,28,28,28,47,44,38,38,38,41,88,90,100,100,102,109,109,109,109,109,109,111,113,115,107,107,53,117,117,117,117,34],"gold":77,"neow_bonus":"UPGRADE_CARD","is_prod":false,"is_daily":false,"chose_seed":false,"campfire_upgraded":1,"win_rate":0,"timestamp":1552410951,"path_taken":["M","$","?","?","?","E","R","E","T","$","R","E","M","E","R","BOSS","M","M","M","?","?","R","E","?","T","R","M","?","E","$","R","BOSS","M","?","?","M","?","R","?","?","T","R","E","?","E","M","R","BOSS","R","$","E","BOSS"],"build_version":"2019-01-23","purchased_purges":3,"victory":true,"max_hp_per_floor":[80,80,80,80,80,80,80,80,80,80,80,80,80,80,80,80,80,80,80,80,80,80,80,82,82,82,82,84,84,86,86,86,88,88,90,100,100,102,109,109,109,109,109,109,111,113,115,117,117,117,117,117,117,117,117],"card_choices":[{"not_picked":["Sword Boomerang","Flex"],"picked":"Cleave","floor":1.0},{"not_picked":["Heavy Blade","Flex","Fire Breathing"],"picked":"SKIP","floor":5.0},{"not_picked":["Warcry","True Grit"],"picked":"Offering","floor":6.0},{"not_picked":["Heavy Blade","Pommel Strike"],"picked":"Body Slam","floor":8.0},{"not_picked":["Warcry","Headbutt","Fire Breathing"],"picked":"SKIP","floor":12.0},{"not_picked":["Twin Strike","Double Tap"],"picked":"Entrench","floor":13.0},{"not_picked":["Warcry","Combust"],"picked":"Shrug It Off","floor":14.0},{"not_picked":["Bludgeon","Dark Embrace"],"picked":"Barricade","floor":16.0},{"not_picked":["Whirlwind","Sentinel"],"picked":"Battle Trance","floor":18.0},{"not_picked":["Headbutt","Iron Wave"],"picked":"Armaments+1","floor":19.0},{"not_picked":["Havoc","Flex","Rupture+1"],"picked":"SKIP","floor":20.0},{"not_picked":["Evolve+1","Bloodletting","Flex+1"],"picked":"SKIP","floor":22.0},{"not_picked":["Twin Strike","Blood for Blood","Second Wind"],"picked":"Singing Bowl","floor":24.0},{"not_picked":["Wild Strike","Clothesline","Body Slam","Clash"],"picked":"Singing Bowl","floor":28},{"not_picked":["Anger","Thunderclap","Flex"],"picked":"Shrug It Off","floor":29},{"not_picked":["Evolve","Dropkick+1","Uppercut","True Grit+1"],"picked":"Singing Bowl","floor":30},{"not_picked":["Bludgeon","Offering","Reaper","Brutality"],"picked":"Singing Bowl","floor":33},{"not_picked":["Armaments+1","Dropkick","Body Slam+1","Spot Weakness+1"],"picked":"Singing Bowl","floor":35},{"not_picked":["Flame Barrier+1","Burning Pact+1","Perfected Strike"],"picked":"Metallicize+1","floor":37},{"not_picked":["Twin Strike+1","Infernal Blade","Intimidate","Dual Wield"],"picked":"Singing Bowl","floor":38},{"not_picked":["Seeing Red","Headbutt","Sword Boomerang","Infernal Blade+1"],"picked":"Singing Bowl","floor":45},{"not_picked":["Clash","Shrug It Off","Headbutt+1","Shockwave+1"],"picked":"Singing Bowl","floor":46},{"not_picked":["Reaper","Thunderclap","True Grit+1","Evolve+1"],"picked":"Singing Bowl","floor":47},{"not_picked":["Pommel Strike","Rage","Warcry","True Grit+1"],"picked":"Singing Bowl","floor":48},{"not_picked":["Headbutt","Flex","Warcry+1"],"picked":"Metallicize","floor":54}],"player_experience":66454,"relics_obtained":[{"floor":6.0,"key":"Shovel"},{"floor":7.0,"key":"Bronze Scales"},{"floor":8.0,"key":"Letter Opener"},{"floor":9.0,"key":"Calipers"},{"floor":12.0,"key":"Red Skull"},{"floor":14.0,"key":"Incense Burner"},{"floor":23.0,"key":"Lantern"},{"floor":24.0,"key":"Singing Bowl"},{"floor":25.0,"key":"Bird Faced Urn"},{"floor":26.0,"key":"Ancient Tea Set"},{"floor":27.0,"key":"Question Card"},{"floor":30,"key":"Dodecahedron"},{"floor":32,"key":"Whetstone"},{"floor":39,"key":"Strawberry"},{"floor":40,"key":"Happy Flower"},{"floor":45,"key":"Smiling Mask"},{"floor":47,"key":"Potion Belt"},{"floor":49,"key":"Orichalcum"},{"floor":52,"key":"Shuriken"},{"floor":54,"key":"Sundial"}],"event_choices":[{"damage_healed":0.0,"max_hp_gain":0.0,"max_hp_loss":0.0,"gold_gain":0.0,"event_name":"Liars Game","player_choice":"Ignored","floor":3.0,"gold_loss":0.0,"damage_taken":0.0},{"damage_healed":0.0,"max_hp_gain":0.0,"max_hp_loss":0.0,"gold_gain":0.0,"event_name":"FaceTrader","player_choice":"Trade","floor":4.0,"gold_loss":0.0,"damage_taken":0.0,"relics_obtained":["GremlinMask"]},{"damage_healed":0.0,"max_hp_gain":0.0,"max_hp_loss":0.0,"gold_gain":0.0,"event_name":"Duplicator","player_choice":"Copied","floor":21.0,"gold_loss":0.0,"damage_taken":0.0,"cards_obtained":["Body Slam"]},{"damage_healed":0.0,"max_hp_gain":0.0,"max_hp_loss":0.0,"gold_gain":0.0,"event_name":"Wheel of Change","player_choice":"Relic","floor":25.0,"gold_loss":0.0,"damage_taken":0.0},{"cards_removed":["Offering"],"damage_healed":0,"gold_gain":0,"player_choice":"Offered Rare","damage_taken":0,"max_hp_gain":10,"max_hp_loss":0,"event_name":"Bonfire Elementals","floor":36,"gold_loss":0},{"damage_healed":0,"gold_gain":0,"player_choice":"Relic","damage_taken":0,"max_hp_gain":0,"max_hp_loss":0,"event_name":"Wheel of Change","floor":39,"gold_loss":0},{"damage_healed":0,"gold_gain":0,"player_choice":"Got Potions","damage_taken":0,"max_hp_gain":0,"max_hp_loss":0,"event_name":"Lab","floor":42,"gold_loss":0}],"is_beta":false,"boss_relics":[{"not_picked":["Eternal Feather","Snecko Eye"],"picked":"White Beast Statue"},{"not_picked":["Tiny House","Cursed Key"],"picked":"Coffee Dripper"}],"items_purged_floors":[10,31,53],"is_endless":false,"potions_floor_spawned":[5,8,12,18,19,20,22,24,28,29,30,33,35,37,38,45,46,47,48,54],"ascension_level":4}