{"gold_per_floor":[117,117,117,137,137,137,167,184,184,30,30,44,44,69,69,173,173,184,99,99,118,118,151,151,177,203,203,223,223,71,81,81,179,179,193,207,224,236,236,263,277,277],"floor_reached":42,"playtime":2323,"items_purged":["Regret","Entrench"],"score":867,"play_id":"06c32eef-3a87-4b01-97a1-5effdf86f479","local_time":"20190508011541","is_ascension_mode":true,"campfire_choices":[{"data":"Cleave","floor":6.0,"key":"SMITH"},{"data":"Clothesline","floor":11.0,"key":"SMITH"},{"data":"Rampage","floor":15.0,"key":"SMITH"},{"data":"True Grit","floor":24.0,"key":"SMITH"},{"data":"Rage","floor":27.0,"key":"SMITH"},{"floor":29.0,"key":"REST"},{"floor":32.0,"key":"REST"}],"neow_cost":"NONE","seed_source_timestamp":1778788099025203,"circlet_count":0,"master_deck":["AscendersBane","Strike_R","Strike_R","Strike_R","Strike_R","Defend_R+1","Defend_R","Defend_R+1","Bash+1","Headbutt","Cleave+1","Dropkick","Shrug It Off+1","Clothesline+1","Thunderclap","Rampage+1","True Grit+1","Rage+1","Headbutt"],"special_seed":0,"relics":["Burning Blood","NeowsBlessing","Sundial","Red Skull","Singing Bowl","Orichalcum","Lizard Tail","Oddly Smooth Stone","Vajra","Ornamental Fan","Potion Belt","Busted Crown","Juzu Bracelet"],"potions_floor_usage":[],"damage_taken":[{"damage":0.0,"enemies":"Small Slimes","floor":1.0,"turns":1.0},{"damage":0.0,"enemies":"2 Louse","floor":4.0,"turns":1.0},{"damage":0.0,"enemies":"Gremlin Nob","floor":7.0,"turns":1.0},{"damage":4.0,"enemies":"Jaw Worm","floor":8.0,"turns":3.0},{"damage":4.0,"enemies":"Red Slaver","floor":12.0,"turns":4.0},{"damage":36.0,"enemies":"3 Sentries","floor":14.0,"turns":7.0},{"damage":12.0,"enemies":"Slime Boss","floor":16.0,"turns":8.0},{"damage":14.0,"enemies":"Chosen","floor":18.0,"turns":6.0},{"damage":26.0,"enemies":"2 Thieves","floor":21.0,"turns":4.0},{"damage":26.0,"enemies":"Slavers","floor":23.0,"turns":6.0},{"damage":36.0,"enemies":"Book of Stabbing","floor":25.0,"turns":5.0},{"damage":1.0,"enemies":"3 Cultists","floor":28.0,"turns":4.0},{"damage":18.0,"enemies":"Snecko","floor":31.0,"turns":6.0},{"damage":83.0,"enemies":"Champ","floor":33.0,"turns":13.0},{"damage":13.0,"enemies":"3 Darklings","floor":35.0,"turns":6.0},{"damage":23.0,"enemies":"3 Shapes","floor":36.0,"turns":4.0},{"damage":13.0,"enemies":"Transient","floor":37.0,"turns":5.0},{"damage":19.0,"enemies":"3 Darklings","floor":38.0,"turns":5.0},{"damage":57.0,"enemies":"Reptomancer","floor":40.0,"turns":10.0},{"damage":0.0,"enemies":"4 Shapes","floor":41.0,"turns":6.0},{"damage":52,"enemies":"Giant Head","floor":42,"turns":7}],"seed_played":"-7546708818268429654","potions_obtained":[{"floor":1.0,"key":"SpeedPotion"},{"floor":12.0,"key":"Dexterity Potion"},{"floor":16.0,"key":"Swift Potion"},{"floor":18.0,"key":"Regen Potion"},{"floor":23.0,"key":"Regen Potion"},{"floor":28.0,"key":"Energy Potion"},{"floor":31.0,"key":"LiquidBronze"},{"floor":35.0,"key":"PowerPotion"},{"floor":37.0,"key":"Swift Potion"}],"is_trial":false,"path_per_floor":["M","?","?","M","?","R","E","M","T","$","R","M","$","E","R","B",null,"M","?","$","M","?","E","R","E","T","R","M","R","$","M","R","B",null,"M","M","M","M","?","E","M","E"],"character_chosen":"IRONCLAD","items_purchased":["Clothesline","Thunderclap","Headbutt"],"campfire_rested":2,"item_purchase_floors":[10,10,30],"current_hp_per_floor":[78,78,62,68,68,68,74,76,76,76,76,78,78,50,50,46,75,67,67,67,49,49,46,46,32,32,32,39,66,66,56,84,9,74,69,54,49,38,38,43,51,0],"gold":277,"neow_bonus":"THREE_ENEMY_KILL","is_prod":false,"is_daily":false,"chose_seed":false,"campfire_upgraded":5,"win_rate":0,"timestamp":1557270941,"path_taken":["M","?","?","M","?","R","E","?","T","?","R","M","$","E","R","BOSS","M","?","$","M","?","E","R","E","T","R","M","R","$","M","R","BOSS","M","M","M","M","?","E","M","E"],"build_version":"2019-01-23","purchased_purges":2,"victory":false,"max_hp_per_floor":[80,80,80,80,80,80,80,80,80,80,80,80,80,82,82,84,84,84,84,84,86,86,88,88,90,90,90,92,92,92,94,94,96,96,98,100,102,104,104,106,108,108],"card_choices":[{"not_picked":["Flex","Anger"],"picked":"Headbutt","floor":1.0},{"not_picked":["Burning Pact","Hemokinesis"],"picked":"Cleave","floor":4.0},{"not_picked":["Sword Boomerang","Wild Strike"],"picked":"Dropkick","floor":7.0},{"not_picked":["Blood for Blood","Pommel Strike"],"picked":"Shrug It Off","floor":8.0},{"not_picked":["Second Wind","Heavy Blade"],"picked":"Rampage","floor":12.0},{"not_picked":["Wild Strike","Entrench","Iron Wave"],"picked":"Singing Bowl","floor":14.0},{"not_picked":["Fiend Fire","Berserk","Bludgeon"],"picked":"Singing Bowl","floor":16.0},{"not_picked":["Twin Strike","Iron Wave"],"picked":"True Grit","floor":18.0},{"not_picked":["Shockwave","Second Wind","Clothesline"],"picked":"Singing Bowl","floor":21.0},{"not_picked":["Power Through","Clash","Body Slam"],"picked":"Singing Bowl","floor":23.0},{"not_picked":["Immolate","Armaments","Twin Strike"],"picked":"Singing Bowl","floor":25.0},{"not_picked":["Entrench","Cleave","Sentinel"],"picked":"Singing Bowl","floor":28.0},{"not_picked":["Ghostly Armor","Twin Strike","Pommel Strike"],"picked":"Singing Bowl","floor":31.0},{"not_picked":["Juggernaut","Offering","Berserk"],"picked":"Singing Bowl","floor":33.0},{"not_picked":["Inflame"],"picked":"Singing Bowl","floor":35.0},{"not_picked":["Havoc"],"picked":"Singing Bowl","floor":36.0},{"not_picked":["Inflame"],"picked":"Singing Bowl","floor":37.0},{"not_picked":["Ghostly Armor+1"],"picked":"Singing Bowl","floor":38.0},{"not_picked":["Seeing Red"],"picked":"Singing Bowl","floor":40.0},{"not_picked":["Sword Boomerang+1"],"picked":"Singing Bowl","floor":41.0}],"player_experience":267060,"relics_obtained":[{"floor":7.0,"key":"Red Skull"},{"floor":9.0,"key":"Singing Bowl"},{"floor":14.0,"key":"Orichalcum"},{"floor":23.0,"key":"Vajra"},{"floor":25.0,"key":"Ornamental Fan"},{"floor":26.0,"key":"Potion Belt"},{"floor":40.0,"key":"Juzu Bracelet"}],"event_choices":[{"damage_healed":0.0,"max_hp_gain":0.0,"max_hp_loss":0.0,"gold_gain":0.0,"event_name":"Living Wall","player_choice":"Grow","floor":2.0,"gold_loss":0.0,"damage_taken":0.0,"cards_upgraded":["Bash"]},{"damage_healed":0.0,"max_hp_gain":0.0,"max_hp_loss":0.0,"gold_gain":0.0,"event_name":"Shining Light","player_choice":"Entered Light","floor":3.0,"gold_loss":0.0,"damage_taken":16.0,"cards_upgraded":["Defend_R","Defend_R"]},{"damage_healed":0.0,"max_hp_gain":0.0,"max_hp_loss":0.0,"gold_gain":0.0,"event_name":"Big Fish","player_choice":"Box","floor":5.0,"gold_loss":0.0,"damage_taken":0.0,"relics_obtained":["Sundial"],"cards_obtained":["Regret"]},{"damage_healed":0.0,"max_hp_gain":0.0,"max_hp_loss":0.0,"gold_gain":0.0,"event_name":"Addict","player_choice":"Obtained Relic","floor":19.0,"gold_loss":85.0,"damage_taken":0.0,"relics_obtained":["Oddly Smooth Stone"]},{"damage_healed":0.0,"max_hp_gain":0.0,"max_hp_loss":0.0,"gold_gain":0.0,"cards_transformed":["Strike_R","Defend_R"],"event_name":"Drug Dealer","player_choice":"Became Test Subject","floor":22.0,"gold_loss":0.0,"damage_taken":0.0,"cards_obtained":["Rage","Entrench"]},{"damage_healed":0.0,"max_hp_gain":0.0,"max_hp_loss":0.0,"gold_gain":0.0,"event_name":"Accursed Blacksmith","player_choice":"Forge","floor":39.0,"gold_loss":0.0,"damage_taken":0.0,"cards_upgraded":["Shrug It Off"]}],"is_beta":false,"boss_relics":[{"not_picked":["Orrery","Fusion Hammer"],"picked":"Lizard Tail"},{"not_picked":["Coffee Dripper","Tiny House"],"picked":"Busted Crown"}],"items_purged_floors":[10,30],"is_endless":false,"potions_floor_spawned":[1,12,16,18,23,28,31,35,37],"killed_by":"Giant Head","ascension_level":12}