{"gold_per_floor":[113,38,49,49,49,76,76,92,92,124,136,148,171,198,210,322,334,363,290,318,330,352,364,403,415,427,454,477,503,515,302,302,405,405,424,88,88,107,124,124,143,143,143,168,168,178,1,21,21,21],"floor_reached":50,"playtime":934,"items_purged":["Defend_R"],"score":596,"play_id":"e31a0604-bd51-412f-8950-7493612f647b","local_time":"20190528153828","is_ascension_mode":false,"campfire_choices":[{"data":"Perfected Strike","floor":7.0,"key":"SMITH"},{"data":"Iron Wave","floor":12.0,"key":"SMITH"},{"data":"Anger","floor":15.0,"key":"SMITH"},{"data":"Perfected Strike","floor":23.0,"key":"SMITH"},{"data":"Whirlwind","floor":25.0,"key":"SMITH"},{"data":"Perfected Strike","floor":32.0,"key":"SMITH"},{"data":"Berserk","floor":40.0,"key":"SMITH"},{"data":"Offering","floor":45.0,"key":"SMITH"},{"floor":49.0,"key":"REST"}],"neow_cost":"NONE","seed_source_timestamp":941880489766654,"circlet_count":0,"master_deck":["Strike_R","Strike_R","Strike_R+1","Strike_R+1","Strike_R","Defend_R","Defend_R+1","Bash+1","Iron Wave+1","Thunderclap","Perfected Strike+1","Thunderclap","Twin Strike","Anger+1","Berserk+1","Twin Strike","Perfected Strike+1","Perfected Strike+1","Shrug It Off","Offering+1","Pommel Strike","Strike_R","Pommel Strike","Pommel Strike+1","Perfected Strike+1","Impervious","Perfected Strike+1","Pommel Strike"],"special_seed":0,"relics":["Black Blood","NeowsBlessing","Shuriken","Pantograph","MawBank","Runic Dome","Vajra","Whetstone","Bottled Tornado","Tiny Chest","Nunchaku","Dodecahedron","Red Skull","Bronze Scales"],"potions_floor_usage":[50],"damage_taken":[{"damage":0.0,"enemies":"Cultist","floor":1.0,"turns":1.0},{"damage":0.0,"enemies":"Jaw Worm","floor":3.0,"turns":1.0},{"damage":0.0,"enemies":"Gremlin Nob","floor":6.0,"turns":1.0},{"damage":6.0,"enemies":"2 Louse","floor":8.0,"turns":2.0},{"damage":2.0,"enemies":"Large Slime","floor":10.0,"turns":5.0},{"damage":11.0,"enemies":"Exordium Thugs","floor":13.0,"turns":3.0},{"damage":13.0,"enemies":"2 Fungi Beasts","floor":14.0,"turns":3.0},{"damage":26.0,"enemies":"Slime Boss","floor":16.0,"turns":6.0},{"damage":10.0,"enemies":"Chosen","floor":18.0,"turns":2.0},{"damage":18.0,"enemies":"2 Thieves","floor":20.0,"turns":3.0},{"damage":10.0,"enemies":"Chosen and Byrds","floor":22.0,"turns":3.0},{"damage":23.0,"enemies":"Slavers","floor":24.0,"turns":3.0},{"damage":17.0,"enemies":"Snake Plant","floor":27.0,"turns":2.0},{"damage":0.0,"enemies":"Snecko","floor":28.0,"turns":2.0},{"damage":0.0,"enemies":"3 Cultists","floor":29.0,"turns":3.0},{"damage":46.0,"enemies":"Collector","floor":33.0,"turns":4.0},{"damage":0.0,"enemies":"Orb Walker","floor":35.0,"turns":2.0},{"damage":21.0,"enemies":"3 Darklings","floor":38.0,"turns":3.0},{"damage":22.0,"enemies":"Writhing Mass","floor":39.0,"turns":3.0},{"damage":16.0,"enemies":"Jaw Worm Horde","floor":41.0,"turns":3.0},{"damage":13.0,"enemies":"Giant Head","floor":44.0,"turns":5.0},{"damage":13.0,"enemies":"3 Darklings","floor":46.0,"turns":4.0},{"damage":43.0,"enemies":"Maw","floor":48.0,"turns":3.0},{"damage":79,"enemies":"Time Eater","floor":50,"turns":4}],"seed_played":"-527746500262934322","potions_obtained":[{"floor":1.0,"key":"PowerPotion"},{"floor":8.0,"key":"EssenceOfSteel"},{"floor":16.0,"key":"SpeedPotion"},{"floor":27.0,"key":"SpeedPotion"},{"floor":35.0,"key":"GamblersBrew"},{"floor":39.0,"key":"SkillPotion"}],"is_trial":false,"path_per_floor":["M","$","M","?","?","E","R","M","T","M","?","R","M","M","R","B",null,"M","?","M","?","M","R","E","R","T","M","M","M","?","$","R","B",null,"M","$","?","M","M","R","M","?","T","E","R","M","$","M","R","B"],"character_chosen":"IRONCLAD","items_purchased":["Tiny Chest","FairyPotion","Nunchaku","Pommel Strike","Pommel Strike","Bronze Scales"],"campfire_rested":1,"item_purchase_floors":[31,31,36,36,47,47],"current_hp_per_floor":[80,80,80,73,57,63,63,63,63,67,67,67,62,55,55,60,80,76,76,64,64,60,60,43,43,43,32,38,44,29,29,29,14,85,85,85,85,74,62,62,56,56,56,53,53,50,50,17,42,0],"gold":21,"neow_bonus":"THREE_ENEMY_KILL","is_prod":false,"is_daily":false,"chose_seed":false,"campfire_upgraded":8,"win_rate":0,"timestamp":1559050708,"path_taken":["M","$","?","?","?","E","R","M","T","M","?","R","M","M","R","BOSS","M","?","M","?","?","R","E","R","T","M","M","?","?","$","R","BOSS","M","$","?","?","M","R","M","?","T","E","R","?","?","M","R","BOSS"],"build_version":"2019-01-23","purchased_purges":1,"victory":false,"max_hp_per_floor":[80,80,80,80,80,80,80,80,80,80,80,80,80,80,80,80,80,80,80,80,80,80,80,80,80,80,80,80,80,85,85,85,85,85,85,85,85,85,85,85,85,85,85,85,85,85,85,85,85,85],"card_choices":[{"not_picked":["Infernal Blade","Bloodletting"],"picked":"Iron Wave","floor":1.0},{"not_picked":["Iron Wave","Pummel"],"picked":"Thunderclap","floor":3.0},{"not_picked":["Shrug It Off","Impervious"],"picked":"Perfected Strike","floor":6.0},{"not_picked":["Evolve","Feel No Pain"],"picked":"Thunderclap","floor":8.0},{"not_picked":["Iron Wave","Evolve","Clash"],"picked":"SKIP","floor":10.0},{"not_picked":["Sword Boomerang","Dark Embrace"],"picked":"Twin Strike","floor":13.0},{"not_picked":["Evolve","Burning Pact"],"picked":"Anger","floor":14.0},{"not_picked":["Barricade","Impervious"],"picked":"Berserk","floor":16.0},{"not_picked":["Heavy Blade+1","Cleave","Spot Weakness+1"],"picked":"SKIP","floor":18.0},{"not_picked":["Cleave+1","Headbutt"],"picked":"Twin Strike","floor":20.0},{"not_picked":["Havoc","Entrench"],"picked":"Perfected Strike","floor":22.0},{"not_picked":["Reckless Charge+1","Dual Wield"],"picked":"Whirlwind","floor":24.0},{"not_picked":["Infernal Blade+1","Armaments+1","Clothesline"],"picked":"SKIP","floor":27.0},{"not_picked":["Seeing Red+1","Cleave"],"picked":"Perfected Strike","floor":28.0},{"not_picked":["Heavy Blade","Shrug It Off","Anger"],"picked":"SKIP","floor":29.0},{"not_picked":["Heavy Blade","Anger"],"picked":"Shrug It Off","floor":29.0},{"not_picked":["Feed","Limit Break"],"picked":"Offering","floor":33.0},{"not_picked":["Ghostly Armor","Heavy Blade","Havoc+1"],"picked":"SKIP","floor":35.0},{"not_picked":["Body Slam","True Grit"],"picked":"Pommel Strike","floor":38.0},{"not_picked":["Warcry","Fiend Fire"],"picked":"Pommel Strike+1","floor":39.0},{"not_picked":["Headbutt+1","Heavy Blade","Anger+1"],"picked":"SKIP","floor":41.0},{"not_picked":["Havoc","Reaper"],"picked":"Impervious","floor":44.0},{"not_picked":["Anger","Clash"],"picked":"Perfected Strike+1","floor":46.0},{"not_picked":["Shrug It Off","Juggernaut","Anger"],"picked":"SKIP","floor":48.0}],"player_experience":450809,"relics_obtained":[{"floor":6.0,"key":"Pantograph"},{"floor":9.0,"key":"MawBank"},{"floor":24.0,"key":"Whetstone"},{"floor":26.0,"key":"Bottled Tornado"},{"floor":43.0,"key":"Dodecahedron"},{"floor":44.0,"key":"Red Skull"}],"event_choices":[{"damage_healed":0.0,"max_hp_gain":0.0,"max_hp_loss":0.0,"gold_gain":0.0,"event_name":"Scrap Ooze","player_choice":"Success","floor":4.0,"gold_loss":0.0,"damage_taken":7.0,"relics_obtained":["Shuriken"]},{"damage_healed":0.0,"max_hp_gain":0.0,"max_hp_loss":0.0,"gold_gain":0.0,"event_name":"Shining Light","player_choice":"Entered Light","floor":5.0,"gold_loss":0.0,"damage_taken":16.0,"cards_upgraded":["Bash","Defend_R"]},{"cards_removed":["Defend_R"],"damage_healed":0.0,"max_hp_gain":0.0,"max_hp_loss":0.0,"gold_gain":0.0,"event_name":"Purifier","player_choice":"Purged","floor":11.0,"gold_loss":0.0,"damage_taken":0.0},{"damage_healed":0.0,"max_hp_gain":0.0,"max_hp_loss":0.0,"gold_gain":0.0,"event_name":"Addict","player_choice":"Obtained Relic","floor":19.0,"gold_loss":85.0,"damage_taken":0.0,"relics_obtained":["Vajra"]},{"damage_healed":0.0,"max_hp_gain":0.0,"max_hp_loss":0.0,"gold_gain":0.0,"event_name":"N\u0027loth","player_choice":"Ignored","floor":21.0,"gold_loss":0.0,"damage_taken":0.0},{"damage_healed":0.0,"max_hp_gain":5.0,"max_hp_loss":0.0,"gold_gain":0.0,"event_name":"Forgotten Altar","player_choice":"Shed Blood","floor":30.0,"gold_loss":0.0,"damage_taken":20.0},{"cards_removed":["Whirlwind"],"damage_healed":0.0,"max_hp_gain":0.0,"max_hp_loss":0.0,"gold_gain":0.0,"event_name":"NoteForYourself","player_choice":"Took Card","floor":37.0,"gold_loss":0.0,"damage_taken":0.0,"cards_obtained":["Strike_R"]},{"damage_healed":0.0,"max_hp_gain":0.0,"max_hp_loss":0.0,"gold_gain":0.0,"event_name":"Duplicator","player_choice":"Copied","floor":42.0,"gold_loss":0.0,"damage_taken":0.0,"cards_obtained":["Perfected Strike"]}],"is_beta":false,"boss_relics":[{"not_picked":["Coffee Dripper","Runic Pyramid"],"picked":"Runic Dome"},{"not_picked":["Calling Bell","Busted Crown"],"picked":"Black Blood"}],"items_purged_floors":[2],"is_endless":false,"potions_floor_spawned":[1,8,16,18,20,27,33,35,39,41,48],"killed_by":"Time Eater","ascension_level":0}