{"gold_per_floor":[118,5,5,5,5,5,33,33,59,59,73,88,88,114,114,217,217,232,232,157,157,72,103,116,132,155,155,0,10,10,30,30,30],"floor_reached":33,"playtime":2831,"items_purged":["Strike_G"],"score":261,"play_id":"679cf6e3-1099-43d0-a5f3-11df1676eef5","local_time":"20190609210807","is_ascension_mode":false,"campfire_choices":[{"data":"Neutralize","floor":6,"key":"SMITH"},{"floor":8,"key":"REST"},{"floor":10,"key":"REST"},{"data":"Heel Hook","floor":15,"key":"SMITH"},{"data":"RitualDagger","floor":27,"key":"SMITH"},{"floor":30,"key":"REST"},{"data":"Blur","floor":32,"key":"SMITH"}],"neow_cost":"PERCENT_DAMAGE","seed_source_timestamp":94205982419531,"circlet_count":0,"master_deck":["Defend_G","Defend_G","Defend_G","Defend_G","Strike_G+1","Strike_G","Survivor","Neutralize+1","Dash+1","Calculated Gamble","Heel Hook+1","Blur+1","Deadly Poison","Burst","Blade Dance+1","RitualDagger+1","Blade Dance","Poisoned Stab+1","Shame","Well Laid Plans+1","Poisoned Stab+1"],"relics":["Ring of the Snake","CultistMask","Boot","Bag of Preparation","Vajra","Cursed Key","Tough Bandages","Snake Skull","Art of War","Whetstone"],"potions_floor_usage":[16,16,18,23,25,33],"damage_taken":[{"damage":0,"enemies":"2 Louse","floor":1,"turns":4},{"damage":9,"enemies":"Lagavulin","floor":7,"turns":9},{"damage":0,"enemies":"Cultist","floor":11,"turns":3},{"damage":0,"enemies":"Jaw Worm","floor":12,"turns":2},{"damage":8,"enemies":"The Guardian","floor":16,"turns":8},{"damage":5,"enemies":"Spheric Guardian","floor":18,"turns":6},{"damage":14,"enemies":"Book of Stabbing","floor":23,"turns":7},{"damage":0,"enemies":"2 Thieves","floor":24,"turns":4},{"damage":3,"enemies":"3 Cultists","floor":25,"turns":6},{"damage":20,"enemies":"Sentry and Sphere","floor":29,"turns":5},{"damage":0,"enemies":"Cultist and Chosen","floor":31,"turns":4},{"damage":52,"enemies":"Collector","floor":33,"turns":5}],"seed_played":"-550674041777353351","potions_obtained":[{"floor":1,"key":"Regen Potion"},{"floor":11,"key":"Poison Potion"},{"floor":12,"key":"Poison Potion"},{"floor":16,"key":"Dexterity Potion"},{"floor":24,"key":"Block Potion"},{"floor":25,"key":"GamblersBrew"},{"floor":29,"key":"Energy Potion"},{"floor":31,"key":"Weak Potion"}],"is_trial":false,"path_per_floor":["M","$","?","?","?","R","E","R","T","R","M","M","?","T","R","B",null,"M","?","?","?","?","E","M","M","T","R","$","M","R","M","R","B"],"character_chosen":"THE_SILENT","items_purchased":["Calculated Gamble","Whetstone"],"campfire_rested":3,"item_purchase_floors":[2,28],"current_hp_per_floor":[49,49,49,49,49,49,40,61,61,70,70,70,75,75,75,67,75,70,64,64,50,50,48,48,45,45,45,45,25,49,49,49,0],"gold":30,"neow_bonus":"REMOVE_TWO","is_prod":false,"is_daily":false,"chose_seed":false,"campfire_upgraded":4,"win_rate":0.0,"timestamp":1560128887,"path_taken":["M","$","?","?","?","R","E","R","T","R","?","M","?","?","R","BOSS","M","?","?","?","?","E","M","M","T","R","$","M","R","M","R","BOSS"],"build_version":"2019-01-23","purchased_purges":1,"victory":false,"max_hp_per_floor":[70,70,70,70,70,70,70,70,70,70,70,70,75,75,75,75,75,75,75,75,80,80,80,80,80,80,80,80,80,80,80,80,80],"card_choices":[{"not_picked":["Concentrate","Outmaneuver"],"picked":"Dash","floor":1},{"not_picked":["Prepared","Acrobatics"],"picked":"Heel Hook","floor":7},{"not_picked":["Dodge and Roll","Well Laid Plans"],"picked":"Blur","floor":11},{"not_picked":["Backstab","Grand Finale"],"picked":"Deadly Poison","floor":12},{"not_picked":["Storm of Steel","Unload"],"picked":"Burst","floor":16},{"not_picked":["Deflect","Sucker Punch"],"picked":"Blade Dance+1","floor":18},{"not_picked":["Dash","Calculated Gamble"],"picked":"Blade Dance","floor":23},{"not_picked":["Backflip","Dagger Spray"],"picked":"Poisoned Stab","floor":24},{"not_picked":["Heel Hook","Escape Plan","Sucker Punch"],"picked":"SKIP","floor":25},{"not_picked":["Tools of the Trade","Cloak And Dagger+1"],"picked":"Well Laid Plans+1","floor":29},{"not_picked":["Heel Hook","Reflex"],"picked":"Poisoned Stab+1","floor":31}],"player_experience":1118735,"relics_obtained":[{"floor":7,"key":"Boot"},{"floor":9,"key":"Bag of Preparation"},{"floor":14,"key":"Vajra"},{"floor":23,"key":"Snake Skull"},{"floor":26,"key":"Art of War"}],"event_choices":[{"damage_healed":0,"gold_gain":0,"player_choice":"Grow","damage_taken":0,"max_hp_gain":0,"max_hp_loss":0,"event_name":"Living Wall","floor":3,"gold_loss":0,"cards_upgraded":["Dash"]},{"damage_healed":0,"gold_gain":0,"player_choice":"Ignored","damage_taken":0,"max_hp_gain":0,"max_hp_loss":0,"event_name":"Golden Idol","floor":4,"gold_loss":0},{"damage_healed":0,"gold_gain":0,"player_choice":"Trade","damage_taken":0,"relics_obtained":["CultistMask"],"max_hp_gain":0,"max_hp_loss":0,"event_name":"FaceTrader","floor":5,"gold_loss":0},{"damage_healed":0,"gold_gain":0,"player_choice":"Donut","damage_taken":0,"max_hp_gain":5,"max_hp_loss":0,"event_name":"Big Fish","floor":13,"gold_loss":0},{"damage_healed":0,"gold_gain":0,"player_choice":"Joined the Cult","damage_taken":6,"max_hp_gain":0,"max_hp_loss":0,"event_name":"Nest","floor":19,"gold_loss":0,"cards_obtained":["RitualDagger"]},{"cards_removed":["Strike_G"],"damage_healed":0,"gold_gain":0,"player_choice":"Gave Gold","damage_taken":0,"max_hp_gain":0,"max_hp_loss":0,"event_name":"Beggar","floor":20,"gold_loss":75},{"damage_healed":0,"gold_gain":0,"player_choice":"Shed Blood","damage_taken":19,"max_hp_gain":5,"max_hp_loss":0,"event_name":"Forgotten Altar","floor":21,"gold_loss":0},{"damage_healed":0,"gold_gain":0,"player_choice":"Obtained Relic","damage_taken":0,"relics_obtained":["Tough Bandages"],"max_hp_gain":0,"max_hp_loss":0,"event_name":"Addict","floor":22,"gold_loss":85}],"is_beta":false,"boss_relics":[{"not_picked":["Fusion Hammer","Eternal Feather"],"picked":"Cursed Key"}],"items_purged_floors":[2],"is_endless":false,"potions_floor_spawned":[1,11,12,16,24,25,29,31],"killed_by":"Collector","ascension_level":0}