{"gold_per_floor":[113,113,133,133,133,171,171,171,171,111,151,171,195,370,370,496,559,580,580,599,599,599,599],"floor_reached":23,"playtime":1276,"items_purged":["Strike_R"],"score":264,"play_id":"95d3ef88-7db4-49de-8da3-0ce0212e3065","local_time":"20190311155914","is_ascension_mode":true,"campfire_choices":[{"data":"True Grit","floor":7,"key":"SMITH"},{"data":"Bash","floor":15,"key":"SMITH"}],"neow_cost":"NONE","seed_source_timestamp":837280288891511,"circlet_count":0,"master_deck":["Strike_R","Strike_R+1","Defend_R","Defend_R+1","Defend_R+1","Defend_R","Bash+1","Pommel Strike","Battle Trance","True Grit+1","Warcry","Evolve","Wild Strike","Doubt","Immolate","Warcry","Disarm","Dual Wield","Carnage"],"relics":["Burning Blood","Golden Idol","Red Skull","The Courier","War Paint","Potion Belt","Tiny House"],"potions_floor_usage":[3,11,16,16,21,23,23,23],"damage_taken":[{"damage":14,"enemies":"Jaw Worm","floor":1,"turns":5},{"damage":0,"enemies":"Cultist","floor":3,"turns":2},{"damage":35,"enemies":"3 Sentries","floor":6,"turns":10},{"damage":10,"enemies":"Lagavulin","floor":11,"turns":6},{"damage":0,"enemies":"Small Slimes","floor":12,"turns":2},{"damage":5,"enemies":"Blue Slaver","floor":13,"turns":4},{"damage":37,"enemies":"The Guardian","floor":16,"turns":13},{"damage":40,"enemies":"Shell Parasite","floor":18,"turns":6},{"damage":5,"enemies":"Chosen","floor":20,"turns":6},{"damage":0,"enemies":"3 Cultists","floor":21,"turns":1},{"damage":51,"enemies":"Slavers","floor":23,"turns":3}],"seed_played":"-6514882465622512945","potions_obtained":[{"floor":2,"key":"Strength Potion"},{"floor":2,"key":"Fire Potion"},{"floor":2,"key":"Explosive Potion"},{"floor":6,"key":"LiquidBronze"},{"floor":13,"key":"Explosive Potion"},{"floor":16,"key":"SmokeBomb"},{"floor":17,"key":"Energy Potion"},{"floor":18,"key":"Poison Potion"}],"is_trial":false,"path_per_floor":["M","?","M","?","?","E","R","?","T","$","E","M","M","?","R","B",null,"M","?","M","M","?","E"],"character_chosen":"IRONCLAD","items_purchased":[],"campfire_rested":0,"item_purchase_floors":[],"current_hp_per_floor":[80,80,86,64,69,40,40,37,37,37,33,39,40,40,40,9,98,64,44,45,51,51,0],"gold":599,"neow_bonus":"TEN_PERCENT_HP_BONUS","is_prod":false,"is_daily":false,"chose_seed":false,"campfire_upgraded":2,"win_rate":0,"timestamp":1552316354,"path_taken":["M","?","?","?","?","E","R","?","T","?","E","M","M","?","R","BOSS","M","?","M","M","?","E"],"build_version":"2019-01-23","purchased_purges":1,"victory":false,"max_hp_per_floor":[88,88,88,88,93,93,93,93,93,93,93,93,93,93,93,93,98,98,103,103,103,103,103],"card_choices":[{"not_picked":["Warcry","Anger"],"picked":"Pommel Strike","floor":1},{"not_picked":["Body Slam","Twin Strike"],"picked":"Battle Trance","floor":3},{"not_picked":["Immolate","Warcry"],"picked":"True Grit","floor":6},{"not_picked":["Cleave","Fire Breathing"],"picked":"Warcry","floor":11},{"not_picked":["Shockwave","Flex"],"picked":"Evolve","floor":12},{"not_picked":["Bloodletting","Double Tap"],"picked":"Wild Strike","floor":13},{"not_picked":["Demon Form","Brutality"],"picked":"Immolate","floor":16},{"not_picked":["Rupture","Twin Strike"],"picked":"Warcry","floor":17},{"not_picked":["Evolve","Body Slam"],"picked":"Disarm","floor":18},{"not_picked":["Body Slam","Headbutt","Clothesline"],"picked":"SKIP","floor":20}],"player_experience":63121,"relics_obtained":[{"floor":6,"key":"Red Skull"},{"floor":9,"key":"War Paint"},{"floor":11,"key":"Potion Belt"}],"event_choices":[{"damage_healed":0,"gold_gain":0,"player_choice":"Got Potions","damage_taken":0,"max_hp_gain":0,"max_hp_loss":0,"event_name":"Lab","floor":2,"gold_loss":0},{"damage_healed":0,"gold_gain":0,"player_choice":"Take Damage","damage_taken":22,"relics_obtained":["Golden Idol"],"max_hp_gain":0,"max_hp_loss":0,"event_name":"Golden Idol","floor":4,"gold_loss":0},{"damage_healed":0,"gold_gain":0,"player_choice":"Donut","damage_taken":0,"max_hp_gain":5,"max_hp_loss":0,"event_name":"Big Fish","floor":5,"gold_loss":0},{"damage_healed":0,"gold_gain":0,"player_choice":"Success","damage_taken":3,"relics_obtained":["The Courier"],"max_hp_gain":0,"max_hp_loss":0,"event_name":"Scrap Ooze","floor":8,"gold_loss":0},{"damage_healed":0,"gold_gain":175,"player_choice":"AGREE","damage_taken":0,"max_hp_gain":0,"max_hp_loss":0,"event_name":"Liars Game","floor":14,"gold_loss":0,"cards_obtained":["Doubt"]},{"damage_healed":0,"gold_gain":0,"player_choice":"Shed Blood","damage_taken":25,"max_hp_gain":5,"max_hp_loss":0,"event_name":"Forgotten Altar","floor":19,"gold_loss":0},{"damage_healed":0,"gold_gain":0,"cards_transformed":["Strike_R","Strike_R"],"player_choice":"Became Test Subject","damage_taken":0,"max_hp_gain":0,"max_hp_loss":0,"event_name":"Drug Dealer","floor":22,"gold_loss":0,"cards_obtained":["Dual Wield","Carnage"]}],"is_beta":false,"boss_relics":[{"not_picked":["White Beast Statue","Ectoplasm"],"picked":"Tiny House"}],"items_purged_floors":[10],"is_endless":false,"potions_floor_spawned":[6,13,16,18,21],"killed_by":"Slavers","ascension_level":4}