{"gold_per_floor":[111,124,174,190,200,200,226,244,244,244],"floor_reached":10,"playtime":290,"items_purged":[],"score":140,"play_id":"0e34d11c-2094-45ea-9c87-5abcf18d70e4","local_time":"20190527220948","is_ascension_mode":true,"campfire_choices":[{"data":"Chaos","floor":6,"key":"SMITH"}],"neow_cost":"NONE","seed_source_timestamp":213692524591,"circlet_count":0,"master_deck":["AscendersBane","Strike_B","Strike_B","Strike_B","Strike_B","Defend_B","Defend_B","Defend_B","Defend_B","Zap","Dualcast","Doom and Gloom","Ball Lightning","Chaos+1","FTL","Glacier","Reinforced Body"],"special_seed":0,"relics":["Inserter","Gremlin Horn","The Courier"],"potions_floor_usage":[],"damage_taken":[{"damage":8.0,"enemies":"Cultist","floor":1.0,"turns":5.0},{"damage":8,"enemies":"2 Louse","floor":2,"turns":3},{"damage":5,"enemies":"Small Slimes","floor":4,"turns":3},{"damage":2,"enemies":"Looter","floor":5,"turns":4},{"damage":20,"enemies":"Lagavulin","floor":7,"turns":6},{"damage":20,"enemies":"Exordium Wildlife","floor":8,"turns":4},{"damage":1,"enemies":"3 Louse","floor":10,"turns":2}],"seed_played":"5913109347311978885","potions_obtained":[{"floor":1.0,"key":"GamblersBrew"},{"floor":4,"key":"SteroidPotion"}],"is_trial":false,"path_per_floor":["M","M","?","M","M","R","E","M","T","M"],"character_chosen":"DEFECT","items_purchased":[],"campfire_rested":0,"item_purchase_floors":[],"current_hp_per_floor":[56,48,48,43,41,41,21,1,1,0],"gold":244,"neow_bonus":"BOSS_RELIC","is_prod":false,"is_daily":false,"chose_seed":false,"campfire_upgraded":1,"win_rate":0,"timestamp":1558987788,"path_taken":["M","M","?","M","?","R","E","M","T","M"],"build_version":"2019-05-26","purchased_purges":0,"victory":false,"max_hp_per_floor":[71,71,71,71,71,71,71,71,71,71],"card_choices":[{"not_picked":["Leap","BootSequence"],"picked":"Doom and Gloom","floor":1.0},{"not_picked":["Redo","Hologram"],"picked":"Ball Lightning","floor":2},{"not_picked":["Gash","Stack"],"picked":"Chaos","floor":4},{"not_picked":["Rip and Tear","Double Energy"],"picked":"FTL","floor":5},{"not_picked":["Beam Cell","Conserve Battery"],"picked":"Glacier","floor":7},{"not_picked":["Beam Cell","White Noise"],"picked":"Reinforced Body","floor":8}],"player_experience":1609935,"relics_obtained":[{"floor":7,"key":"Gremlin Horn"},{"floor":9,"key":"The Courier"}],"event_choices":[{"damage_healed":0,"gold_gain":50,"player_choice":"Pray","damage_taken":0,"max_hp_gain":0,"max_hp_loss":0,"event_name":"Golden Shrine","floor":3,"gold_loss":0}],"is_beta":true,"boss_relics":[],"items_purged_floors":[],"is_endless":false,"potions_floor_spawned":[1,4],"killed_by":"3 Louse","ascension_level":20}