{"gold_per_floor":[112,125,125,138,138,138,168,186,256,283,283,310,336,370,370,468,468,468,468,383,383,258,258,258,258,258,258,168,168,22,22,22,22],"floor_reached":33,"playtime":1565,"items_purged":["Regret"],"score":459,"play_id":"55c9e824-e440-4c2e-9b6f-35fa0040018a","local_time":"20190509213800","is_ascension_mode":true,"campfire_choices":[{"data":"Hyperbeam","floor":6.0,"key":"SMITH"},{"data":"Go for the Eyes","floor":11.0,"key":"SMITH"},{"floor":15.0,"key":"REST"},{"data":"Fusion","floor":23.0,"key":"SMITH"},{"data":"Skim","floor":25.0,"key":"SMITH"},{"floor":29.0,"key":"REST"},{"data":"Seek","floor":32.0,"key":"SMITH"}],"neow_cost":"TEN_PERCENT_HP_LOSS","seed_source_timestamp":1938970258314680,"circlet_count":0,"master_deck":["AscendersBane","Strike_B+1","Strike_B+1","Strike_B+1","Defend_B","Defend_B","Defend_B","Defend_B","Zap","Dualcast","Hyperbeam+1","Leap","Auto Shields","Genetic Algorithm","Go for the Eyes+1","Conserve Battery","FTL","Fusion+1","BootSequence","Skim+1","Fission","Rebound","Beam Cell","Seek+1"],"special_seed":0,"relics":["Cracked Core","WingedGreaves","Oddly Smooth Stone","Dodecahedron","Whetstone","Odd Mushroom","Juzu Bracelet","Turnip","Ectoplasm","Lantern","Regal Pillow","Tiny Chest","Bag of Marbles"],"potions_floor_usage":[33],"damage_taken":[{"damage":0.0,"enemies":"Small Slimes","floor":1.0,"turns":1.0},{"damage":5.0,"enemies":"2 Louse","floor":2.0,"turns":3.0},{"damage":2.0,"enemies":"Cultist","floor":4.0,"turns":3.0},{"damage":3.0,"enemies":"3 Sentries","floor":7.0,"turns":4.0},{"damage":1.0,"enemies":"Looter","floor":8.0,"turns":2.0},{"damage":12.0,"enemies":"Gremlin Nob","floor":10.0,"turns":4.0},{"damage":1.0,"enemies":"The Mushroom Lair","floor":12.0,"turns":2.0},{"damage":5.0,"enemies":"3 Sentries","floor":13.0,"turns":3.0},{"damage":10.0,"enemies":"Lagavulin","floor":14.0,"turns":5.0},{"damage":41.0,"enemies":"The Guardian","floor":16.0,"turns":15.0},{"damage":12.0,"enemies":"Shell Parasite","floor":18.0,"turns":7.0},{"damage":3.0,"enemies":"Spheric Guardian","floor":21.0,"turns":3.0},{"damage":54.0,"enemies":"Gremlin Leader","floor":27.0,"turns":10.0},{"damage":43,"enemies":"Collector","floor":33,"turns":12}],"seed_played":"4082601469013034425","potions_obtained":[{"floor":2.0,"key":"FearPotion"},{"floor":4.0,"key":"GamblersBrew"},{"floor":7.0,"key":"FearPotion"},{"floor":21.0,"key":"SpeedPotion"}],"is_trial":false,"path_per_floor":["M","M","?","M","?","R","E","M","T","E","R","?","E","E","R","B",null,"M","?","?","M","$","R","?","R","T","E","?","R","$","?","R","B"],"character_chosen":"DEFECT","items_purchased":["Beam Cell","Bag of Marbles"],"campfire_rested":2,"item_purchase_floors":[22,30],"current_hp_per_floor":[68,63,63,61,61,61,58,57,57,45,45,44,39,29,49,8,53,41,63,63,60,60,60,60,60,60,6,6,41,41,41,41,0],"gold":22,"neow_bonus":"THREE_RARE_CARDS","is_prod":false,"is_daily":false,"chose_seed":false,"campfire_upgraded":5,"win_rate":0,"timestamp":1557430680,"path_taken":["M","M","?","M","?","R","E","?","T","E","R","?","E","E","R","BOSS","M","?","?","M","$","R","?","R","T","E","?","R","?","?","R","BOSS"],"build_version":"2019-01-23","purchased_purges":1,"victory":false,"max_hp_per_floor":[68,68,68,68,68,68,68,68,68,68,68,68,68,68,68,68,68,68,68,68,68,68,68,68,68,68,68,68,68,68,68,68,68],"card_choices":[{"not_picked":["Reboot","Biased Cognition"],"picked":"Hyperbeam","floor":0.0},{"not_picked":["Compile Driver","Streamline"],"picked":"Leap","floor":1.0},{"not_picked":["Stack","Streamline"],"picked":"Auto Shields","floor":2.0},{"not_picked":["Cold Snap","Hologram"],"picked":"Genetic Algorithm","floor":4.0},{"not_picked":["Ball Lightning","Coolheaded"],"picked":"Go for the Eyes","floor":7.0},{"not_picked":["Rebound","Meteor Strike"],"picked":"Conserve Battery","floor":8.0},{"not_picked":["Fission","Storm"],"picked":"FTL","floor":10.0},{"not_picked":["Coolheaded","Tempest"],"picked":"Fusion","floor":12.0},{"not_picked":["Glacier","Hello World"],"picked":"BootSequence","floor":13.0},{"not_picked":["Redo","Chill"],"picked":"Skim","floor":14.0},{"not_picked":["All For One","Creative AI"],"picked":"Fission","floor":16.0},{"not_picked":["Steam+1","Capacitor"],"picked":"Rebound","floor":18.0},{"not_picked":["Ball Lightning","Glacier","Rebound"],"picked":"SKIP","floor":21.0},{"not_picked":["Hello World","Consume"],"picked":"Seek","floor":27.0}],"player_experience":287736,"relics_obtained":[{"floor":7.0,"key":"Oddly Smooth Stone"},{"floor":9.0,"key":"Dodecahedron"},{"floor":10.0,"key":"Whetstone"},{"floor":12.0,"key":"Odd Mushroom"},{"floor":13.0,"key":"Juzu Bracelet"},{"floor":14.0,"key":"Turnip"},{"floor":26.0,"key":"Regal Pillow"},{"floor":27.0,"key":"Tiny Chest"}],"event_choices":[{"damage_healed":0.0,"max_hp_gain":0.0,"max_hp_loss":0.0,"gold_gain":0.0,"event_name":"Big Fish","player_choice":"Box","floor":3.0,"gold_loss":0.0,"damage_taken":0.0,"relics_obtained":["WingedGreaves"],"cards_obtained":["Regret"]},{"damage_healed":0.0,"max_hp_gain":0.0,"max_hp_loss":0.0,"gold_gain":0.0,"event_name":"Lab","player_choice":"Got Potions","floor":5.0,"gold_loss":0.0,"damage_taken":0.0},{"damage_healed":0.0,"max_hp_gain":0.0,"max_hp_loss":0.0,"gold_gain":0.0,"event_name":"Mushrooms","player_choice":"Fought Mushrooms","floor":12.0,"gold_loss":0.0,"damage_taken":0.0},{"damage_healed":22.0,"max_hp_gain":0.0,"max_hp_loss":0.0,"gold_gain":0.0,"event_name":"The Library","player_choice":"Heal","floor":19.0,"gold_loss":0.0,"damage_taken":0.0},{"damage_healed":0.0,"max_hp_gain":0.0,"max_hp_loss":0.0,"gold_gain":0.0,"event_name":"Addict","player_choice":"Obtained Relic","floor":20.0,"gold_loss":85.0,"damage_taken":0.0,"relics_obtained":["Lantern"]},{"damage_healed":0.0,"max_hp_gain":0.0,"max_hp_loss":0.0,"gold_gain":200.0,"event_name":"Wheel of Change","player_choice":"Gold","floor":24.0,"gold_loss":0.0,"damage_taken":0.0},{"cards_removed":["Strike_B"],"damage_healed":0.0,"max_hp_gain":0.0,"max_hp_loss":0.0,"gold_gain":0.0,"event_name":"Designer","player_choice":"Upgrade and Remove","floor":28.0,"gold_loss":90.0,"damage_taken":0.0,"cards_upgraded":["Strike_B"]},{"damage_healed":0.0,"max_hp_gain":0.0,"max_hp_loss":0.0,"gold_gain":0.0,"event_name":"Ghosts","player_choice":"Ignored","floor":31.0,"gold_loss":0.0,"damage_taken":0.0}],"is_beta":false,"boss_relics":[{"not_picked":["Fusion Hammer","Philosopher\u0027s Stone"],"picked":"Ectoplasm"}],"items_purged_floors":[22],"is_endless":false,"potions_floor_spawned":[2,4,7,8,21],"killed_by":"Collector","ascension_level":12}