{"gold_per_floor":[18,18,93,113,133,133,133,168,168,168,80,109,109,123,123,221,221,240,190,206,306,306,306,326,326,405,405,405,405,355,369,369,472,472,492,492,512,168,168],"floor_reached":39,"playtime":1273,"items_purged":["Strike_R","Strike_R","Strike_R+1","Wild Strike"],"score":700,"play_id":"63d435e6-a97e-4ef9-bb96-3bf83f919ac4","local_time":"20190404134717","is_ascension_mode":true,"campfire_choices":[{"data":"Bash","floor":6.0,"key":"SMITH"},{"data":"Evolve","floor":13.0,"key":"SMITH"},{"data":"Dropkick","floor":15.0,"key":"SMITH"},{"data":"Strike_R","floor":23,"key":"PURGE"},{"data":"Defend_R","floor":25,"key":"PURGE"},{"data":"Defend_R","floor":27,"key":"PURGE"},{"data":"Defend_R+1","floor":32,"key":"PURGE"}],"neow_cost":"NO_GOLD","seed_source_timestamp":499931332002901,"circlet_count":0,"master_deck":["AscendersBane","Bash+1","Dropkick+1","Evolve+1","Dropkick+1","Dropkick+1","Good Instincts"],"special_seed":0,"relics":["Burning Blood","Smiling Mask","Bag of Preparation","Molten Egg 2","Odd Mushroom","Runic Dome","Peace Pipe","Pear","Blue Candle","Dodecahedron","Runic Cube","FaceOfCleric","Toy Ornithopter"],"potions_floor_usage":[16,16,16,21,39,39],"damage_taken":[{"damage":9.0,"enemies":"Jaw Worm","floor":1.0,"turns":3.0},{"damage":2.0,"enemies":"Small Slimes","floor":4.0,"turns":2.0},{"damage":0.0,"enemies":"2 Louse","floor":5.0,"turns":4.0},{"damage":27.0,"enemies":"Lagavulin","floor":8.0,"turns":5.0},{"damage":20.0,"enemies":"The Mushroom Lair","floor":12.0,"turns":4.0},{"damage":3.0,"enemies":"Looter","floor":14.0,"turns":2.0},{"damage":20,"enemies":"Hexaghost","floor":16,"turns":6},{"damage":12,"enemies":"Chosen","floor":18,"turns":3},{"damage":14,"enemies":"3 Byrds","floor":20,"turns":5},{"damage":8,"enemies":"Colosseum Slavers","floor":21,"turns":3},{"damage":22,"enemies":"Colosseum Nobs","floor":21,"turns":4},{"damage":11,"enemies":"Shelled Parasite and Fungi","floor":24,"turns":3},{"damage":0,"enemies":"Chosen and Byrds","floor":31,"turns":2},{"damage":0,"enemies":"Collector","floor":33,"turns":1},{"damage":59,"enemies":"3 Shapes","floor":35,"turns":3},{"damage":22,"enemies":"3 Darklings","floor":37,"turns":2},{"damage":25,"enemies":"Sphere and 2 Shapes","floor":39,"turns":4}],"seed_played":"-3939579449298985466","potions_obtained":[{"floor":4.0,"key":"Strength Potion"},{"floor":8.0,"key":"Swift Potion"},{"floor":12.0,"key":"EssenceOfSteel"},{"floor":14.0,"key":"LiquidBronze"},{"floor":20,"key":"Poison Potion"},{"floor":24,"key":"EssenceOfSteel"},{"floor":31,"key":"LiquidBronze"}],"is_trial":false,"path_per_floor":["M","?","?","M","M","R","?","E","T","?","$","?","R","M","R","B",null,"M","$","M","?","T","R","M","R","T","R","?","?","$","M","R","B",null,"M","?","M","$","M"],"character_chosen":"IRONCLAD","items_purchased":["Evolve","Good Instincts","Toy Ornithopter"],"campfire_rested":0,"item_purchase_floors":[11,38,38],"current_hp_per_floor":[69,53,42,46,52,52,45,24,24,50,50,36,36,39,39,25,66,60,60,52,44,44,44,39,39,39,39,21,21,21,27,27,33,80,27,27,12,12,0],"gold":168,"neow_bonus":"TRANSFORM_TWO_CARDS","is_prod":false,"is_daily":false,"chose_seed":false,"campfire_upgraded":3,"win_rate":0,"timestamp":1554378437,"path_taken":["M","?","?","M","M","R","?","E","T","?","$","?","R","?","R","BOSS","M","$","M","?","?","R","M","R","T","R","?","?","$","?","R","BOSS","M","?","M","?","M"],"build_version":"2019-01-23","purchased_purges":4,"victory":false,"max_hp_per_floor":[80,80,80,80,80,80,80,80,80,80,80,80,80,80,80,80,80,80,80,80,90,90,90,90,90,90,90,95,95,95,95,95,95,95,95,95,96,96,96],"card_choices":[{"not_picked":["Havoc","Rupture","Anger"],"picked":"SKIP","floor":1.0},{"not_picked":["Reckless Charge","Heavy Blade","Bloodletting"],"picked":"SKIP","floor":4.0},{"not_picked":["Body Slam","Headbutt","Clothesline"],"picked":"SKIP","floor":5.0},{"not_picked":["Body Slam","Headbutt","Clothesline"],"picked":"SKIP","floor":5.0},{"not_picked":["Barricade","Shrug It Off","Headbutt"],"picked":"SKIP","floor":8.0},{"not_picked":["Heavy Blade+1","Sword Boomerang+1"],"picked":"Dropkick+1","floor":12.0},{"not_picked":["Heavy Blade+1","Inflame","Flex"],"picked":"SKIP","floor":14.0},{"not_picked":["Uppercut+1","Thunderclap+1"],"picked":"Dropkick+1","floor":18},{"not_picked":["Combust","Sentinel","Battle Trance"],"picked":"SKIP","floor":20},{"not_picked":["Warcry","Hemokinesis+1","Shockwave+1"],"picked":"SKIP","floor":24},{"not_picked":["Heavy Blade+1","Offering","Twin Strike+1"],"picked":"SKIP","floor":31},{"not_picked":["Flame Barrier+1","Corruption+1","Infernal Blade+1"],"picked":"SKIP","floor":35},{"not_picked":["Body Slam+1","Intimidate+1","Headbutt+1"],"picked":"SKIP","floor":37}],"player_experience":202227,"relics_obtained":[{"floor":8.0,"key":"Bag of Preparation"},{"floor":9.0,"key":"Molten Egg 2"},{"floor":12.0,"key":"Odd Mushroom"},{"floor":21,"key":"Peace Pipe"},{"floor":21,"key":"Pear"},{"floor":22,"key":"Blue Candle"},{"floor":26,"key":"Dodecahedron"}],"event_choices":[{"damage_healed":0.0,"max_hp_gain":0.0,"max_hp_loss":0.0,"gold_gain":0.0,"event_name":"Shining Light","player_choice":"Entered Light","floor":2.0,"gold_loss":0.0,"damage_taken":16.0,"cards_upgraded":["Defend_R","Strike_R"]},{"damage_healed":0.0,"max_hp_gain":0.0,"max_hp_loss":0.0,"gold_gain":75.0,"event_name":"World of Goop","player_choice":"Gather Gold","floor":3.0,"gold_loss":0.0,"damage_taken":11.0},{"damage_healed":0.0,"max_hp_gain":0.0,"max_hp_loss":0.0,"gold_gain":0.0,"event_name":"Scrap Ooze","player_choice":"Success","floor":7.0,"gold_loss":0.0,"damage_taken":7.0,"relics_obtained":["Smiling Mask"]},{"damage_healed":26.0,"max_hp_gain":0.0,"max_hp_loss":0.0,"gold_gain":0.0,"event_name":"Big Fish","player_choice":"Banana","floor":10.0,"gold_loss":0.0,"damage_taken":0.0},{"damage_healed":0.0,"max_hp_gain":0.0,"max_hp_loss":0.0,"gold_gain":0.0,"event_name":"Mushrooms","player_choice":"Fought Mushrooms","floor":12.0,"gold_loss":0.0,"damage_taken":0.0},{"damage_healed":0,"gold_gain":0,"player_choice":"Fight","damage_taken":0,"max_hp_gain":0,"max_hp_loss":0,"event_name":"Colosseum","floor":21,"gold_loss":0},{"damage_healed":0,"gold_gain":0,"player_choice":"Fought Nobs","damage_taken":0,"max_hp_gain":0,"max_hp_loss":0,"event_name":"Colosseum","floor":21,"gold_loss":0},{"damage_healed":0,"gold_gain":0,"player_choice":"Shed Blood","damage_taken":23,"max_hp_gain":5,"max_hp_loss":0,"event_name":"Forgotten Altar","floor":28,"gold_loss":0},{"damage_healed":0,"gold_gain":0,"player_choice":"Ignored","damage_taken":0,"max_hp_gain":0,"max_hp_loss":0,"event_name":"Vampires","floor":29,"gold_loss":0},{"damage_healed":0,"gold_gain":0,"player_choice":"Trade","damage_taken":0,"relics_obtained":["FaceOfCleric"],"max_hp_gain":0,"max_hp_loss":0,"event_name":"FaceTrader","floor":36,"gold_loss":0}],"is_beta":false,"boss_relics":[{"not_picked":["Coffee Dripper","Orrery"],"picked":"Runic Dome"},{"not_picked":["Cursed Key","Mark of Pain"],"picked":"Runic Cube"}],"items_purged_floors":[11,19,30,38],"is_endless":false,"potions_floor_spawned":[4,8,12,14,20,21,24,31],"killed_by":"Sphere and 2 Shapes","ascension_level":10}