{"gold_per_floor":[363,46,11,27,43,99,99,131,156,156,156,171,190,190],"floor_reached":14,"playtime":2006,"items_purged":[],"score":100,"play_id":"54afc5a2-930d-43b6-924d-beb197265303","local_time":"20190519130349","is_ascension_mode":false,"campfire_choices":[{"data":"Darkness","floor":7,"key":"SMITH"},{"data":"Reboot","floor":10,"key":"SMITH"}],"neow_cost":"PERCENT_DAMAGE","seed_source_timestamp":1891362245037707,"circlet_count":0,"master_deck":["Strike_B","Strike_B","Strike_B","Strike_B","Defend_B","Defend_B","Defend_B","Defend_B","Zap","Dualcast","Darkness+1","Barrage","Conserve Battery","Hello World","Conserve Battery","Reboot+1","Capacitor","Streamline"],"relics":["Cracked Core","Thread and Needle","Tiny Chest","Blood Vial","Ancient Tea Set","Boot"],"potions_floor_usage":[12,14],"damage_taken":[{"damage":0,"enemies":"Cultist","floor":1,"turns":4},{"damage":2,"enemies":"Jaw Worm","floor":4,"turns":4},{"damage":0,"enemies":"2 Louse","floor":5,"turns":2},{"damage":12,"enemies":"Lagavulin","floor":6,"turns":6},{"damage":10,"enemies":"3 Sentries","floor":8,"turns":7},{"damage":0,"enemies":"Gremlin Gang","floor":12,"turns":4},{"damage":9,"enemies":"Red Slaver","floor":13,"turns":4},{"damage":48,"enemies":"Gremlin Nob","floor":14,"turns":4}],"seed_played":"-9152975727688817148","potions_obtained":[{"floor":5,"key":"LiquidBronze"},{"floor":6,"key":"Block Potion"},{"floor":8,"key":"Poison Potion"},{"floor":13,"key":"Swift Potion"}],"is_trial":false,"path_per_floor":["M","$","?","M","M","E","R","E","T","R","T","M","M","E"],"character_chosen":"DEFECT","items_purchased":["Thread and Needle","Barrage"],"campfire_rested":0,"item_purchase_floors":[2,2],"current_hp_per_floor":[54,54,72,70,70,58,58,48,48,48,48,50,43,0],"gold":190,"neow_bonus":"TWO_FIFTY_GOLD","is_prod":false,"is_daily":false,"chose_seed":false,"campfire_upgraded":2,"win_rate":0.0,"timestamp":1558285429,"path_taken":["M","$","?","M","M","E","R","E","T","R","?","?","M","E"],"build_version":"2019-01-23","purchased_purges":0,"victory":false,"max_hp_per_floor":[75,75,75,75,75,75,75,75,75,75,75,75,75,75],"card_choices":[{"not_picked":["Steam","Leap"],"picked":"Darkness","floor":1},{"not_picked":["Compile Driver","Cold Snap"],"picked":"Conserve Battery","floor":4},{"not_picked":["White Noise","Conserve Battery"],"picked":"Hello World","floor":5},{"not_picked":["Hologram","Leap"],"picked":"Conserve Battery","floor":6},{"not_picked":["Consume","Leap"],"picked":"Reboot","floor":8},{"not_picked":["Ball Lightning","Hologram"],"picked":"Capacitor","floor":12},{"not_picked":["Conserve Battery","Redo"],"picked":"Streamline","floor":13}],"player_experience":889380,"relics_obtained":[{"floor":6,"key":"Tiny Chest"},{"floor":8,"key":"Blood Vial"},{"floor":9,"key":"Ancient Tea Set"},{"floor":11,"key":"Boot"}],"event_choices":[{"damage_healed":18,"gold_gain":0,"player_choice":"Healed","damage_taken":0,"max_hp_gain":0,"max_hp_loss":0,"event_name":"The Cleric","floor":3,"gold_loss":35}],"is_beta":false,"boss_relics":[],"items_purged_floors":[],"is_endless":false,"potions_floor_spawned":[5,6,8,13],"killed_by":"Gremlin Nob","ascension_level":0}