{"gold_per_floor":[114,124,42,42,58,83,83,116,116,151,151,186,38,58,58,58],"floor_reached":16,"playtime":587,"items_purged":[],"score":186,"play_id":"0f85fed9-82d0-4c31-a2a6-16ad397a908c","local_time":"20190328172723","is_ascension_mode":true,"campfire_choices":[{"data":"Bash","floor":7,"key":"SMITH"},{"floor":11,"key":"REST"},{"data":"Shockwave","floor":15,"key":"SMITH"}],"neow_cost":"NONE","seed_source_timestamp":182533454725963,"circlet_count":0,"master_deck":["Strike_R","Strike_R","Strike_R","Strike_R","Strike_R","Defend_R","Defend_R","Defend_R","Defend_R","Bash+1","Twin Strike","Clothesline","Whirlwind+1","Limit Break","Shockwave+1","Shrug It Off"],"relics":["Burning Blood","NeowsBlessing","Strawberry","Question Card","Oddly Smooth Stone","Mercury Hourglass","Magic Flower","Anchor"],"potions_floor_usage":[6,10],"damage_taken":[{"damage":0,"enemies":"Small Slimes","floor":1,"turns":1},{"damage":0,"enemies":"Cultist","floor":2,"turns":1},{"damage":0,"enemies":"2 Louse","floor":5,"turns":1},{"damage":15,"enemies":"3 Sentries","floor":6,"turns":4},{"damage":47,"enemies":"Lagavulin","floor":8,"turns":10},{"damage":14,"enemies":"3 Sentries","floor":10,"turns":3},{"damage":28,"enemies":"Lagavulin","floor":12,"turns":5},{"damage":0,"enemies":"Looter","floor":14,"turns":3},{"damage":45,"enemies":"The Guardian","floor":16,"turns":11}],"seed_played":"1066216745974544368","potions_obtained":[{"floor":1,"key":"Strength Potion"},{"floor":2,"key":"Swift Potion"},{"floor":14,"key":"LiquidBronze"}],"is_trial":false,"path_per_floor":["M","M","$","?","M","E","R","E","T","E","R","E","$","M","R","B"],"character_chosen":"IRONCLAD","items_purchased":["Whirlwind","Anchor"],"campfire_rested":1,"item_purchase_floors":[3,13],"current_hp_per_floor":[78,80,80,80,80,78,78,37,37,29,55,33,33,42,42,0],"gold":58,"neow_bonus":"THREE_ENEMY_KILL","is_prod":false,"is_daily":false,"chose_seed":false,"campfire_upgraded":2,"win_rate":0,"timestamp":1553790443,"path_taken":["M","M","$","?","?","E","R","E","T","E","R","E","$","M","R","BOSS"],"build_version":"2019-01-23","purchased_purges":0,"victory":false,"max_hp_per_floor":[80,80,80,80,80,87,87,87,87,87,87,87,87,87,87,87],"card_choices":[{"not_picked":["Disarm","Intimidate"],"picked":"Twin Strike","floor":1},{"not_picked":["Clash","Uppercut"],"picked":"Clothesline","floor":2},{"not_picked":["Intimidate","Metallicize","Perfected Strike"],"picked":"SKIP","floor":5},{"not_picked":["Impervious","Flex"],"picked":"Limit Break","floor":6},{"not_picked":["Dual Wield","Armaments"],"picked":"Shockwave","floor":8},{"not_picked":["Bludgeon","Anger","Body Slam"],"picked":"Shrug It Off","floor":10},{"not_picked":["Fiend Fire","Wild Strike","Armaments","Body Slam"],"picked":"SKIP","floor":12},{"not_picked":["Anger","Warcry","Heavy Blade","Evolve"],"picked":"SKIP","floor":14}],"player_experience":166935,"relics_obtained":[{"floor":6,"key":"Strawberry"},{"floor":8,"key":"Question Card"},{"floor":9,"key":"Oddly Smooth Stone"},{"floor":10,"key":"Mercury Hourglass"},{"floor":12,"key":"Magic Flower"}],"event_choices":[{"damage_healed":0,"gold_gain":0,"player_choice":"Forge","damage_taken":0,"max_hp_gain":0,"max_hp_loss":0,"event_name":"Accursed Blacksmith","floor":4,"gold_loss":0,"cards_upgraded":["Whirlwind"]}],"is_beta":false,"boss_relics":[],"items_purged_floors":[],"is_endless":false,"potions_floor_spawned":[1,2,14],"killed_by":"The Guardian","ascension_level":9}