{"gold_per_floor":[119,131,131,131,151,151,168,168,168,185,218,218,242,18,18,18],"floor_reached":16,"playtime":588,"items_purged":["Strike_R"],"score":200,"play_id":"f178e7b5-84d9-4e52-b236-af14ce3b2a69","local_time":"20190529180839","is_ascension_mode":true,"campfire_choices":[{"data":"Battle Trance","floor":6,"key":"SMITH"},{"data":"Body Slam","floor":8,"key":"SMITH"},{"data":"Ghostly Armor","floor":12,"key":"SMITH"},{"data":"Blind","floor":15,"key":"SMITH"}],"neow_cost":"NONE","seed_source_timestamp":1037646322785091,"circlet_count":0,"master_deck":["AscendersBane","Strike_R","Strike_R","Strike_R","Defend_R","Defend_R","Defend_R","Bash","Ghostly Armor+1","Body Slam+1","Battle Trance+1","Body Slam+1","Iron Wave","Iron Wave","Blind+1"],"special_seed":0,"relics":["Burning Blood","Bottled Flame","Prayer Wheel","Juzu Bracelet"],"potions_floor_usage":[11,16],"damage_taken":[{"damage":5.0,"enemies":"Small Slimes","floor":1.0,"turns":4.0},{"damage":0.0,"enemies":"2 Louse","floor":2.0,"turns":3.0},{"damage":2,"enemies":"Jaw Worm","floor":5,"turns":3},{"damage":0,"enemies":"Blue Slaver","floor":7,"turns":5},{"damage":1,"enemies":"2 Fungi Beasts","floor":10,"turns":3},{"damage":28,"enemies":"3 Sentries","floor":11,"turns":9},{"damage":54,"enemies":"Hexaghost","floor":16,"turns":13}],"seed_played":"7431361164149733982","potions_obtained":[{"floor":2.0,"key":"Block Potion"},{"floor":5,"key":"SmokeBomb"},{"floor":11,"key":"SkillPotion"}],"is_trial":false,"path_per_floor":["M","M","?","?","M","R","M","R","T","M","E","R","T","$","R","B"],"character_chosen":"IRONCLAD","items_purchased":["Iron Wave","Blind"],"campfire_rested":0,"item_purchase_floors":[14,14],"current_hp_per_floor":[69,75,75,68,72,72,75,75,75,75,53,53,53,53,53,0],"gold":18,"neow_bonus":"TRANSFORM_CARD","is_prod":false,"is_daily":false,"chose_seed":false,"campfire_upgraded":4,"win_rate":0,"timestamp":1559146119,"path_taken":["M","M","?","?","M","R","M","R","T","M","E","R","?","?","R","BOSS"],"build_version":"2019-01-23","purchased_purges":1,"victory":false,"max_hp_per_floor":[75,75,75,75,75,75,75,75,75,75,75,75,75,75,75,75],"card_choices":[{"not_picked":["Burning Pact","Rage"],"picked":"Body Slam","floor":1.0},{"not_picked":["Combust","Havoc"],"picked":"Battle Trance","floor":2.0},{"not_picked":["Heavy Blade","Thunderclap","Combust"],"picked":"SKIP","floor":5},{"not_picked":["Sword Boomerang","Intimidate"],"picked":"Body Slam","floor":7},{"not_picked":["Havoc","Ghostly Armor"],"picked":"Iron Wave","floor":10},{"not_picked":["Whirlwind","Searing Blow","Pummel"],"picked":"SKIP","floor":11}],"player_experience":457039,"relics_obtained":[{"floor":9,"key":"Bottled Flame"},{"floor":11,"key":"Prayer Wheel"},{"floor":13,"key":"Juzu Bracelet"}],"event_choices":[{"damage_healed":0.0,"max_hp_gain":0.0,"max_hp_loss":0.0,"gold_gain":0.0,"event_name":"Living Wall","player_choice":"Grow","floor":3.0,"gold_loss":0.0,"damage_taken":0.0,"cards_upgraded":["Body Slam"]},{"cards_removed":["Strike_R"],"damage_healed":0.0,"max_hp_gain":0.0,"max_hp_loss":0.0,"gold_gain":0.0,"event_name":"Golden Wing","player_choice":"Card Removal","floor":4.0,"gold_loss":0.0,"damage_taken":7.0}],"is_beta":false,"boss_relics":[],"items_purged_floors":[14],"is_endless":false,"potions_floor_spawned":[2,5,11],"killed_by":"Hexaghost","ascension_level":20}