{"gold_per_floor":[111,36,36,55,70,70,70,100,100,118,118,151,151,61,61,61],"floor_reached":16,"playtime":565,"items_purged":[],"score":211,"play_id":"4c28ce1b-7941-4f57-bc06-03c3bab78819","local_time":"20190523220723","is_ascension_mode":true,"campfire_choices":[{"data":"Iron Wave","floor":6,"key":"SMITH"},{"data":"Carnage","floor":11,"key":"SMITH"},{"data":"Pain","floor":15,"key":"PURGE"}],"neow_cost":"NONE","seed_source_timestamp":533582175025744,"circlet_count":0,"master_deck":["AscendersBane","Strike_R","Strike_R","Strike_R","Strike_R","Strike_R","Defend_R","Defend_R","Bash+1","Iron Wave+1","Cleave","Iron Wave","Carnage+1","Shockwave","Immolate"],"relics":["Burning Blood","Peace Pipe","Shuriken","Orichalcum","WarpedTongs"],"potions_floor_usage":[12,12],"damage_taken":[{"damage":1,"enemies":"Cultist","floor":1,"turns":3},{"damage":4,"enemies":"Small Slimes","floor":4,"turns":3},{"damage":12,"enemies":"Jaw Worm","floor":5,"turns":2},{"damage":31,"enemies":"3 Sentries","floor":8,"turns":9},{"damage":0,"enemies":"Lots of Slimes","floor":10,"turns":2},{"damage":1,"enemies":"Lagavulin","floor":12,"turns":5},{"damage":55,"enemies":"The Guardian","floor":16,"turns":10}],"seed_played":"1134607714466145706","potions_obtained":[{"floor":8,"key":"Block Potion"},{"floor":10,"key":"Energy Potion"}],"is_trial":false,"path_per_floor":["M","?","?","M","M","R","?","E","T","M","R","E","?","$","R","B"],"character_chosen":"IRONCLAD","items_purchased":["Immolate"],"campfire_rested":0,"item_purchase_floors":[14],"current_hp_per_floor":[73,73,78,80,74,74,67,42,42,48,48,53,53,53,53,0],"gold":61,"neow_bonus":"UPGRADE_CARD","is_prod":false,"is_daily":false,"chose_seed":false,"campfire_upgraded":2,"win_rate":0,"timestamp":1558642043,"path_taken":["M","?","?","?","?","R","?","E","T","M","R","E","?","$","R","BOSS"],"build_version":"2019-01-23","purchased_purges":0,"victory":false,"max_hp_per_floor":[75,75,80,80,80,80,80,80,80,80,80,80,80,80,80,80],"card_choices":[{"not_picked":["Shrug It Off","Flex"],"picked":"Iron Wave","floor":1},{"not_picked":["True Grit","Feel No Pain"],"picked":"Cleave","floor":4},{"not_picked":["Fire Breathing","Shrug It Off"],"picked":"Iron Wave","floor":5},{"not_picked":["Shockwave","Corruption"],"picked":"Carnage","floor":8},{"not_picked":["Bloodletting","True Grit"],"picked":"Shockwave","floor":10},{"not_picked":["Searing Blow","Wild Strike","Sword Boomerang"],"picked":"SKIP","floor":12}],"player_experience":371812,"relics_obtained":[{"floor":8,"key":"Peace Pipe"},{"floor":9,"key":"Shuriken"},{"floor":12,"key":"Orichalcum"}],"event_choices":[{"cards_removed":["Defend_R"],"damage_healed":0,"gold_gain":0,"player_choice":"Card Removal","damage_taken":0,"max_hp_gain":0,"max_hp_loss":0,"event_name":"The Cleric","floor":2,"gold_loss":75},{"damage_healed":0,"gold_gain":0,"player_choice":"Donut","damage_taken":0,"max_hp_gain":5,"max_hp_loss":0,"event_name":"Big Fish","floor":3,"gold_loss":0},{"cards_removed":["Defend_R"],"damage_healed":0,"gold_gain":0,"player_choice":"Card Removal","damage_taken":7,"max_hp_gain":0,"max_hp_loss":0,"event_name":"Golden Wing","floor":7,"gold_loss":0},{"damage_healed":0,"gold_gain":0,"player_choice":"Rummage","damage_taken":0,"relics_obtained":["WarpedTongs"],"max_hp_gain":0,"max_hp_loss":0,"event_name":"Accursed Blacksmith","floor":13,"gold_loss":0,"cards_obtained":["Pain"]}],"is_beta":false,"boss_relics":[],"items_purged_floors":[],"is_endless":false,"potions_floor_spawned":[8,10],"killed_by":"The Guardian","ascension_level":19}