{"gold_per_floor":[116,136,152,166,116,116,145,145,145,145,179,193,223,98,98,177,177,117,117,0,0,0,0],"floor_reached":23,"playtime":850,"items_purged":["Strike_G"],"score":359,"play_id":"43afc6b4-c96b-4581-8c83-ad632e8c69d7","local_time":"20190516215704","is_ascension_mode":true,"campfire_choices":[{"data":"Noxious Fumes","floor":6.0,"key":"SMITH"},{"floor":10,"key":"REST"},{"data":"Caltrops","floor":15,"key":"SMITH"}],"neow_cost":"NONE","seed_source_timestamp":108767166982489,"circlet_count":0,"master_deck":["AscendersBane","Defend_G","Defend_G","Defend_G","Defend_G","Defend_G","Strike_G","Strike_G","Strike_G","Survivor","Neutralize","Deadly Poison","Noxious Fumes+1","Backstab","Die Die Die","Flying Knee","Caltrops+1","Backflip","Malaise","Catalyst","Blur"],"special_seed":0,"relics":["Ring of the Snake","NeowsBlessing","Snake Skull","Mummified Hand","Sundial","Letter Opener","Lantern","Ectoplasm"],"potions_floor_usage":[11,16,19,23],"damage_taken":[{"damage":0.0,"enemies":"Cultist","floor":1.0,"turns":1.0},{"damage":0.0,"enemies":"2 Louse","floor":2.0,"turns":1.0},{"damage":0.0,"enemies":"Jaw Worm","floor":3.0,"turns":1.0},{"damage":5.0,"enemies":"2 Fungi Beasts","floor":4.0,"turns":5.0},{"damage":30.0,"enemies":"Gremlin Nob","floor":7.0,"turns":4.0},{"damage":10,"enemies":"3 Sentries","floor":11,"turns":7},{"damage":0,"enemies":"Large Slime","floor":12,"turns":4},{"damage":15,"enemies":"Lagavulin","floor":13,"turns":6},{"damage":7,"enemies":"The Guardian","floor":16,"turns":9},{"damage":9,"enemies":"2 Thieves","floor":18,"turns":4},{"damage":5,"enemies":"Spheric Guardian","floor":19,"turns":4},{"damage":16,"enemies":"Colosseum Slavers","floor":21,"turns":4},{"damage":12,"enemies":"Centurion and Healer","floor":22,"turns":6},{"damage":10,"enemies":"Book of Stabbing","floor":23,"turns":3}],"seed_played":"-7746414104423864391","potions_obtained":[{"floor":2.0,"key":"GhostInAJar"},{"floor":7,"key":"Fire Potion"},{"floor":12,"key":"LiquidBronze"},{"floor":16,"key":"SkillPotion"},{"floor":22,"key":"Fire Potion"}],"is_trial":false,"path_per_floor":["M","M","M","M","?","R","E","?","T","R","E","M","E","$","R","B",null,"M","M","?","?","M","E"],"character_chosen":"THE_SILENT","items_purchased":["Backflip"],"campfire_rested":1,"item_purchase_floors":[14],"current_hp_per_floor":[59,59,59,54,54,54,24,17,17,36,26,26,11,11,11,4,51,42,37,37,21,9,0],"gold":0,"neow_bonus":"THREE_ENEMY_KILL","is_prod":false,"is_daily":false,"chose_seed":false,"campfire_upgraded":2,"win_rate":0,"timestamp":1558036624,"path_taken":["M","M","?","?","?","R","E","?","T","R","E","M","E","$","R","BOSS","M","M","?","?","M","E"],"build_version":"2019-01-23","purchased_purges":1,"victory":false,"max_hp_per_floor":[66,66,66,66,66,66,66,66,66,66,66,66,66,66,66,66,66,66,66,66,66,66,66],"card_choices":[{"not_picked":["Sucker Punch","PiercingWail"],"picked":"Deadly Poison","floor":1.0},{"not_picked":["Eviscerate","Slice"],"picked":"Noxious Fumes","floor":2.0},{"not_picked":["Riddle With Holes","Dagger Throw","Setup"],"picked":"SKIP","floor":3.0},{"not_picked":["Slice","Finisher"],"picked":"Backstab","floor":4.0},{"not_picked":["Quick Slash","Dagger Spray"],"picked":"Die Die Die","floor":7},{"not_picked":["Tactician","Deflect","Finisher"],"picked":"SKIP","floor":11},{"not_picked":["Sucker Punch","Eviscerate"],"picked":"Flying Knee","floor":12},{"not_picked":["Flying Knee","Poisoned Stab"],"picked":"Caltrops","floor":13},{"not_picked":["Adrenaline","Doppelganger"],"picked":"Malaise","floor":16},{"not_picked":["Poisoned Stab+1","Sucker Punch"],"picked":"Catalyst","floor":18},{"not_picked":["Dagger Spray+1","Quick Slash","Calculated Gamble+1"],"picked":"SKIP","floor":19},{"not_picked":["Outmaneuver","Dagger Spray"],"picked":"Blur","floor":22}],"player_experience":336978,"relics_obtained":[{"floor":7,"key":"Snake Skull"},{"floor":9,"key":"Sundial"},{"floor":11,"key":"Letter Opener"},{"floor":13,"key":"Lantern"}],"event_choices":[{"cards_removed":["Strike_G"],"damage_healed":0.0,"max_hp_gain":0.0,"max_hp_loss":0.0,"gold_gain":0.0,"event_name":"The Cleric","player_choice":"Card Removal","floor":5.0,"gold_loss":50.0,"damage_taken":0.0},{"damage_healed":0,"gold_gain":0,"player_choice":"Success","damage_taken":7,"relics_obtained":["Mummified Hand"],"max_hp_gain":0,"max_hp_loss":0,"event_name":"Scrap Ooze","floor":8,"gold_loss":0},{"damage_healed":0,"gold_gain":0,"player_choice":"Paid Fearfully","damage_taken":0,"max_hp_gain":0,"max_hp_loss":0,"event_name":"Masked Bandits","floor":20,"gold_loss":117},{"damage_healed":0,"gold_gain":0,"player_choice":"Fight","damage_taken":0,"max_hp_gain":0,"max_hp_loss":0,"event_name":"Colosseum","floor":21,"gold_loss":0},{"damage_healed":0,"gold_gain":0,"player_choice":"Fled From Nobs","damage_taken":0,"max_hp_gain":0,"max_hp_loss":0,"event_name":"Colosseum","floor":21,"gold_loss":0}],"is_beta":false,"boss_relics":[{"not_picked":["Cursed Key","Black Star"],"picked":"Ectoplasm"}],"items_purged_floors":[14],"is_endless":false,"potions_floor_spawned":[2,7,12,16,21,22],"killed_by":"Book of Stabbing","ascension_level":14}