{"gold_per_floor":[114,189,189,204,215,246,246,246,246,269,307,307,326,326,326,326],"floor_reached":16,"playtime":583,"items_purged":[],"score":143,"play_id":"b89115a7-6c36-40f6-86c4-f24dbbdecce3","local_time":"20190314161014","is_ascension_mode":true,"campfire_choices":[{"floor":8.0,"key":"REST"},{"data":"Shockwave","floor":12.0,"key":"SMITH"},{"floor":15.0,"key":"REST"}],"neow_cost":"NONE","seed_source_timestamp":19152043462474,"circlet_count":0,"master_deck":["Strike_R","Strike_R+1","Strike_R","Strike_R","Defend_R","Defend_R","Defend_R","Bash+1","Infernal Blade","Iron Wave","Shrug It Off","Shockwave+1","Injury","Ghostly Armor"],"special_seed":0,"relics":["Burning Blood","Shuriken","Golden Idol","Blue Candle","Pen Nib"],"potions_floor_usage":[],"damage_taken":[{"damage":7.0,"enemies":"2 Louse","floor":1.0,"turns":4.0},{"damage":5.0,"enemies":"Jaw Worm","floor":4.0,"turns":2.0},{"damage":1.0,"enemies":"Small Slimes","floor":5.0,"turns":2.0},{"damage":37.0,"enemies":"Gremlin Nob","floor":6.0,"turns":4.0},{"damage":8.0,"enemies":"Looter","floor":10.0,"turns":2.0},{"damage":27.0,"enemies":"Lagavulin","floor":11.0,"turns":9.0},{"damage":5.0,"enemies":"Red Slaver","floor":13.0,"turns":3.0},{"damage":41,"enemies":"Hexaghost","floor":16,"turns":9}],"seed_played":"6331624959638793345","potions_obtained":[{"floor":1.0,"key":"Explosive Potion"},{"floor":10.0,"key":"SpeedPotion"}],"is_trial":false,"path_per_floor":["M","?","?","M","M","E","?","R","T","M","E","R","M","?","R","B"],"character_chosen":"IRONCLAD","items_purchased":[],"campfire_rested":2,"item_purchase_floors":[],"current_hp_per_floor":[71,60,44,45,50,19,19,43,43,41,20,20,21,14,38,0],"gold":326,"neow_bonus":"TRANSFORM_CARD","is_prod":false,"is_daily":false,"chose_seed":false,"campfire_upgraded":1,"win_rate":0,"timestamp":1552576214,"path_taken":["M","?","?","M","M","E","?","R","T","M","E","R","M","?","R","BOSS"],"build_version":"2019-01-23","purchased_purges":0,"victory":false,"max_hp_per_floor":[80,80,80,80,80,80,80,80,80,80,80,80,80,80,80,80],"card_choices":[{"not_picked":["Metallicize","Burning Pact","Flex"],"picked":"SKIP","floor":1.0},{"not_picked":["Warcry","Headbutt"],"picked":"Iron Wave","floor":4.0},{"not_picked":["Thunderclap","Wild Strike"],"picked":"Shrug It Off","floor":5.0},{"not_picked":["Wild Strike","Pommel Strike"],"picked":"Shockwave","floor":6.0},{"not_picked":["Bloodletting","Body Slam","Fire Breathing"],"picked":"SKIP","floor":10.0},{"not_picked":["Havoc","Perfected Strike"],"picked":"Ghostly Armor","floor":11.0},{"not_picked":["Flex","Headbutt","Heavy Blade"],"picked":"SKIP","floor":13.0}],"player_experience":95893,"relics_obtained":[{"floor":6.0,"key":"Shuriken"},{"floor":9.0,"key":"Blue Candle"},{"floor":11.0,"key":"Pen Nib"}],"event_choices":[{"damage_healed":0.0,"max_hp_gain":0.0,"max_hp_loss":0.0,"gold_gain":75.0,"event_name":"World of Goop","player_choice":"Gather Gold","floor":2.0,"gold_loss":0.0,"damage_taken":11.0},{"damage_healed":0.0,"max_hp_gain":0.0,"max_hp_loss":0.0,"gold_gain":0.0,"event_name":"Shining Light","player_choice":"Entered Light","floor":3.0,"gold_loss":0.0,"damage_taken":16.0,"cards_upgraded":["Strike_R","Bash"]},{"damage_healed":0.0,"max_hp_gain":0.0,"max_hp_loss":0.0,"gold_gain":0.0,"event_name":"Golden Idol","player_choice":"Take Wound","floor":7.0,"gold_loss":0.0,"damage_taken":0.0,"relics_obtained":["Golden Idol"],"cards_obtained":["Injury"]},{"cards_removed":["Defend_R"],"damage_healed":0.0,"max_hp_gain":0.0,"max_hp_loss":0.0,"gold_gain":0.0,"event_name":"Golden Wing","player_choice":"Card Removal","floor":14.0,"gold_loss":0.0,"damage_taken":7.0}],"is_beta":false,"boss_relics":[],"items_purged_floors":[],"is_endless":false,"potions_floor_spawned":[1,10],"killed_by":"Hexaghost","ascension_level":6}