{"gold_per_floor":[115,115,115,133,58,89,89,114,114,4,4,14,49,60,60,137,137,156,175,189,201,201,201,201],"floor_reached":24,"playtime":869,"items_purged":["Pain","Strike_B"],"score":482,"play_id":"f11b895c-cade-4637-95b2-1b8170500265","local_time":"20190627222247","is_ascension_mode":true,"campfire_choices":[{"data":"Sweeping Beam","floor":7.0,"key":"SMITH"},{"floor":11.0,"key":"REST"},{"data":"Consume","floor":15.0,"key":"SMITH"},{"floor":23,"key":"REST"}],"neow_cost":"NONE","seed_source_timestamp":16358597251763,"circlet_count":0,"master_deck":["AscendersBane","Strike_B","Strike_B","Strike_B","Defend_B","Defend_B+1","Defend_B","Defend_B","Zap","Dualcast+1","Sweeping Beam+1","Melter","Ball Lightning","Self Repair","Capacitor","Consume+1","Steam","Conserve Battery","Electrodynamics","Steam+1","Darkness+1"],"special_seed":0,"relics":["Cracked Core","NeowsBlessing","WarpedTongs","Darkstone Periapt","War Paint","The Courier","Bottled Tornado","Sozu","Enchiridion"],"potions_floor_usage":[],"damage_taken":[{"damage":0.0,"enemies":"Jaw Worm","floor":1.0,"turns":1.0},{"damage":0.0,"enemies":"Cultist","floor":4.0,"turns":1.0},{"damage":0.0,"enemies":"Gremlin Nob","floor":6.0,"turns":1.0},{"damage":22.0,"enemies":"Lagavulin","floor":8.0,"turns":5.0},{"damage":0.0,"enemies":"Small Slimes","floor":12.0,"turns":2.0},{"damage":26.0,"enemies":"3 Sentries","floor":13.0,"turns":7.0},{"damage":2.0,"enemies":"Exordium Thugs","floor":14.0,"turns":4.0},{"damage":51.0,"enemies":"Slime Boss","floor":16.0,"turns":8.0},{"damage":18.0,"enemies":"3 Byrds","floor":18.0,"turns":3.0},{"damage":8,"enemies":"Chosen","floor":19,"turns":4},{"damage":23,"enemies":"Centurion and Healer","floor":20,"turns":6},{"damage":7,"enemies":"Chosen and Byrds","floor":21,"turns":4},{"damage":24,"enemies":"Book of Stabbing","floor":24,"turns":2}],"seed_played":"-223209033462783451","potions_obtained":[{"floor":6.0,"key":"Swift Potion"},{"floor":8.0,"key":"Fire Potion"},{"floor":14.0,"key":"Explosive Potion"},{"floor":16.0,"key":"SpeedPotion"}],"is_trial":false,"path_per_floor":["M","?","?","M","$","E","R","E","T","$","R","M","E","M","R","B",null,"M","M","M","M","?","R","E"],"character_chosen":"DEFECT","items_purchased":["Capacitor"],"campfire_rested":2,"item_purchase_floors":[10],"current_hp_per_floor":[64,64,64,64,64,64,64,42,42,42,63,63,44,52,52,8,55,37,36,23,23,2,23,0],"gold":201,"neow_bonus":"THREE_ENEMY_KILL","is_prod":false,"is_daily":false,"chose_seed":false,"campfire_upgraded":2,"win_rate":0,"timestamp":1561699367,"path_taken":["M","?","?","?","$","E","R","E","T","?","R","M","E","M","R","BOSS","M","M","M","M","?","R","E"],"build_version":"2019-06-24","purchased_purges":2,"victory":false,"max_hp_per_floor":[71,71,71,71,71,71,71,71,71,71,71,71,71,71,71,71,71,71,71,71,71,71,71,71],"card_choices":[{"not_picked":["Redo","Conserve Battery"],"picked":"Sweeping Beam","floor":1.0},{"not_picked":["Auto Shields","Melter","Reprogram"],"picked":"SKIP","floor":4.0},{"not_picked":["Auto Shields","Reprogram"],"picked":"Melter","floor":4.0},{"not_picked":["Genetic Algorithm","Chill"],"picked":"Ball Lightning","floor":6.0},{"not_picked":["Steam Power","Force Field"],"picked":"Self Repair","floor":8.0},{"not_picked":["Hello World","Heatsinks"],"picked":"Consume","floor":12.0},{"not_picked":["Stack","Barrage"],"picked":"Steam","floor":13.0},{"not_picked":["Sweeping Beam","Rebound"],"picked":"Conserve Battery","floor":14.0},{"not_picked":["Fission","Thunder Strike"],"picked":"Electrodynamics","floor":16.0},{"not_picked":["Sweeping Beam","Melter+1","Streamline"],"picked":"SKIP","floor":18},{"not_picked":["Blizzard","Beam Cell"],"picked":"Steam+1","floor":19},{"not_picked":["Stack","Capacitor","Sweeping Beam"],"picked":"SKIP","floor":20},{"not_picked":["Redo","Steam"],"picked":"Darkness+1","floor":21}],"player_experience":1698009,"relics_obtained":[{"floor":6.0,"key":"Darkstone Periapt"},{"floor":8.0,"key":"War Paint"},{"floor":9.0,"key":"The Courier"},{"floor":13.0,"key":"Bottled Tornado"},{"floor":22,"key":"Enchiridion"}],"event_choices":[{"damage_healed":0.0,"max_hp_gain":0.0,"max_hp_loss":0.0,"gold_gain":0.0,"event_name":"Liars Game","player_choice":"Ignored","floor":2.0,"gold_loss":0.0,"damage_taken":0.0},{"damage_healed":0.0,"max_hp_gain":0.0,"max_hp_loss":0.0,"gold_gain":0.0,"event_name":"Accursed Blacksmith","player_choice":"Rummage","floor":3.0,"gold_loss":0.0,"damage_taken":0.0,"relics_obtained":["WarpedTongs"],"cards_obtained":["Pain"]},{"damage_healed":0,"gold_gain":0,"player_choice":"Obtained Book","damage_taken":21,"max_hp_gain":0,"max_hp_loss":0,"event_name":"Cursed Tome","floor":22,"gold_loss":0}],"is_beta":true,"boss_relics":[{"not_picked":["Eternal Feather","Busted Crown"],"picked":"Sozu"}],"items_purged_floors":[5,10],"is_endless":false,"potions_floor_spawned":[6,8,12,14,16,19,20],"killed_by":"Book of Stabbing","ascension_level":20}