{"gold_per_floor":[113,132,200,218,229,229,242,242,242,242,262,292,41,67,67,144,144,155,174,174,190,115,115,142,152,202,0,0],"floor_reached":28,"playtime":1342,"items_purged":["Strike_B"],"score":408,"play_id":"662ec6bb-7882-478b-ad70-ce5e2745a3c5","local_time":"20190527233146","is_ascension_mode":true,"campfire_choices":[{"data":"Capacitor","floor":6.0,"key":"SMITH"},{"data":"Genetic Algorithm","floor":8.0,"key":"SMITH"},{"data":"Glacier","floor":10.0,"key":"SMITH"},{"data":"Defragment","floor":15,"key":"SMITH"},{"floor":23,"key":"REST"}],"neow_cost":"NONE","seed_source_timestamp":883444856880704,"circlet_count":0,"master_deck":["AscendersBane","Strike_B","Strike_B","Strike_B","Defend_B","Defend_B","Defend_B","Defend_B","Zap","Dualcast","Capacitor+1","Genetic Algorithm+1","Chill","Glacier+1","Blizzard","Gash","Blizzard","Loop","Chill","Defragment+1","Self Repair","Reinforced Body","Cold Snap","Barrage","Reprogram","BootSequence","Glacier+1"],"special_seed":0,"relics":["Cracked Core","NeowsBlessing","Mercury Hourglass","Turnip","Ancient Tea Set","Bag of Preparation","Odd Mushroom","Orrery","Bottled Lightning","Dream Catcher","DollysMirror"],"potions_floor_usage":[19,21,24],"damage_taken":[{"damage":0.0,"enemies":"Cultist","floor":1.0,"turns":1.0},{"damage":0.0,"enemies":"Jaw Worm","floor":2.0,"turns":1.0},{"damage":0.0,"enemies":"2 Louse","floor":4.0,"turns":1.0},{"damage":10.0,"enemies":"Gremlin Gang","floor":5.0,"turns":5.0},{"damage":7.0,"enemies":"Looter","floor":7.0,"turns":4.0},{"damage":2.0,"enemies":"2 Fungi Beasts","floor":11.0,"turns":3.0},{"damage":27,"enemies":"Lagavulin","floor":12,"turns":12},{"damage":0,"enemies":"The Mushroom Lair","floor":14,"turns":4},{"damage":15,"enemies":"The Guardian","floor":16,"turns":13},{"damage":22,"enemies":"3 Byrds","floor":18,"turns":5},{"damage":19,"enemies":"Spheric Guardian","floor":19,"turns":6},{"damage":23,"enemies":"Snake Plant","floor":21,"turns":6},{"damage":24,"enemies":"Slavers","floor":24,"turns":7},{"damage":6,"enemies":"Snecko","floor":25,"turns":6},{"damage":21,"enemies":"Chosen and Byrds","floor":28,"turns":6}],"seed_played":"-7047874755328614248","potions_obtained":[{"floor":1.0,"key":"EntropicBrew"},{"floor":11.0,"key":"SteroidPotion"},{"floor":14,"key":"GamblersBrew"},{"floor":21,"key":"Block Potion"}],"is_trial":false,"path_per_floor":["M","M","T","M","M","R","M","R","T","R","M","E","$","?","R","B",null,"M","M","?","M","$","R","E","M","T","$","M"],"character_chosen":"DEFECT","items_purchased":["Loop","Bag of Preparation","Chill","DollysMirror"],"campfire_rested":1,"item_purchase_floors":[13,13,13,27],"current_hp_per_floor":[64,64,64,64,54,54,47,47,47,47,45,18,18,18,18,3,54,39,27,27,11,11,32,15,16,16,16,0],"gold":0,"neow_bonus":"THREE_ENEMY_KILL","is_prod":false,"is_daily":false,"chose_seed":false,"campfire_upgraded":4,"win_rate":0,"timestamp":1558992706,"path_taken":["M","?","?","M","M","R","M","R","T","R","M","E","$","?","R","BOSS","M","M","?","M","$","R","E","?","T","$","M"],"build_version":"2019-01-23","purchased_purges":1,"victory":false,"max_hp_per_floor":[71,71,71,71,71,71,71,71,71,71,71,71,71,71,71,71,71,71,71,71,71,71,71,71,71,71,71,71],"card_choices":[{"not_picked":["Sweeping Beam","Gash"],"picked":"Capacitor","floor":1.0},{"not_picked":["Compile Driver","Consume"],"picked":"Genetic Algorithm","floor":2.0},{"not_picked":["Turbo","Rebound"],"picked":"Chill","floor":4.0},{"not_picked":["Gash","Conserve Battery"],"picked":"Glacier","floor":5.0},{"not_picked":["Barrage","Heatsinks"],"picked":"Blizzard","floor":7.0},{"not_picked":["Aggregate","Consume"],"picked":"Gash","floor":11.0},{"not_picked":["Gash","Streamline"],"picked":"Blizzard","floor":12},{"not_picked":["Leap","Static Discharge"],"picked":"Defragment","floor":14},{"not_picked":["Stack","Redo"],"picked":"Self Repair","floor":17},{"not_picked":["Compile Driver","Stack"],"picked":"Reinforced Body","floor":17},{"not_picked":["Barrage","Go for the Eyes"],"picked":"Cold Snap","floor":17},{"not_picked":["Streamline","Leap"],"picked":"Barrage","floor":17},{"not_picked":["Leap","Beam Cell","Rebound"],"picked":"SKIP","floor":18},{"not_picked":["Tempest","Leap"],"picked":"Reprogram","floor":19},{"not_picked":["Sweeping Beam","Cold Snap+1","Consume"],"picked":"SKIP","floor":21},{"not_picked":["Go for the Eyes","Barrage","Storm"],"picked":"SKIP","floor":24},{"not_picked":["Hologram","Rebound"],"picked":"BootSequence","floor":25}],"player_experience":445269,"relics_obtained":[{"floor":3.0,"key":"Mercury Hourglass"},{"floor":9.0,"key":"Turnip"},{"floor":12,"key":"Ancient Tea Set"},{"floor":14,"key":"Odd Mushroom"},{"floor":24,"key":"Bottled Lightning"},{"floor":26,"key":"Dream Catcher"}],"event_choices":[{"damage_healed":0,"gold_gain":0,"player_choice":"Fought Mushrooms","damage_taken":0,"max_hp_gain":0,"max_hp_loss":0,"event_name":"Mushrooms","floor":14,"gold_loss":0},{"damage_healed":0,"gold_gain":0,"player_choice":"Ignored","damage_taken":0,"max_hp_gain":0,"max_hp_loss":0,"event_name":"N\u0027loth","floor":20,"gold_loss":0}],"is_beta":false,"boss_relics":[{"not_picked":["Nuclear Battery","Empty Cage"],"picked":"Orrery"}],"items_purged_floors":[22],"is_endless":false,"potions_floor_spawned":[1,11,14,18,21],"killed_by":"Chosen and Byrds","ascension_level":14}