{"gold_per_floor":[118,118,131,131,148,174,186,217,217,227,227,37,65,79,79,179,179,119,133,133,133,149,149,177,21,21,48,48,148,180,200,200,301,301,312,331,344,143,163,196,212,244,317,331,6,60,160,175,175,175,175,175,54,81,81],"floor_reached":55,"playtime":5254,"items_purged":["Injury"],"score":1274,"play_id":"a47ab283-8d4e-41bc-8299-d88aabb363f7","local_time":"20190609105835","is_ascension_mode":true,"campfire_choices":[{"data":"Dualcast","floor":11.0,"key":"SMITH"},{"data":"Apotheosis","floor":15.0,"key":"SMITH"},{"data":"Buffer","floor":23.0,"key":"SMITH"},{"data":"Multi-Cast","floor":28.0,"key":"SMITH"},{"data":"Consume","floor":32.0,"key":"SMITH"},{"floor":49,"key":"RECALL"},{"data":"Reboot","floor":52,"key":"SMITH"}],"neow_cost":"NONE","seed_source_timestamp":0,"circlet_count":0,"master_deck":["Zap+1","Dualcast+1","Glacier","Auto Shields","Steam Power","Rebound","Consume+1","Apotheosis+1","Sunder","Buffer+1","Self Repair","Glacier","Chill","Multi-Cast+1","Genetic Algorithm","Steam","RitualDagger","Blizzard","Defragment+1","Echo Form","Ball Lightning+1","Electrodynamics","Parasite","Reboot+1","Panacea","Hologram"],"special_seed":0,"relics":["Cracked Core","Letter Opener","Happy Flower","Blue Candle","Sundial","Pandora\u0027s Box","Anchor","DataDisk","Mango","Orichalcum","Emotion Chip","Dodecahedron","Thread and Needle","Cursed Key","Frozen Eye","Bag of Preparation","Vajra","Singing Bowl","Gambling Chip","Prayer Wheel","Bronze Scales"],"potions_floor_usage":[41,55,55,55,55],"damage_taken":[{"damage":0.0,"enemies":"Cultist","floor":1.0,"turns":3.0},{"damage":0.0,"enemies":"Jaw Worm","floor":3.0,"turns":4.0},{"damage":0.0,"enemies":"Small Slimes","floor":5.0,"turns":5.0},{"damage":4.0,"enemies":"3 Sentries","floor":6.0,"turns":9.0},{"damage":0.0,"enemies":"Looter","floor":7.0,"turns":2.0},{"damage":22.0,"enemies":"Lagavulin","floor":8.0,"turns":12.0},{"damage":1.0,"enemies":"2 Fungi Beasts","floor":10.0,"turns":4.0},{"damage":0.0,"enemies":"3 Sentries","floor":13.0,"turns":4.0},{"damage":0.0,"enemies":"3 Louse","floor":14.0,"turns":2.0},{"damage":13.0,"enemies":"The Guardian","floor":16.0,"turns":11.0},{"damage":3.0,"enemies":"2 Thieves","floor":18.0,"turns":4.0},{"damage":0.0,"enemies":"Spheric Guardian","floor":19.0,"turns":6.0},{"damage":21.0,"enemies":"Snake Plant","floor":22.0,"turns":5.0},{"damage":21.0,"enemies":"Book of Stabbing","floor":24.0,"turns":8.0},{"damage":0.0,"enemies":"Slavers","floor":27.0,"turns":7.0},{"damage":4.0,"enemies":"Colosseum Slavers","floor":29.0,"turns":4.0},{"damage":0.0,"enemies":"Colosseum Nobs","floor":29.0,"turns":6.0},{"damage":0.0,"enemies":"Gremlin Leader","floor":30.0,"turns":6.0},{"damage":0.0,"enemies":"Snecko","floor":31.0,"turns":7.0},{"damage":12.0,"enemies":"Champ","floor":33.0,"turns":13.0},{"damage":4,"enemies":"3 Darklings","floor":35,"turns":4},{"damage":0,"enemies":"3 Shapes","floor":36,"turns":6},{"damage":0,"enemies":"Writhing Mass","floor":37,"turns":4},{"damage":0,"enemies":"Maw","floor":39,"turns":7},{"damage":0,"enemies":"Nemesis","floor":40,"turns":7},{"damage":14,"enemies":"Spire Growth","floor":41,"turns":5},{"damage":6,"enemies":"Reptomancer","floor":42,"turns":7},{"damage":0,"enemies":"3 Darklings","floor":44,"turns":2},{"damage":4,"enemies":"2 Orb Walkers","floor":46,"turns":3},{"damage":0,"enemies":"Mind Bloom Boss Battle","floor":47,"turns":3},{"damage":0,"enemies":"Writhing Mass","floor":48,"turns":6},{"damage":1,"enemies":"Donu and Deca","floor":50,"turns":9},{"damage":68,"enemies":"Shield and Spear","floor":54,"turns":6},{"damage":53,"enemies":"The Heart","floor":55,"turns":8}],"seed_played":"7108407815143368576","potions_obtained":[{"floor":3.0,"key":"Fire Potion"},{"floor":5.0,"key":"AttackPotion"},{"floor":7.0,"key":"Fire Potion"},{"floor":10.0,"key":"Fire Potion"},{"floor":19.0,"key":"Weak Potion"},{"floor":22.0,"key":"FearPotion"},{"floor":31.0,"key":"SteroidPotion"},{"floor":35,"key":"SpeedPotion"},{"floor":41,"key":"PowerPotion"},{"floor":42,"key":"EntropicBrew"},{"floor":46,"key":"EssenceOfSteel"},{"floor":48,"key":"PowerPotion"}],"is_trial":false,"path_per_floor":["M","?","M","?","M","E","M","E","T","M","R","$","E","M","R","B",null,"M","M","?","?","M","R","E","$","T","E","R","?","E","M","R","B",null,"M","M","M","$","M","E","M","E","T","M","$","?","?","M","R","B",null,"R","$","E","B"],"character_chosen":"DEFECT","items_purchased":["Apotheosis","DataDisk","Frozen Eye","Singing Bowl","Panacea","Hologram"],"campfire_rested":0,"item_purchase_floors":[12,25,38,45,53,53],"current_hp_per_floor":[68,68,68,68,68,64,64,42,42,41,41,41,41,41,41,28,63,70,75,69,69,58,58,47,47,61,71,71,74,84,89,89,87,89,89,89,89,89,89,89,82,83,83,83,83,88,90,95,95,95,95,95,95,49,0],"gold":81,"neow_bonus":"UPGRADE_CARD","is_prod":false,"is_daily":false,"chose_seed":false,"campfire_upgraded":6,"win_rate":0,"timestamp":1560103115,"path_taken":["M","?","?","?","?","E","M","E","T","M","R","?","E","M","R","BOSS","M","M","?","?","M","R","E","$","T","E","R","?","E","M","R","BOSS","M","M","M","$","M","E","M","E","T","M","$","?","?","M","R","BOSS","R","$","E","BOSS"],"build_version":"2019-01-23","purchased_purges":1,"victory":false,"max_hp_per_floor":[75,75,75,75,75,75,75,75,75,75,75,75,75,75,75,75,75,75,75,75,75,75,75,75,75,89,89,89,89,89,89,89,89,89,89,89,89,89,89,89,89,89,89,89,89,91,93,95,95,95,95,95,95,97,97],"card_choices":[{"not_picked":["Ball Lightning","BootSequence"],"picked":"Glacier","floor":1.0},{"not_picked":["Melter","Turbo"],"picked":"Auto Shields","floor":3.0},{"not_picked":["Loop","Beam Cell"],"picked":"Rebound","floor":5.0},{"not_picked":["Glacier","BootSequence"],"picked":"Consume","floor":6.0},{"not_picked":["Beam Cell","Rebound","Fusion"],"picked":"SKIP","floor":7.0},{"not_picked":["Rebound","Streamline","Compile Driver"],"picked":"SKIP","floor":8.0},{"not_picked":["Aggregate","Reprogram","Sweeping Beam"],"picked":"SKIP","floor":10.0},{"not_picked":["Glacier","Lockon"],"picked":"Sunder","floor":13.0},{"not_picked":["Rebound","Streamline","Beam Cell"],"picked":"SKIP","floor":14.0},{"not_picked":["Machine Learning","All For One"],"picked":"Buffer","floor":16.0},{"not_picked":["Steam","Recycle","Leap+1"],"picked":"SKIP","floor":18.0},{"not_picked":["Recycle","Go for the Eyes","Cold Snap+1"],"picked":"SKIP","floor":19.0},{"not_picked":["Barrage","Hologram","Gash"],"picked":"SKIP","floor":22.0},{"not_picked":["Cold Snap","Recycle"],"picked":"Defragment+1","floor":24.0},{"not_picked":["Rebound","Streamline+1","Conserve Battery"],"picked":"SKIP","floor":27.0},{"not_picked":["Recycle","Hello World"],"picked":"Echo Form","floor":29.0},{"not_picked":["Ball Lightning+1","Stack","Compile Driver"],"picked":"SKIP","floor":30.0},{"not_picked":["Barrage","Rebound","Defragment"],"picked":"SKIP","floor":31.0},{"not_picked":["Redo","Gash","Turbo"],"picked":"SKIP","floor":35},{"not_picked":["Go for the Eyes+1","Heatsinks","Compile Driver+1"],"picked":"SKIP","floor":36},{"not_picked":["Double Energy+1","Fusion+1","Compile Driver"],"picked":"SKIP","floor":37},{"not_picked":["Chaos+1","Gash+1"],"picked":"Ball Lightning+1","floor":39},{"not_picked":["Sweeping Beam+1","Beam Cell+1"],"picked":"Electrodynamics","floor":40},{"not_picked":["Rip and Tear+1","Aggregate+1","Auto Shields+1"],"picked":"SKIP","floor":41},{"not_picked":["Redo+1","Go for the Eyes+1","Chill"],"picked":"SKIP","floor":42},{"not_picked":["Barrage","Ball Lightning","Genetic Algorithm+1"],"picked":"SKIP","floor":44},{"not_picked":["Gash+1","Leap+1","Streamline+1"],"picked":"Singing Bowl","floor":46},{"not_picked":["Turbo+1","Leap+1","Undo"],"picked":"Singing Bowl","floor":47},{"not_picked":["Gash","Barrage","Sunder"],"picked":"Singing Bowl","floor":48},{"not_picked":["Compile Driver","Beam Cell+1"],"picked":"Reboot","floor":48},{"not_picked":["Streamline+1","Reprogram+1","Steam+1"],"picked":"Singing Bowl","floor":54}],"player_experience":345133,"relics_obtained":[{"floor":6.0,"key":"Letter Opener"},{"floor":8.0,"key":"Happy Flower"},{"floor":9.0,"key":"Blue Candle"},{"floor":13.0,"key":"Sundial"},{"floor":24.0,"key":"Anchor"},{"floor":26.0,"key":"Mango"},{"floor":27.0,"key":"Orichalcum"},{"floor":29.0,"key":"Emotion Chip"},{"floor":29.0,"key":"Dodecahedron"},{"floor":30.0,"key":"Thread and Needle"},{"floor":40,"key":"Bag of Preparation"},{"floor":42,"key":"Vajra"},{"floor":46,"key":"Gambling Chip"},{"floor":47,"key":"Prayer Wheel"},{"floor":54,"key":"Bronze Scales"}],"event_choices":[{"cards_removed":["Strike_B"],"damage_healed":0.0,"max_hp_gain":0.0,"max_hp_loss":0.0,"gold_gain":0.0,"event_name":"Bonfire Elementals","player_choice":"Offered Basic","floor":2.0,"gold_loss":0.0,"damage_taken":0.0},{"damage_healed":0.0,"max_hp_gain":0.0,"max_hp_loss":0.0,"gold_gain":0.0,"cards_transformed":["Strike_B"],"event_name":"Transmorgrifier","player_choice":"Transformed","floor":4.0,"gold_loss":0.0,"damage_taken":0.0,"cards_obtained":["Steam Power"]},{"damage_healed":0.0,"max_hp_gain":0.0,"max_hp_loss":0.0,"gold_gain":0.0,"event_name":"Nest","player_choice":"Joined the Cult","floor":20.0,"gold_loss":0.0,"damage_taken":6.0,"cards_obtained":["RitualDagger"]},{"damage_healed":0.0,"max_hp_gain":0.0,"max_hp_loss":0.0,"gold_gain":0.0,"event_name":"The Library","player_choice":"Read","floor":21.0,"gold_loss":0.0,"damage_taken":0.0,"cards_obtained":["Blizzard"]},{"damage_healed":0.0,"max_hp_gain":0.0,"max_hp_loss":0.0,"gold_gain":0.0,"event_name":"Colosseum","player_choice":"Fight","floor":29.0,"gold_loss":0.0,"damage_taken":0.0},{"damage_healed":0.0,"max_hp_gain":0.0,"max_hp_loss":0.0,"gold_gain":0.0,"event_name":"Colosseum","player_choice":"Fought Nobs","floor":29.0,"gold_loss":0.0,"damage_taken":0.0},{"damage_healed":0,"gold_gain":0,"player_choice":"Fight","damage_taken":0,"max_hp_gain":0,"max_hp_loss":0,"event_name":"Mysterious Sphere","floor":46,"gold_loss":0},{"damage_healed":0,"gold_gain":0,"player_choice":"Fight","damage_taken":0,"max_hp_gain":0,"max_hp_loss":0,"event_name":"MindBloom","floor":47,"gold_loss":0}],"is_beta":false,"boss_relics":[{"not_picked":["Empty Cage","FrozenCore"],"picked":"Pandora\u0027s Box"},{"not_picked":["Calling Bell","Tiny House"],"picked":"Cursed Key"}],"items_purged_floors":[45],"is_endless":false,"potions_floor_spawned":[3,5,7,10,19,22,24,31,35,41,42,44,46,48],"killed_by":"The Heart","ascension_level":7}