{"gold_per_floor":[15,15,15,25,25,355,368,402,402,414,441,103,123,142,142,142],"floor_reached":16,"playtime":984,"items_purged":[],"score":184,"play_id":"d8aab106-d15a-4e12-959c-b2403045a201","local_time":"20190313133143","is_ascension_mode":true,"campfire_choices":[{"data":"Corruption","floor":15,"key":"SMITH"}],"neow_cost":"NO_GOLD","seed_source_timestamp":75947487948079,"circlet_count":0,"master_deck":["Strike_R","Strike_R","Strike_R","Defend_R","Defend_R","Defend_R","Bash","Wild Strike","Rupture","Pommel Strike","Warcry","Shrug It Off","Corruption+1","Feel No Pain","Wild Strike","Burning Pact"],"special_seed":0,"relics":["Burning Blood","Dead Branch","Old Coin","Art of War","Nunchaku","Strawberry","Turnip"],"potions_floor_usage":[13,16,16],"damage_taken":[{"damage":6.0,"enemies":"Cultist","floor":1.0,"turns":3.0},{"damage":0.0,"enemies":"Small Slimes","floor":4.0,"turns":3.0},{"damage":32.0,"enemies":"Gremlin Nob","floor":6.0,"turns":4.0},{"damage":0.0,"enemies":"2 Louse","floor":7.0,"turns":2.0},{"damage":23.0,"enemies":"Lagavulin","floor":8.0,"turns":6.0},{"damage":10.0,"enemies":"Looter","floor":10.0,"turns":4.0},{"damage":0,"enemies":"3 Sentries","floor":11,"turns":4},{"damage":3,"enemies":"3 Louse","floor":13,"turns":2},{"damage":10,"enemies":"Large Slime","floor":14,"turns":6},{"damage":39,"enemies":"Hexaghost","floor":16,"turns":7}],"seed_played":"-4615181697117908607","potions_obtained":[{"floor":1.0,"key":"Dexterity Potion"},{"floor":6.0,"key":"LiquidBronze"},{"floor":7.0,"key":"Fire Potion"},{"floor":11,"key":"AttackPotion"},{"floor":14,"key":"Fire Potion"}],"is_trial":false,"path_per_floor":["M","$","?","M","?","E","M","E","T","M","E","$","M","M","R","B"],"character_chosen":"IRONCLAD","items_purchased":["Wild Strike","Turnip"],"campfire_rested":0,"item_purchase_floors":[12,12],"current_hp_per_floor":[80,80,80,80,68,42,48,31,31,27,40,40,43,39,39,0],"gold":142,"neow_bonus":"REMOVE_TWO","is_prod":false,"is_daily":false,"chose_seed":false,"campfire_upgraded":1,"win_rate":0,"timestamp":1552480303,"path_taken":["M","?","?","M","?","E","M","E","T","M","E","$","M","M","R","BOSS"],"build_version":"2019-01-23","purchased_purges":0,"victory":false,"max_hp_per_floor":[80,80,80,80,80,80,80,80,80,80,87,87,87,87,87,87],"card_choices":[{"not_picked":["Spot Weakness","Pommel Strike"],"picked":"Wild Strike","floor":1.0},{"not_picked":["Armaments","Perfected Strike"],"picked":"Pommel Strike","floor":4.0},{"not_picked":["Body Slam","Flame Barrier"],"picked":"Warcry","floor":6.0},{"not_picked":["Flex","Twin Strike"],"picked":"Shrug It Off","floor":7.0},{"not_picked":["Inflame","Entrench","Heavy Blade"],"picked":"SKIP","floor":8.0},{"not_picked":["Anger","Cleave"],"picked":"Corruption","floor":10.0},{"not_picked":["Dual Wield","Offering"],"picked":"Feel No Pain","floor":11},{"not_picked":["Armaments","Whirlwind"],"picked":"Burning Pact","floor":13},{"not_picked":["Thunderclap","Headbutt","Blood for Blood"],"picked":"SKIP","floor":14}],"player_experience":78430,"relics_obtained":[{"floor":6.0,"key":"Old Coin"},{"floor":8.0,"key":"Art of War"},{"floor":9.0,"key":"Nunchaku"},{"floor":11,"key":"Strawberry"}],"event_choices":[{"damage_healed":0.0,"max_hp_gain":0.0,"max_hp_loss":0.0,"gold_gain":0.0,"cards_transformed":["Strike_R"],"event_name":"Living Wall","player_choice":"Change","floor":3.0,"gold_loss":0.0,"damage_taken":0.0,"cards_obtained":["Rupture"]},{"damage_healed":0.0,"max_hp_gain":0.0,"max_hp_loss":0.0,"gold_gain":0.0,"event_name":"Scrap Ooze","player_choice":"Success","floor":5.0,"gold_loss":0.0,"damage_taken":12.0,"relics_obtained":["Dead Branch"]}],"is_beta":false,"boss_relics":[],"items_purged_floors":[],"is_endless":false,"potions_floor_spawned":[1,6,7,11,14],"killed_by":"Hexaghost","ascension_level":5}