{"gold_per_floor":[117,117,67,84,9,35,35,56,56,68,68,80,90,104,104,199,199,212,212,224,241,141,141,168,267,267,267,267,277,277,311,311,409,409,426,446,521,536,411,411,421,421,421,421,77,107,107,119,119,119],"floor_reached":51,"playtime":5960,"items_purged":["Defend_G","Strike_G","Strike_G","Defend_G"],"score":1100,"play_id":"aba2976f-a616-4e72-b195-e7b65f54246e","local_time":"20190627131544","is_ascension_mode":true,"campfire_choices":[{"data":"Footwork","floor":7.0,"key":"SMITH"},{"data":"Adrenaline","floor":11.0,"key":"SMITH"},{"data":"Bouncing Flask","floor":15.0,"key":"SMITH"},{"data":"Footwork","floor":23.0,"key":"SMITH"},{"data":"Blur","floor":28.0,"key":"SMITH"},{"data":"Dodge and Roll","floor":30.0,"key":"SMITH"},{"data":"Blur","floor":32.0,"key":"SMITH"},{"data":"Tools of the Trade","floor":40,"key":"SMITH"},{"data":"Backflip","floor":42,"key":"SMITH"},{"data":"After Image","floor":44,"key":"SMITH"},{"floor":49,"key":"REST"}],"neow_cost":"NONE","seed_source_timestamp":170971619187400,"circlet_count":0,"master_deck":["Defend_G","Defend_G","Defend_G","Strike_G+1","Survivor","Neutralize+1","Footwork+1","Backflip+1","Blur+1","Footwork+1","Adrenaline+1","Dodge and Roll+1","Bouncing Flask+1","After Image+1","Crippling Poison","Dodge and Roll+1","Flechettes+1","Blur+1","Tools of the Trade+1","Tactician+1","Adrenaline","Bouncing Flask+1"],"special_seed":0,"relics":["Ring of the Snake","NeowsBlessing","Whetstone","Odd Mushroom","Paper Crane","Runic Pyramid","Omamori","PreservedInsect","Darkstone Periapt","Snake Skull","Cursed Key","Letter Opener","TwistedFunnel","Bag of Marbles"],"potions_floor_usage":[50],"damage_taken":[{"damage":0.0,"enemies":"Jaw Worm","floor":1.0,"turns":1.0},{"damage":0.0,"enemies":"2 Louse","floor":4.0,"turns":1.0},{"damage":0.0,"enemies":"3 Sentries","floor":6.0,"turns":2.0},{"damage":8.0,"enemies":"The Mushroom Lair","floor":8.0,"turns":8.0},{"damage":0.0,"enemies":"Small Slimes","floor":10.0,"turns":4.0},{"damage":0.0,"enemies":"Blue Slaver","floor":12.0,"turns":5.0},{"damage":0.0,"enemies":"Gremlin Gang","floor":13.0,"turns":8.0},{"damage":0.0,"enemies":"Red Slaver","floor":14.0,"turns":4.0},{"damage":0.0,"enemies":"Hexaghost","floor":16.0,"turns":8.0},{"damage":0.0,"enemies":"Spheric Guardian","floor":18.0,"turns":5.0},{"damage":0.0,"enemies":"Chosen","floor":20.0,"turns":5.0},{"damage":0.0,"enemies":"Snecko","floor":21.0,"turns":7.0},{"damage":10.0,"enemies":"Gremlin Leader","floor":24.0,"turns":13.0},{"damage":0.0,"enemies":"Colosseum Slavers","floor":27.0,"turns":6.0},{"damage":0.0,"enemies":"Cultist and Chosen","floor":29.0,"turns":9.0},{"damage":2.0,"enemies":"Book of Stabbing","floor":31.0,"turns":5.0},{"damage":0.0,"enemies":"Collector","floor":33.0,"turns":10.0},{"damage":0.0,"enemies":"3 Shapes","floor":35.0,"turns":6.0},{"damage":0.0,"enemies":"Orb Walker","floor":36.0,"turns":4.0},{"damage":0.0,"enemies":"4 Shapes","floor":38.0,"turns":6.0},{"damage":0,"enemies":"3 Darklings","floor":41,"turns":5},{"damage":0,"enemies":"Giant Head","floor":46,"turns":6},{"damage":0,"enemies":"Writhing Mass","floor":48,"turns":5},{"damage":8,"enemies":"Time Eater","floor":50,"turns":10}],"seed_played":"-1922269578205752130","potions_obtained":[{"floor":4.0,"key":"Swift Potion"},{"floor":6.0,"key":"Energy Potion"},{"floor":13.0,"key":"Dexterity Potion"},{"floor":18.0,"key":"AttackPotion"},{"floor":21.0,"key":"Poison Potion"},{"floor":29.0,"key":"EntropicBrew"},{"floor":31.0,"key":"Dexterity Potion"},{"floor":41,"key":"Explosive Potion"}],"is_trial":false,"path_per_floor":["M","?","?","M","$","E","R","?","T","M","R","M","M","M","R","B",null,"M","?","M","M","$","R","E","?","T","?","R","M","R","E","R","B",null,"M","M","?","M","$","R","M","R","T","R","$","E","?","M","R","B",null],"character_chosen":"THE_SILENT","items_purchased":["TwistedFunnel"],"campfire_rested":1,"item_purchase_floors":[45],"current_hp_per_floor":[63,56,56,56,56,56,56,48,48,48,48,48,48,48,48,48,65,65,65,65,65,65,65,55,55,55,55,55,55,55,53,53,53,66,66,66,59,59,59,59,59,59,59,59,59,59,59,59,70,62],"gold":119,"neow_bonus":"THREE_ENEMY_KILL","is_prod":false,"is_daily":false,"chose_seed":false,"campfire_upgraded":10,"win_rate":0,"timestamp":1561655744,"path_taken":["M","?","?","M","$","E","R","?","T","M","R","M","?","M","R","BOSS","M","?","M","?","?","R","E","?","T","?","R","M","R","E","R","BOSS","M","M","?","?","$","R","M","R","T","R","$","E","?","?","R","BOSS"],"build_version":"2019-01-23","purchased_purges":4,"victory":true,"max_hp_per_floor":[70,70,70,70,70,70,70,70,70,70,70,70,70,70,70,70,70,70,70,70,70,70,70,70,70,70,70,70,70,70,70,70,70,70,70,70,70,70,70,70,70,70,70,70,70,70,70,70,70,70],"card_choices":[{"not_picked":["Dodge and Roll","Acrobatics"],"picked":"Footwork","floor":1.0},{"not_picked":["Acrobatics","Slice"],"picked":"Backflip","floor":4.0},{"not_picked":["Acrobatics","Sucker Punch"],"picked":"Blur","floor":6.0},{"not_picked":["Blade Dance","Poisoned Stab"],"picked":"Footwork","floor":8.0},{"not_picked":["Acrobatics","Tactician"],"picked":"Adrenaline","floor":10.0},{"not_picked":["Blade Dance","Underhanded Strike"],"picked":"Dodge and Roll","floor":12.0},{"not_picked":["Calculated Gamble","Expertise"],"picked":"Bouncing Flask","floor":13.0},{"not_picked":["Cloak And Dagger","PiercingWail","Blade Dance"],"picked":"SKIP","floor":14.0},{"not_picked":["Grand Finale","Die Die Die"],"picked":"After Image","floor":16.0},{"not_picked":["Finisher","Well Laid Plans","Dodge and Roll"],"picked":"SKIP","floor":18.0},{"not_picked":["Heel Hook","Underhanded Strike+1"],"picked":"Crippling Poison","floor":20.0},{"not_picked":["Setup","Bane+1"],"picked":"Dodge and Roll+1","floor":21.0},{"not_picked":["Terror+1","Dagger Spray","Predator"],"picked":"SKIP","floor":24.0},{"not_picked":["Masterful Stab","Terror+1"],"picked":"Flechettes+1","floor":29.0},{"not_picked":["Eviscerate+1","Quick Slash"],"picked":"Blur","floor":31.0},{"not_picked":["Grand Finale","Die Die Die"],"picked":"Tools of the Trade","floor":33.0},{"not_picked":["Acrobatics+1","Slice+1","Crippling Poison"],"picked":"SKIP","floor":35.0},{"not_picked":["Riddle With Holes","Deadly Poison"],"picked":"Tactician+1","floor":36.0},{"not_picked":["Dagger Throw","Sucker Punch+1","Terror"],"picked":"SKIP","floor":38.0},{"not_picked":["Heel Hook+1","Sucker Punch","Dagger Spray"],"picked":"SKIP","floor":41},{"not_picked":["Heel Hook+1","Sucker Punch","Dagger Spray"],"picked":"SKIP","floor":41},{"not_picked":["Well Laid Plans","Deadly Poison"],"picked":"Adrenaline","floor":46},{"not_picked":["Calculated Gamble+1","Well Laid Plans"],"picked":"Bouncing Flask+1","floor":48}],"player_experience":91896,"relics_obtained":[{"floor":6.0,"key":"Whetstone"},{"floor":8.0,"key":"Odd Mushroom"},{"floor":9.0,"key":"Paper Crane"},{"floor":24.0,"key":"PreservedInsect"},{"floor":26.0,"key":"Darkstone Periapt"},{"floor":31.0,"key":"Snake Skull"},{"floor":43,"key":"Letter Opener"},{"floor":46,"key":"Bag of Marbles"}],"event_choices":[{"cards_removed":["Strike_G"],"damage_healed":0.0,"max_hp_gain":0.0,"max_hp_loss":0.0,"gold_gain":0.0,"event_name":"Golden Wing","player_choice":"Card Removal","floor":2.0,"gold_loss":0.0,"damage_taken":7.0},{"cards_removed":["Strike_G"],"damage_healed":0.0,"max_hp_gain":0.0,"max_hp_loss":0.0,"gold_gain":0.0,"event_name":"The Cleric","player_choice":"Card Removal","floor":3.0,"gold_loss":50.0,"damage_taken":0.0},{"damage_healed":0.0,"max_hp_gain":0.0,"max_hp_loss":0.0,"gold_gain":0.0,"event_name":"Mushrooms","player_choice":"Fought Mushrooms","floor":8.0,"gold_loss":0.0,"damage_taken":0.0},{"damage_healed":0.0,"max_hp_gain":0.0,"max_hp_loss":0.0,"gold_gain":0.0,"event_name":"WeMeetAgain","player_choice":"Gave Potion","floor":19.0,"gold_loss":0.0,"damage_taken":0.0,"relics_obtained":["Omamori"]},{"damage_healed":0.0,"max_hp_gain":0.0,"max_hp_loss":0.0,"gold_gain":99.0,"event_name":"Nest","player_choice":"Stole From Cult","floor":25.0,"gold_loss":0.0,"damage_taken":0.0},{"damage_healed":0.0,"max_hp_gain":0.0,"max_hp_loss":0.0,"gold_gain":0.0,"event_name":"Colosseum","player_choice":"Fight","floor":27.0,"gold_loss":0.0,"damage_taken":0.0},{"damage_healed":0.0,"max_hp_gain":0.0,"max_hp_loss":0.0,"gold_gain":0.0,"event_name":"Colosseum","player_choice":"Fled From Nobs","floor":27.0,"gold_loss":0.0,"damage_taken":0.0},{"damage_healed":0.0,"max_hp_gain":0.0,"max_hp_loss":0.0,"gold_gain":75.0,"event_name":"FaceTrader","player_choice":"Touch","floor":37.0,"gold_loss":0.0,"damage_taken":7.0},{"damage_healed":0,"gold_gain":0,"player_choice":"Bought 0 Potions","damage_taken":0,"max_hp_gain":0,"max_hp_loss":0,"event_name":"The Woman in Blue","floor":47,"gold_loss":0}],"is_beta":false,"boss_relics":[{"not_picked":["Busted Crown","HoveringKite"],"picked":"Runic Pyramid"},{"not_picked":["Astrolabe","Black Star"],"picked":"Cursed Key"}],"items_purged_floors":[5,22,39,45],"is_endless":false,"potions_floor_spawned":[4,6,13,18,21,29,31,41,46],"ascension_level":7}