{"gold_per_floor":[111,126,143,161,121,121,153,153,153,20,20,32,49,144,144,218,218,232,232,244,45,45,80,80,97,124,150,150,180,192,129,141,225,237,265,277,80,90,108,108,108,154,209,209,542,542,568,587,587,587,587],"floor_reached":51,"playtime":1620,"items_purged":["Creative AI"],"score":1557,"play_id":"0e39ab96-5144-45a9-bd9f-378cc52f4589","local_time":"20190525194207","is_ascension_mode":true,"campfire_choices":[{"data":"Defragment","floor":6.0,"key":"SMITH"},{"floor":11.0,"key":"REST"},{"data":"Chaos","floor":15.0,"key":"SMITH"},{"floor":24.0,"key":"REST"},{"floor":28.0,"key":"REST"},{"data":"Tempest","floor":30.0,"key":"SMITH"},{"data":"Coolheaded","floor":32.0,"key":"SMITH"},{"data":"Defragment","floor":40.0,"key":"SMITH"},{"data":"Chill","floor":44.0,"key":"SMITH"},{"floor":46.0,"key":"REST"},{"floor":49.0,"key":"REST"}],"neow_cost":"NONE","seed_source_timestamp":10125216835816,"circlet_count":0,"master_deck":["AscendersBane","Defend_B","Defend_B","Defend_B","Zap","Dualcast","Defragment+1","Chaos+1","Steam","Conserve Battery","Sweeping Beam","Electrodynamics","Tempest+1","Lockon+1","Barrage+1","Thunder Strike+1","Coolheaded+1","Genetic Algorithm","Glacier","Chill+1","Thunder Strike+1","Ball Lightning+1","Melter+1","Creative AI+1","Loop+1","Double Energy+1","Defragment+1","Compile Driver+1","Self Repair+1","Echo Form"],"special_seed":0,"relics":["Cracked Core","Bag of Preparation","The Courier","Molten Egg 2","Anchor","Tiny Chest","Velvet Choker","DataDisk","Boot","Centennial Puzzle","Pantograph","MawBank","Astrolabe","Smiling Mask","Omamori","Old Coin","Dream Catcher"],"potions_floor_usage":[],"damage_taken":[{"damage":13.0,"enemies":"Small Slimes","floor":1.0,"turns":5.0},{"damage":1.0,"enemies":"Cultist","floor":2.0,"turns":3.0},{"damage":4.0,"enemies":"2 Louse","floor":3.0,"turns":4.0},{"damage":21.0,"enemies":"Large Slime","floor":4.0,"turns":6.0},{"damage":0.0,"enemies":"Looter","floor":5.0,"turns":4.0},{"damage":22.0,"enemies":"3 Sentries","floor":7.0,"turns":6.0},{"damage":2.0,"enemies":"Exordium Thugs","floor":12.0,"turns":3.0},{"damage":0.0,"enemies":"Blue Slaver","floor":13.0,"turns":2.0},{"damage":6.0,"enemies":"Gremlin Nob","floor":14.0,"turns":3.0},{"damage":10.0,"enemies":"Hexaghost","floor":16.0,"turns":8.0},{"damage":0.0,"enemies":"Chosen","floor":18.0,"turns":3.0},{"damage":12.0,"enemies":"2 Thieves","floor":20.0,"turns":3.0},{"damage":40.0,"enemies":"Book of Stabbing","floor":23.0,"turns":7.0},{"damage":12.0,"enemies":"Shelled Parasite and Fungi","floor":25.0,"turns":6.0},{"damage":0.0,"enemies":"Gremlin Leader","floor":27.0,"turns":5.0},{"damage":11.0,"enemies":"Book of Stabbing","floor":29.0,"turns":4.0},{"damage":33.0,"enemies":"Automaton","floor":33.0,"turns":9.0},{"damage":0.0,"enemies":"3 Darklings","floor":35.0,"turns":2.0},{"damage":0.0,"enemies":"Orb Walker","floor":38.0,"turns":4.0},{"damage":20.0,"enemies":"Writhing Mass","floor":39.0,"turns":6.0},{"damage":7.0,"enemies":"Nemesis","floor":41.0,"turns":6.0},{"damage":35.0,"enemies":"Reptomancer","floor":45.0,"turns":5.0},{"damage":23.0,"enemies":"Giant Head","floor":47.0,"turns":5.0},{"damage":26.0,"enemies":"3 Darklings","floor":48.0,"turns":4.0},{"damage":44.0,"enemies":"Time Eater","floor":50.0,"turns":9.0},{"damage":76,"enemies":"Awakened One","floor":51,"turns":6}],"seed_played":"367945902713414732","potions_obtained":[{"floor":2.0,"key":"SmokeBomb"},{"floor":3.0,"key":"Weak Potion"},{"floor":13.0,"key":"Block Potion"},{"floor":23.0,"key":"Energy Potion"},{"floor":27.0,"key":"GamblersBrew"},{"floor":29.0,"key":"Block Potion"},{"floor":33.0,"key":"Explosive Potion"},{"floor":38.0,"key":"SmokeBomb"},{"floor":47.0,"key":"FocusPotion"},{"floor":48.0,"key":"EssenceOfSteel"}],"is_trial":false,"path_per_floor":["M","M","M","M","M","R","E","?","T","$","R","M","M","?","R","B",null,"M","?","M","$","?","E","R","M","T","E","R","E","R","?","R","B",null,"M","?","$","M","M","R","E","T","T","R","E","R","E","M","R","B","B"],"character_chosen":"DEFECT","items_purchased":["Anchor","DataDisk","Glacier","Defragment","Compile Driver+1","Regen Potion"],"campfire_rested":5,"item_purchase_floors":[10,21,21,37,37,37],"current_hp_per_floor":[51,50,46,25,25,25,3,3,3,3,24,22,22,16,16,6,55,55,55,43,43,43,3,24,12,12,12,33,22,22,22,22,14,57,57,57,57,69,49,49,52,52,52,52,27,48,35,19,40,41,0],"gold":587,"neow_bonus":"RANDOM_COMMON_RELIC","is_prod":false,"is_daily":false,"chose_seed":false,"campfire_upgraded":6,"win_rate":0,"timestamp":1558806127,"path_taken":["M","M","M","M","M","R","E","?","T","$","R","M","?","?","R","BOSS","M","?","M","$","?","E","R","M","T","E","R","E","R","?","R","BOSS","M","?","$","M","M","R","E","?","T","R","E","R","E","?","R","BOSS","BOSS"],"build_version":"2019-05-24v2","purchased_purges":1,"victory":false,"max_hp_per_floor":[71,71,71,71,71,71,71,71,71,71,71,71,71,71,71,71,71,71,71,71,71,71,71,71,71,71,71,71,71,71,71,71,71,71,71,71,71,71,71,71,71,71,71,71,71,71,71,71,71,71,71],"card_choices":[{"not_picked":["Redo","Cold Snap"],"picked":"Defragment","floor":1.0},{"not_picked":["Reprogram","Turbo"],"picked":"Chaos","floor":2.0},{"not_picked":["Beam Cell","Barrage"],"picked":"Steam","floor":3.0},{"not_picked":["Streamline","Melter"],"picked":"Conserve Battery","floor":4.0},{"not_picked":["Barrage","Steam"],"picked":"Sweeping Beam","floor":5.0},{"not_picked":["Go for the Eyes","Stack"],"picked":"Electrodynamics","floor":7.0},{"not_picked":["Rebound+1","Beam Cell+1"],"picked":"Tempest","floor":12.0},{"not_picked":["Stack","Steam"],"picked":"Lockon+1","floor":13.0},{"not_picked":["Conserve Battery","Streamline+1"],"picked":"Barrage+1","floor":14.0},{"not_picked":["Amplify","Meteor Strike+1"],"picked":"Thunder Strike+1","floor":16.0},{"not_picked":["Redo","Leap"],"picked":"Coolheaded","floor":18.0},{"not_picked":["Barrage+1","Stack"],"picked":"Genetic Algorithm","floor":20.0},{"not_picked":["Redo","Ball Lightning+1","Scrape+1"],"picked":"SKIP","floor":23.0},{"not_picked":["Ball Lightning+1","Rebound+1"],"picked":"Chill","floor":25.0},{"not_picked":["Hologram","Doom and Gloom+1"],"picked":"Thunder Strike+1","floor":27.0},{"not_picked":["Rebound+1","Blizzard+1"],"picked":"Ball Lightning+1","floor":29.0},{"not_picked":["Hyperbeam+1","Thunder Strike+1"],"picked":"Creative AI","floor":33.0},{"not_picked":["Stack","Steam"],"picked":"Double Energy+1","floor":35.0},{"not_picked":["Steam","Redo+1","Blizzard+1"],"picked":"SKIP","floor":38.0},{"not_picked":["Go for the Eyes+1","Rip and Tear+1"],"picked":"Self Repair+1","floor":39.0},{"not_picked":["Cold Snap+1","White Noise","Thunder Strike+1"],"picked":"SKIP","floor":45.0},{"not_picked":["Conserve Battery","Redo"],"picked":"Echo Form","floor":47.0},{"not_picked":["Gash+1","Redo","Self Repair"],"picked":"SKIP","floor":48.0}],"player_experience":1604968,"relics_obtained":[{"floor":7.0,"key":"The Courier"},{"floor":9.0,"key":"Molten Egg 2"},{"floor":14.0,"key":"Tiny Chest"},{"floor":23.0,"key":"Boot"},{"floor":26.0,"key":"Centennial Puzzle"},{"floor":27.0,"key":"Pantograph"},{"floor":29.0,"key":"MawBank"},{"floor":42.0,"key":"Smiling Mask"},{"floor":43.0,"key":"Omamori"},{"floor":45.0,"key":"Old Coin"},{"floor":47.0,"key":"Dream Catcher"}],"event_choices":[{"cards_removed":["Strike_B"],"damage_healed":0.0,"max_hp_gain":0.0,"max_hp_loss":0.0,"gold_gain":0.0,"event_name":"Purifier","player_choice":"Purged","floor":8.0,"gold_loss":0.0,"damage_taken":0.0},{"damage_healed":0.0,"max_hp_gain":0.0,"max_hp_loss":0.0,"gold_gain":0.0,"event_name":"Dead Adventurer","player_choice":"Searched \u00271\u0027 times","floor":14.0,"gold_loss":0.0,"damage_taken":0.0},{"damage_healed":0.0,"max_hp_gain":0.0,"max_hp_loss":0.0,"gold_gain":0.0,"event_name":"Ghosts","player_choice":"Ignored","floor":19.0,"gold_loss":0.0,"damage_taken":0.0},{"cards_removed":["Strike_B"],"damage_healed":0.0,"max_hp_gain":0.0,"max_hp_loss":0.0,"gold_gain":0.0,"event_name":"Beggar","player_choice":"Gave Gold","floor":31.0,"gold_loss":75.0,"damage_taken":0.0},{"damage_healed":0.0,"max_hp_gain":0.0,"max_hp_loss":0.0,"gold_gain":0.0,"event_name":"Tomb of Lord Red Mask","player_choice":"Ignored","floor":36.0,"gold_loss":0.0,"damage_taken":0.0}],"is_beta":true,"boss_relics":[{"not_picked":["FrozenCore","Calling Bell"],"picked":"Velvet Choker"},{"not_picked":["Eternal Feather","White Beast Statue"],"picked":"Astrolabe"}],"items_purged_floors":[37],"is_endless":false,"potions_floor_spawned":[2,3,7,13,23,27,29,33,38,41,47,48],"killed_by":"Awakened One","ascension_level":20}