{"gold_per_floor":[117,132,207,132,132,163,163,196,223,223,235,235,284,16,16,91,91,91,91,91,91,91,91,91,91],"floor_reached":25,"playtime":590,"items_purged":["Strike_R","Strike_R"],"score":464,"play_id":"9282049d-5910-4e4f-865a-8a95de22613b","local_time":"20190616164927","is_ascension_mode":true,"campfire_choices":[{"data":"Bash","floor":7.0,"key":"SMITH"},{"data":"Sword Boomerang","floor":10.0,"key":"SMITH"},{"data":"Sword Boomerang","floor":12.0,"key":"SMITH"},{"data":"Pommel Strike","floor":15.0,"key":"SMITH"},{"data":"Double Tap","floor":23.0,"key":"SMITH"}],"neow_cost":"NONE","seed_source_timestamp":176252099905231,"circlet_count":0,"master_deck":["AscendersBane","Strike_R","Strike_R","Strike_R","Defend_R","Defend_R","Defend_R","Defend_R","Bash+1","Sword Boomerang+1","Pommel Strike+1","Sword Boomerang+1","Double Tap+1","Shrug It Off"],"special_seed":0,"relics":["Burning Blood","NeowsBlessing","Oddly Smooth Stone","Shuriken","Art of War","Juzu Bracelet","Pen Nib","Ectoplasm"],"potions_floor_usage":[25,25,25,25],"damage_taken":[{"damage":0.0,"enemies":"Cultist","floor":1.0,"turns":1.0},{"damage":0.0,"enemies":"2 Louse","floor":2.0,"turns":1.0},{"damage":0.0,"enemies":"Lagavulin","floor":6.0,"turns":1.0},{"damage":32.0,"enemies":"Gremlin Nob","floor":8.0,"turns":4.0},{"damage":7.0,"enemies":"Jaw Worm","floor":11.0,"turns":4.0},{"damage":38.0,"enemies":"Hexaghost","floor":16.0,"turns":8.0},{"damage":12.0,"enemies":"3 Byrds","floor":18.0,"turns":4.0},{"damage":11.0,"enemies":"Spheric Guardian","floor":19.0,"turns":3.0},{"damage":18.0,"enemies":"Snake Plant","floor":20.0,"turns":3.0},{"damage":3,"enemies":"Colosseum Slavers","floor":25,"turns":4},{"damage":48,"enemies":"Colosseum Nobs","floor":25,"turns":4}],"seed_played":"4420364994951351313","potions_obtained":[{"floor":6.0,"key":"FearPotion"},{"floor":16.0,"key":"EssenceOfSteel"},{"floor":19.0,"key":"Regen Potion"},{"floor":20.0,"key":"EntropicBrew"}],"is_trial":false,"path_per_floor":["M","M","?","$","?","E","R","E","T","R","M","R","T","$","R","B",null,"M","M","M","?","?","R","?","?"],"character_chosen":"IRONCLAD","items_purchased":["Pen Nib"],"campfire_rested":0,"item_purchase_floors":[14],"current_hp_per_floor":[74,75,64,64,64,70,70,44,44,44,43,43,43,43,43,11,59,53,48,36,36,36,36,15,0],"gold":91,"neow_bonus":"THREE_ENEMY_KILL","is_prod":false,"is_daily":false,"chose_seed":false,"campfire_upgraded":5,"win_rate":0,"timestamp":1560696567,"path_taken":["M","M","?","$","?","E","R","E","T","R","M","R","?","$","R","BOSS","M","M","M","?","?","R","?","?"],"build_version":"2019-01-23","purchased_purges":2,"victory":false,"max_hp_per_floor":[75,75,75,75,75,75,75,75,75,75,75,75,75,75,75,75,75,75,75,75,75,75,75,80,80],"card_choices":[{"not_picked":["Iron Wave","Havoc"],"picked":"Sword Boomerang","floor":1.0},{"not_picked":["Wild Strike","Feel No Pain","Clash"],"picked":"SKIP","floor":2.0},{"not_picked":["Havoc","Body Slam","Power Through"],"picked":"SKIP","floor":6.0},{"not_picked":["Flame Barrier","Evolve"],"picked":"Pommel Strike","floor":8.0},{"not_picked":["Power Through","Pommel Strike"],"picked":"Sword Boomerang","floor":11.0},{"not_picked":["Reaper","Brutality"],"picked":"Double Tap","floor":16.0},{"not_picked":["Heavy Blade","Twin Strike","Sever Soul"],"picked":"SKIP","floor":18.0},{"not_picked":["Havoc","Headbutt"],"picked":"Shrug It Off","floor":19.0},{"not_picked":["Warcry","Intimidate","Thunderclap"],"picked":"SKIP","floor":20.0}],"player_experience":570807,"relics_obtained":[{"floor":6.0,"key":"Oddly Smooth Stone"},{"floor":8.0,"key":"Shuriken"},{"floor":9.0,"key":"Art of War"},{"floor":13.0,"key":"Juzu Bracelet"}],"event_choices":[{"damage_healed":0.0,"max_hp_gain":0.0,"max_hp_loss":0.0,"gold_gain":75.0,"event_name":"World of Goop","player_choice":"Gather Gold","floor":3.0,"gold_loss":0.0,"damage_taken":11.0},{"damage_healed":0.0,"max_hp_gain":0.0,"max_hp_loss":0.0,"gold_gain":0.0,"event_name":"Liars Game","player_choice":"Ignored","floor":5.0,"gold_loss":0.0,"damage_taken":0.0},{"damage_healed":0.0,"max_hp_gain":0.0,"max_hp_loss":0.0,"gold_gain":0.0,"event_name":"Ghosts","player_choice":"Ignored","floor":21.0,"gold_loss":0.0,"damage_taken":0.0},{"damage_healed":0.0,"max_hp_gain":0.0,"max_hp_loss":0.0,"gold_gain":50.0,"event_name":"Golden Shrine","player_choice":"Pray","floor":22.0,"gold_loss":0.0,"damage_taken":0.0},{"damage_healed":0.0,"max_hp_gain":5.0,"max_hp_loss":0.0,"gold_gain":0.0,"event_name":"Forgotten Altar","player_choice":"Shed Blood","floor":24.0,"gold_loss":0.0,"damage_taken":26.0},{"damage_healed":0,"gold_gain":0,"player_choice":"Fight","damage_taken":0,"max_hp_gain":0,"max_hp_loss":0,"event_name":"Colosseum","floor":25,"gold_loss":0},{"damage_healed":0,"gold_gain":0,"player_choice":"Fought Nobs","damage_taken":0,"max_hp_gain":0,"max_hp_loss":0,"event_name":"Colosseum","floor":25,"gold_loss":0}],"is_beta":false,"boss_relics":[{"not_picked":["Mark of Pain","Snecko Eye"],"picked":"Ectoplasm"}],"items_purged_floors":[4,14],"is_endless":false,"potions_floor_spawned":[6,16,19,20],"killed_by":"Colosseum Nobs","ascension_level":20}