{"gold_per_floor":[109,42,59,59,76,76,95,95,174,194,213,488,46,59,59,159,159,172,184,203,57,70,70,70,70,70,81,81,114,389,408,408,503,503,518,518,18,18,36,36,70,70,94,114,133,0,0,17,17,17],"floor_reached":51,"playtime":3432,"items_purged":["Regret"],"score":783,"play_id":"dd62009f-f575-46b6-b0ff-ba60e4283b08","local_time":"20190417165323","is_ascension_mode":true,"campfire_choices":[{"data":"Barricade","floor":6,"key":"SMITH"},{"data":"Spot Weakness","floor":8,"key":"SMITH"},{"data":"Uppercut","floor":15,"key":"SMITH"},{"floor":23,"key":"REST"},{"floor":28,"key":"REST"},{"floor":32,"key":"REST"},{"data":"Entrench","floor":40,"key":"SMITH"},{"floor":42,"key":"DIG"},{"floor":47,"key":"REST"},{"floor":49,"key":"DIG"}],"neow_cost":"NONE","seed_source_timestamp":279374720730900,"circlet_count":0,"master_deck":["Strike_R","Strike_R","Strike_R","Defend_R","Defend_R","Defend_R","Defend_R","Bash","Barricade+1","Headbutt","Evolve","Ghostly Armor","Seeing Red","Spot Weakness+1","Uppercut+1","Second Wind","Metallicize","Ghostly Armor","Juggernaut","Iron Wave","Iron Wave","Entrench+1","Flame Barrier","Twin Strike+1","Shame","Corruption+1","Rage","Body Slam+1","Reaper","Power Through","Body Slam+1","Body Slam+1","Entrench+1","Havoc+1"],"relics":["Burning Blood","Gremlin Horn","Dead Branch","Empty Cage","Dream Catcher","Omamori","Shovel","Blue Candle","Philosopher\u0027s Stone","Molten Egg 2","DollysMirror","Du-Vu Doll","Anchor","Art of War","Red Mask","Centennial Puzzle"],"potions_floor_usage":[10,14,16,18,20,31,45,45],"damage_taken":[{"damage":9,"enemies":"2 Louse","floor":1,"turns":4},{"damage":2,"enemies":"Small Slimes","floor":3,"turns":6},{"damage":10,"enemies":"Cultist","floor":5,"turns":6},{"damage":3,"enemies":"Blue Slaver","floor":7,"turns":8},{"damage":10,"enemies":"Gremlin Gang","floor":10,"turns":4},{"damage":0,"enemies":"3 Louse","floor":11,"turns":5},{"damage":0,"enemies":"Looter","floor":14,"turns":1},{"damage":9,"enemies":"The Guardian","floor":16,"turns":10},{"damage":32,"enemies":"Shell Parasite","floor":18,"turns":10},{"damage":14,"enemies":"Spheric Guardian","floor":19,"turns":8},{"damage":0,"enemies":"Centurion and Healer","floor":20,"turns":9},{"damage":17,"enemies":"Cultist and Chosen","floor":22,"turns":9},{"damage":34,"enemies":"Sentry and Sphere","floor":27,"turns":11},{"damage":41,"enemies":"Book of Stabbing","floor":29,"turns":6},{"damage":34,"enemies":"Centurion and Healer","floor":31,"turns":8},{"damage":7,"enemies":"Automaton","floor":33,"turns":8},{"damage":17,"enemies":"Orb Walker","floor":35,"turns":5},{"damage":4,"enemies":"3 Shapes","floor":39,"turns":7},{"damage":6,"enemies":"Giant Head","floor":41,"turns":7},{"damage":2,"enemies":"3 Darklings","floor":44,"turns":3},{"damage":30,"enemies":"Jaw Worm Horde","floor":45,"turns":5},{"damage":7,"enemies":"4 Shapes","floor":48,"turns":3},{"damage":45,"enemies":"Donu and Deca","floor":50,"turns":7}],"seed_played":"7318702018976659588","potions_obtained":[{"floor":3,"key":"FearPotion"},{"floor":5,"key":"Explosive Potion"},{"floor":10,"key":"Swift Potion"},{"floor":11,"key":"Fire Potion"},{"floor":19,"key":"SkillPotion"},{"floor":20,"key":"Regen Potion"},{"floor":31,"key":"Ancient Potion"},{"floor":35,"key":"Fire Potion"},{"floor":44,"key":"EssenceOfSteel"},{"floor":48,"key":"Fire Potion"}],"is_trial":false,"path_per_floor":["M","$","M","?","M","R","M","R","T","M","M","?","$","M","R","B",null,"M","M","M","$","M","R","$","?","T","M","R","E","?","M","R","B",null,"M","?","$","?","M","R","E","R","T","M","M","?","R","M","R","B",null],"character_chosen":"IRONCLAD","items_purchased":["Evolve","Dead Branch","Metallicize","Dream Catcher","Molten Egg 2","Body Slam+1","DollysMirror"],"campfire_rested":4,"item_purchase_floors":[2,13,13,21,37,37,37],"current_hp_per_floor":[77,77,80,80,76,76,79,79,79,75,80,80,80,80,80,77,80,54,46,52,52,41,65,65,65,65,37,61,26,26,13,37,36,80,69,69,69,69,79,79,79,79,79,80,56,56,80,79,79,40],"gold":17,"neow_bonus":"ONE_RANDOM_RARE_CARD","is_prod":false,"is_daily":false,"chose_seed":false,"campfire_upgraded":4,"win_rate":0,"timestamp":1555545203,"path_taken":["M","$","M","?","M","R","M","R","T","M","M","?","$","M","R","BOSS","M","M","M","$","M","R","$","?","T","M","R","E","?","?","R","BOSS","M","?","$","?","?","R","E","R","T","M","M","?","R","M","R","BOSS"],"build_version":"2019-01-23","purchased_purges":1,"victory":true,"max_hp_per_floor":[80,80,80,80,80,80,80,80,80,80,80,80,80,80,80,80,80,80,80,80,80,80,80,80,80,80,80,80,80,80,80,80,80,80,80,80,80,80,80,80,80,80,80,80,80,80,80,80,80,80],"card_choices":[{"not_picked":["Shockwave","Perfected Strike"],"picked":"Headbutt","floor":1},{"not_picked":["Seeing Red","Headbutt"],"picked":"Ghostly Armor","floor":3},{"not_picked":["Thunderclap","Perfected Strike"],"picked":"Seeing Red","floor":5},{"not_picked":["Ghostly Armor","Seeing Red"],"picked":"Spot Weakness","floor":7},{"not_picked":["Twin Strike","Bloodletting"],"picked":"Uppercut","floor":10},{"not_picked":["Sword Boomerang","Burning Pact"],"picked":"Second Wind","floor":11},{"not_picked":["Sword Boomerang","Warcry"],"picked":"Ghostly Armor","floor":14},{"not_picked":["Reaper","Exhume"],"picked":"Juggernaut","floor":16},{"not_picked":["Uppercut","Havoc"],"picked":"Iron Wave","floor":18},{"not_picked":["Inflame","Disarm+1"],"picked":"Iron Wave","floor":19},{"not_picked":["Fire Breathing+1","Wild Strike"],"picked":"Entrench","floor":20},{"not_picked":["Twin Strike","True Grit"],"picked":"Flame Barrier","floor":22},{"not_picked":["Thunderclap","Armaments"],"picked":"Twin Strike+1","floor":23},{"not_picked":["Anger+1","Clothesline","Havoc"],"picked":"SKIP","floor":27},{"not_picked":["Iron Wave","Flex"],"picked":"Corruption+1","floor":28},{"not_picked":["Heavy Blade","Searing Blow+1","Sever Soul+1"],"picked":"SKIP","floor":29},{"not_picked":["Heavy Blade","Searing Blow+1","Sever Soul+1"],"picked":"SKIP","floor":29},{"not_picked":["Exhume","Rupture"],"picked":"Rage","floor":31},{"not_picked":["Perfected Strike","Rampage"],"picked":"Body Slam","floor":32},{"not_picked":["Immolate","Feed"],"picked":"Reaper","floor":33},{"not_picked":["Dropkick","Clash+1"],"picked":"Power Through","floor":35},{"not_picked":["Corruption","Cleave+1","Evolve"],"picked":"SKIP","floor":39},{"not_picked":["Fire Breathing","Offering"],"picked":"Entrench+1","floor":41},{"not_picked":["Intimidate","Metallicize+1","Pommel Strike+1"],"picked":"SKIP","floor":44},{"not_picked":["Iron Wave+1","Wild Strike+1","Intimidate+1"],"picked":"SKIP","floor":45},{"not_picked":["Sever Soul+1","True Grit+1"],"picked":"Havoc+1","floor":48}],"player_experience":219059,"relics_obtained":[{"floor":9,"key":"Gremlin Horn"},{"floor":26,"key":"Shovel"},{"floor":29,"key":"Blue Candle"},{"floor":41,"key":"Du-Vu Doll"},{"floor":42,"key":"Anchor"},{"floor":43,"key":"Art of War"},{"floor":49,"key":"Centennial Puzzle"}],"event_choices":[{"damage_healed":0,"gold_gain":0,"player_choice":"Leave","damage_taken":0,"max_hp_gain":0,"max_hp_loss":0,"event_name":"The Cleric","floor":4,"gold_loss":0},{"damage_healed":0,"gold_gain":275,"player_choice":"Desecrate","damage_taken":0,"max_hp_gain":0,"max_hp_loss":0,"event_name":"Golden Shrine","floor":12,"gold_loss":0,"cards_obtained":["Regret"]},{"damage_healed":0,"gold_gain":0,"player_choice":"Stole Relic","damage_taken":0,"relics_obtained":["Omamori"],"max_hp_gain":0,"max_hp_loss":0,"event_name":"Addict","floor":25,"gold_loss":0,"cards_obtained":["Shame"]},{"damage_healed":0,"gold_gain":275,"player_choice":"Desecrate","damage_taken":0,"max_hp_gain":0,"max_hp_loss":0,"event_name":"Golden Shrine","floor":30,"gold_loss":0,"cards_obtained":["Regret"]},{"damage_healed":0,"gold_gain":0,"player_choice":"Ignored","damage_taken":0,"max_hp_gain":0,"max_hp_loss":0,"event_name":"Mysterious Sphere","floor":36,"gold_loss":0},{"damage_healed":0,"gold_gain":0,"player_choice":"Upgraded","damage_taken":0,"max_hp_gain":0,"max_hp_loss":0,"event_name":"Upgrade Shrine","floor":38,"gold_loss":0,"cards_upgraded":["Body Slam"]},{"damage_healed":0,"gold_gain":0,"player_choice":"Paid","damage_taken":0,"relics_obtained":["Red Mask"],"max_hp_gain":0,"max_hp_loss":0,"event_name":"Tomb of Lord Red Mask","floor":46,"gold_loss":133}],"is_beta":false,"boss_relics":[{"not_picked":["Astrolabe","Runic Cube"],"picked":"Empty Cage"},{"not_picked":["Snecko Eye","Runic Pyramid"],"picked":"Philosopher\u0027s Stone"}],"items_purged_floors":[13],"is_endless":false,"potions_floor_spawned":[3,5,10,11,19,20,31,35,44,48],"ascension_level":2}