{"gold_per_floor":[216,234,33,53,0,0,33,33,33,58,74,39,39,55,55,133,133,150,167,184,184,200,200,225,225,250,44,44,58,58],"floor_reached":30,"playtime":3907,"items_purged":["Strike_G"],"score":648,"play_id":"b5d22062-b70c-424f-b9ef-6f041997f13b","local_time":"20190629123511","is_ascension_mode":true,"campfire_choices":[{"data":"Noxious Fumes","floor":6.0,"key":"SMITH"},{"floor":8.0,"key":"REST"},{"data":"Catalyst","floor":13.0,"key":"SMITH"},{"data":"Footwork","floor":15.0,"key":"SMITH"},{"floor":23.0,"key":"REST"},{"data":"Neutralize","floor":25,"key":"SMITH"},{"data":"Corpse Explosion","floor":28,"key":"SMITH"}],"neow_cost":"NONE","seed_source_timestamp":0,"circlet_count":0,"master_deck":["AscendersBane","Defend_G","Defend_G","Defend_G","Defend_G","Defend_G","Strike_G","Strike_G","Strike_G","Strike_G","Survivor","Neutralize+1","Footwork+1","Noxious Fumes+1","Catalyst+1","Dash","Dodge and Roll","Tools of the Trade+1","Footwork+1","Well Laid Plans+1","Corpse Explosion+1"],"special_seed":0,"relics":["Ring of the Snake","Frozen Egg 2","Orichalcum","Ice Cream","Runic Dome","Girya","Smiling Mask"],"potions_floor_usage":[24,30],"damage_taken":[{"damage":0.0,"enemies":"Cultist","floor":1.0,"turns":5.0},{"damage":0.0,"enemies":"2 Louse","floor":2.0,"turns":3.0},{"damage":0.0,"enemies":"Jaw Worm","floor":4.0,"turns":5.0},{"damage":42.0,"enemies":"Gremlin Nob","floor":7.0,"turns":5.0},{"damage":14.0,"enemies":"3 Sentries","floor":10.0,"turns":9.0},{"damage":14.0,"enemies":"Gremlin Gang","floor":11.0,"turns":4.0},{"damage":0.0,"enemies":"Blue Slaver","floor":14.0,"turns":6.0},{"damage":8.0,"enemies":"Slime Boss","floor":16.0,"turns":8.0},{"damage":3.0,"enemies":"Shell Parasite","floor":18.0,"turns":7.0},{"damage":28.0,"enemies":"2 Thieves","floor":19.0,"turns":5.0},{"damage":0.0,"enemies":"Centurion and Healer","floor":20.0,"turns":11.0},{"damage":19.0,"enemies":"Colosseum Slavers","floor":21.0,"turns":5.0},{"damage":3.0,"enemies":"Snake Plant","floor":22.0,"turns":6.0},{"damage":1,"enemies":"Book of Stabbing","floor":24,"turns":7},{"damage":5,"enemies":"Shelled Parasite and Fungi","floor":29,"turns":7},{"damage":18,"enemies":"Sentry and Sphere","floor":30,"turns":3}],"seed_played":"3275760505176460596","potions_obtained":[{"floor":7.0,"key":"Poison Potion"},{"floor":11.0,"key":"SkillPotion"},{"floor":18.0,"key":"LiquidBronze"},{"floor":20.0,"key":"Weak Potion"},{"floor":22.0,"key":"AttackPotion"}],"is_trial":false,"path_per_floor":["M","M","$","M","?","R","E","R","T","E","M","?","R","M","R","B",null,"M","M","M","?","M","R","E","R","T","$","R","M","M"],"character_chosen":"THE_SILENT","items_purchased":["Noxious Fumes","Catalyst","Dash","Corpse Explosion"],"campfire_rested":2,"item_purchase_floors":[3,3,3,27],"current_hp_per_floor":[59,59,59,59,59,59,17,36,36,22,8,24,24,24,24,16,54,51,23,23,4,1,20,19,19,19,19,19,14,0],"gold":58,"neow_bonus":"HUNDRED_GOLD","is_prod":false,"is_daily":false,"chose_seed":false,"campfire_upgraded":5,"win_rate":0,"timestamp":1561826111,"path_taken":["M","?","$","M","?","R","E","R","T","E","M","?","R","?","R","BOSS","M","?","M","?","M","R","E","R","T","?","R","M","?"],"build_version":"2019-01-23","purchased_purges":1,"victory":false,"max_hp_per_floor":[66,66,66,66,66,66,66,66,66,66,66,66,66,66,66,66,66,66,66,66,66,66,66,66,66,66,66,66,66,66],"card_choices":[{"not_picked":["Blade Dance","Underhanded Strike","Calculated Gamble"],"picked":"SKIP","floor":1.0},{"not_picked":["Caltrops","Dagger Throw"],"picked":"Footwork","floor":2.0},{"not_picked":["Calculated Gamble","Deflect","Wraith Form v2"],"picked":"SKIP","floor":4.0},{"not_picked":["Sucker Punch","Heel Hook","Flying Knee"],"picked":"SKIP","floor":7.0},{"not_picked":["Outmaneuver","PiercingWail"],"picked":"Dodge and Roll","floor":10.0},{"not_picked":["Setup","Flying Knee","Deflect"],"picked":"SKIP","floor":11.0},{"not_picked":["Setup","Flying Knee","Deflect"],"picked":"SKIP","floor":11.0},{"not_picked":["Poisoned Stab","Cloak And Dagger","Caltrops+1"],"picked":"SKIP","floor":14.0},{"not_picked":["Grand Finale","Wraith Form v2+1"],"picked":"Tools of the Trade+1","floor":16.0},{"not_picked":["PiercingWail","Dagger Spray"],"picked":"Footwork+1","floor":18.0},{"not_picked":["Tactician","Flechettes","Underhanded Strike"],"picked":"SKIP","floor":19.0},{"not_picked":["Cloak And Dagger","Setup"],"picked":"Well Laid Plans+1","floor":20.0},{"not_picked":["PiercingWail","Dagger Spray+1","Reflex"],"picked":"SKIP","floor":22.0},{"not_picked":["Dash","Outmaneuver","Reflex"],"picked":"SKIP","floor":24},{"not_picked":["Quick Slash","Expertise","Choke"],"picked":"SKIP","floor":29}],"player_experience":162646,"relics_obtained":[{"floor":7.0,"key":"Frozen Egg 2"},{"floor":9.0,"key":"Orichalcum"},{"floor":10.0,"key":"Ice Cream"},{"floor":24,"key":"Girya"},{"floor":26,"key":"Smiling Mask"}],"event_choices":[{"damage_healed":0.0,"max_hp_gain":0.0,"max_hp_loss":0.0,"gold_gain":0.0,"event_name":"World of Goop","player_choice":"Left Gold","floor":5.0,"gold_loss":53.0,"damage_taken":0.0},{"damage_healed":16.0,"max_hp_gain":0.0,"max_hp_loss":0.0,"gold_gain":0.0,"event_name":"The Cleric","player_choice":"Healed","floor":12.0,"gold_loss":35.0,"damage_taken":0.0},{"damage_healed":0.0,"max_hp_gain":0.0,"max_hp_loss":0.0,"gold_gain":0.0,"event_name":"Colosseum","player_choice":"Fight","floor":21.0,"gold_loss":0.0,"damage_taken":0.0},{"damage_healed":0.0,"max_hp_gain":0.0,"max_hp_loss":0.0,"gold_gain":0.0,"event_name":"Colosseum","player_choice":"Fled From Nobs","floor":21.0,"gold_loss":0.0,"damage_taken":0.0}],"is_beta":false,"boss_relics":[{"not_picked":["Empty Cage","Ring of the Serpent"],"picked":"Runic Dome"}],"items_purged_floors":[27],"is_endless":false,"potions_floor_spawned":[7,11,18,20,21,22],"killed_by":"Sentry and Sphere","ascension_level":16}