{"gold_per_floor":[109,123,123,48,123,123,133,148,148,163,163,163,63,81,81,178,178,198,198,73,92,105,105,18,18,18,18,35,35,35,53,53,53],"floor_reached":33,"playtime":872,"items_purged":["Strike_R","Defend_R","Strike_R"],"score":237,"play_id":"eaf6b8f8-c9c8-4f59-bcc9-9e872bd5a9af","local_time":"20190609222602","is_ascension_mode":false,"campfire_choices":[{"data":"Bash","floor":6,"key":"SMITH"},{"floor":15,"key":"REST"},{"floor":23,"key":"REST"},{"floor":25,"key":"REST"},{"data":"Shockwave","floor":30,"key":"SMITH"},{"floor":32,"key":"REST"}],"neow_cost":"NONE","seed_source_timestamp":31033199195498,"circlet_count":0,"master_deck":["Strike_R","Strike_R+1","Strike_R","Defend_R+1","Defend_R","Defend_R","Bash+1","Dropkick","Shockwave+1","Flash of Steel"],"relics":["Cursed Key"],"potions_floor_usage":[8,16,28,33,33],"damage_taken":[{"damage":1,"enemies":"Jaw Worm","floor":1,"turns":3},{"damage":0,"enemies":"Small Slimes","floor":2,"turns":3},{"damage":0,"enemies":"Cultist","floor":7,"turns":2},{"damage":4,"enemies":"Gremlin Gang","floor":8,"turns":3},{"damage":0,"enemies":"Looter","floor":10,"turns":3},{"damage":1,"enemies":"2 Fungi Beasts","floor":14,"turns":3},{"damage":3,"enemies":"Slime Boss","floor":16,"turns":7},{"damage":40,"enemies":"Spheric Guardian","floor":18,"turns":6},{"damage":8,"enemies":"3 Byrds","floor":21,"turns":6},{"damage":9,"enemies":"Cultist and Chosen","floor":22,"turns":5},{"damage":0,"enemies":"3 Cultists","floor":28,"turns":5},{"damage":48,"enemies":"Sentry and Sphere","floor":31,"turns":6},{"damage":58,"enemies":"Automaton","floor":33,"turns":6}],"seed_played":"-8160438667310780174","potions_obtained":[{"floor":7,"key":"Energy Potion"},{"floor":10,"key":"Regen Potion"},{"floor":21,"key":"Block Potion"},{"floor":28,"key":"Strength Potion"},{"floor":31,"key":"Energy Potion"}],"is_trial":false,"path_per_floor":["M","M","?","$","?","R","M","M","T","M","?","?","$","M","R","B",null,"M","?","$","M","M","R","$","R","T","?","M","?","R","M","R","B"],"character_chosen":"IRONCLAD","items_purchased":["Flash of Steel"],"campfire_rested":4,"item_purchase_floors":[24],"current_hp_per_floor":[79,79,63,63,55,55,55,51,51,51,51,51,51,50,74,80,80,40,40,40,32,23,47,47,71,71,71,71,56,56,8,33,0],"gold":53,"neow_bonus":"BOSS_RELIC","is_prod":false,"is_daily":false,"chose_seed":false,"campfire_upgraded":2,"win_rate":0,"timestamp":1560111962,"path_taken":["M","M","?","$","?","R","M","?","T","?","?","?","$","M","R","BOSS","M","?","$","M","M","R","$","R","T","?","?","?","R","M","R","BOSS"],"build_version":"2019-01-23","purchased_purges":3,"victory":false,"max_hp_per_floor":[80,80,80,80,80,80,80,80,80,80,80,80,80,80,80,80,80,80,80,80,80,80,80,80,80,80,80,80,85,85,85,85,85],"card_choices":[{"not_picked":["Iron Wave","Wild Strike"],"picked":"Battle Trance","floor":1},{"not_picked":["Spot Weakness","Cleave"],"picked":"Dropkick","floor":2},{"not_picked":["Clash","Twin Strike","Shrug It Off"],"picked":"SKIP","floor":7},{"not_picked":["Cleave","Clothesline","Clash"],"picked":"SKIP","floor":8},{"not_picked":["Intimidate","Inflame","Anger"],"picked":"SKIP","floor":10},{"not_picked":["Rupture","Battle Trance","Entrench"],"picked":"SKIP","floor":14},{"not_picked":["Pommel Strike","Iron Wave","True Grit"],"picked":"SKIP","floor":18},{"not_picked":["Pommel Strike","Iron Wave","True Grit"],"picked":"SKIP","floor":18},{"not_picked":["Cleave+1","Warcry"],"picked":"Shockwave","floor":21},{"not_picked":["Evolve","Heavy Blade","Combust"],"picked":"SKIP","floor":22},{"not_picked":["Flex","Iron Wave","Sentinel"],"picked":"SKIP","floor":28},{"not_picked":["Body Slam","Sword Boomerang","Metallicize"],"picked":"SKIP","floor":31}],"player_experience":553345,"relics_obtained":[],"event_choices":[{"damage_healed":0,"gold_gain":0,"player_choice":"Entered Light","damage_taken":16,"max_hp_gain":0,"max_hp_loss":0,"event_name":"Shining Light","floor":3,"gold_loss":0,"cards_upgraded":["Strike_R","Defend_R"]},{"damage_healed":0,"gold_gain":75,"player_choice":"Touch","damage_taken":8,"max_hp_gain":0,"max_hp_loss":0,"event_name":"FaceTrader","floor":5,"gold_loss":0},{"damage_healed":0,"gold_gain":0,"player_choice":"Searched \u00270\u0027 times","damage_taken":0,"max_hp_gain":0,"max_hp_loss":0,"event_name":"Dead Adventurer","floor":11,"gold_loss":0},{"damage_healed":0,"gold_gain":0,"player_choice":"Ignored","damage_taken":0,"max_hp_gain":0,"max_hp_loss":0,"event_name":"Golden Idol","floor":12,"gold_loss":0},{"damage_healed":0,"gold_gain":0,"player_choice":"Ignored","damage_taken":0,"max_hp_gain":0,"max_hp_loss":0,"event_name":"The Mausoleum","floor":19,"gold_loss":0},{"cards_removed":["Battle Trance"],"damage_healed":0,"gold_gain":0,"player_choice":"Purged","damage_taken":0,"max_hp_gain":0,"max_hp_loss":0,"event_name":"Purifier","floor":27,"gold_loss":0},{"damage_healed":0,"gold_gain":0,"player_choice":"Shed Blood","damage_taken":20,"max_hp_gain":5,"max_hp_loss":0,"event_name":"Forgotten Altar","floor":29,"gold_loss":0}],"is_beta":false,"boss_relics":[{"not_picked":["Philosopher\u0027s Stone","Eternal Feather","White Beast Statue"]}],"items_purged_floors":[4,13,20],"is_endless":false,"potions_floor_spawned":[7,10,21,28,31],"killed_by":"Automaton","ascension_level":0}