{"gold_per_floor":[114,114,124,142,159,159,159,188,211,229,229,229,23,23,23,23],"floor_reached":16,"playtime":559,"items_purged":[],"score":170,"play_id":"a2081359-b85c-4976-b902-4623d282bc8b","local_time":"20190511154512","is_ascension_mode":true,"campfire_choices":[{"data":"True Grit","floor":6,"key":"SMITH"},{"data":"Havoc","floor":11,"key":"SMITH"},{"floor":15,"key":"REST"}],"neow_cost":"NONE","seed_source_timestamp":2092196008001423,"circlet_count":0,"master_deck":["AscendersBane","Strike_R","Strike_R","Strike_R","Strike_R","Strike_R","Defend_R","Defend_R","Defend_R+1","Bash","True Grit+1","Havoc+1","True Grit+1","Cleave","Power Through+1","Spot Weakness","Immolate","Sentinel"],"relics":["Burning Blood","Anchor","Potion Belt","War Paint","Oddly Smooth Stone"],"potions_floor_usage":[8,8],"damage_taken":[{"damage":10,"enemies":"Jaw Worm","floor":1,"turns":5},{"damage":11,"enemies":"Cultist","floor":3,"turns":4},{"damage":8,"enemies":"2 Louse","floor":4,"turns":4},{"damage":20,"enemies":"Lots of Slimes","floor":5,"turns":4},{"damage":38,"enemies":"Lagavulin","floor":8,"turns":11},{"damage":0,"enemies":"3 Louse","floor":10,"turns":3},{"damage":27,"enemies":"The Guardian","floor":16,"turns":9}],"seed_played":"2412233369945328170","potions_obtained":[{"floor":3,"key":"PowerPotion"},{"floor":5,"key":"Weak Potion"},{"floor":8,"key":"GamblersBrew"}],"is_trial":false,"path_per_floor":["M","?","M","M","M","R","?","E","T","M","R","?","$","?","R","B"],"character_chosen":"IRONCLAD","items_purchased":["Immolate","Sentinel"],"campfire_rested":1,"item_purchase_floors":[13,13],"current_hp_per_floor":[64,64,59,57,43,43,43,11,11,17,17,5,5,5,27,0],"gold":23,"neow_bonus":"THREE_CARDS","is_prod":false,"is_daily":false,"chose_seed":false,"campfire_upgraded":2,"win_rate":0,"timestamp":1557582312,"path_taken":["M","?","?","M","M","R","?","E","T","?","R","?","$","?","R","BOSS"],"build_version":"2019-01-23","purchased_purges":0,"victory":false,"max_hp_per_floor":[75,75,75,75,75,75,75,75,75,75,75,75,75,75,75,75],"card_choices":[{"not_picked":["Shrug It Off","Sentinel"],"picked":"True Grit","floor":0},{"not_picked":["Heavy Blade","Combust"],"picked":"Havoc","floor":1},{"not_picked":["Warcry","Clash"],"picked":"True Grit","floor":3},{"not_picked":["Uppercut","Pommel Strike"],"picked":"Cleave","floor":4},{"not_picked":["Sword Boomerang","Evolve"],"picked":"Power Through","floor":5},{"not_picked":["Demon Form","Entrench","Sword Boomerang"],"picked":"SKIP","floor":8},{"not_picked":["Pommel Strike","Dual Wield"],"picked":"Spot Weakness","floor":10}],"player_experience":324012,"relics_obtained":[{"floor":8,"key":"Anchor"},{"floor":9,"key":"Potion Belt"}],"event_choices":[{"cards_removed":["Defend_R"],"damage_healed":0,"gold_gain":0,"player_choice":"Offered Basic","damage_taken":0,"max_hp_gain":0,"max_hp_loss":0,"event_name":"Bonfire Elementals","floor":2,"gold_loss":0},{"damage_healed":0,"gold_gain":0,"player_choice":"Upgraded","damage_taken":0,"max_hp_gain":0,"max_hp_loss":0,"event_name":"Upgrade Shrine","floor":7,"gold_loss":0,"cards_upgraded":["True Grit"]},{"damage_healed":0,"gold_gain":0,"player_choice":"Success","damage_taken":12,"relics_obtained":["War Paint"],"max_hp_gain":0,"max_hp_loss":0,"event_name":"Scrap Ooze","floor":12,"gold_loss":0},{"damage_healed":0,"gold_gain":0,"player_choice":"Gave Potion","damage_taken":0,"relics_obtained":["Oddly Smooth Stone"],"max_hp_gain":0,"max_hp_loss":0,"event_name":"WeMeetAgain","floor":14,"gold_loss":0}],"is_beta":false,"boss_relics":[],"items_purged_floors":[],"is_endless":false,"potions_floor_spawned":[3,5,8],"killed_by":"The Guardian","ascension_level":14}