{"gold_per_floor":[216,233,245,28,44,44,76,76,103,114,114],"floor_reached":11,"playtime":259,"items_purged":[],"score":150,"play_id":"586ef98a-6084-4b30-a0ad-b82d43b8b43c","local_time":"20190530175235","is_ascension_mode":true,"campfire_choices":[{"data":"Fusion","floor":6.0,"key":"SMITH"},{"data":"Hyperbeam","floor":8.0,"key":"SMITH"}],"neow_cost":"NONE","seed_source_timestamp":4838527783648,"circlet_count":0,"master_deck":["AscendersBane","Strike_B","Strike_B","Strike_B","Strike_B","Defend_B","Defend_B","Defend_B","Defend_B","Zap","Dualcast","Conserve Battery","Cold Snap","Fusion+1","Sweeping Beam","Hyperbeam+1","Beam Cell"],"special_seed":0,"relics":["Cracked Core","Membership Card","Lantern","Ancient Tea Set"],"potions_floor_usage":[11],"damage_taken":[{"damage":0.0,"enemies":"Cultist","floor":1.0,"turns":3.0},{"damage":2.0,"enemies":"2 Louse","floor":2.0,"turns":3.0},{"damage":0.0,"enemies":"Jaw Worm","floor":3.0,"turns":4.0},{"damage":19.0,"enemies":"Lots of Slimes","floor":5.0,"turns":5.0},{"damage":33.0,"enemies":"Lagavulin","floor":7.0,"turns":9.0},{"damage":0.0,"enemies":"Exordium Wildlife","floor":10.0,"turns":1.0},{"damage":26,"enemies":"Gremlin Nob","floor":11,"turns":3}],"seed_played":"746495718094566258","potions_obtained":[{"floor":2.0,"key":"Regen Potion"},{"floor":3.0,"key":"AttackPotion"},{"floor":5.0,"key":"EssenceOfSteel"}],"is_trial":false,"path_per_floor":["M","M","M","$","M","R","E","R","T","M","E"],"character_chosen":"DEFECT","items_purchased":["Membership Card"],"campfire_rested":0,"item_purchase_floors":[4],"current_hp_per_floor":[64,62,62,62,57,57,24,24,24,24,0],"gold":114,"neow_bonus":"HUNDRED_GOLD","is_prod":false,"is_daily":false,"chose_seed":false,"campfire_upgraded":2,"win_rate":0,"timestamp":1559231555,"path_taken":["M","M","M","$","M","R","E","R","T","?","E"],"build_version":"2019-05-28","purchased_purges":0,"victory":false,"max_hp_per_floor":[71,71,71,71,71,71,71,71,71,71,71],"card_choices":[{"not_picked":["Beam Cell","Leap"],"picked":"Conserve Battery","floor":1.0},{"not_picked":["Turbo","Sweeping Beam"],"picked":"Cold Snap","floor":2.0},{"not_picked":["Machine Learning","Conserve Battery"],"picked":"Fusion","floor":3.0},{"not_picked":["Beam Cell","Turbo"],"picked":"Sweeping Beam","floor":5.0},{"not_picked":["Steam","Hello World"],"picked":"Hyperbeam","floor":7.0},{"not_picked":["Steam","Gash"],"picked":"Beam Cell","floor":10.0}],"player_experience":1622377,"relics_obtained":[{"floor":7.0,"key":"Lantern"},{"floor":9.0,"key":"Ancient Tea Set"}],"event_choices":[],"is_beta":true,"boss_relics":[],"items_purged_floors":[],"is_endless":false,"potions_floor_spawned":[2,3,5],"killed_by":"Gremlin Nob","ascension_level":20}