{"gold_per_floor":[117,117,133,133,153,179,179,211,211,245,245,256,68,78,78,155,155,166,166,166,166],"floor_reached":21,"playtime":532,"items_purged":[],"score":394,"play_id":"ef4085c1-b898-4d35-847c-094d5e2b4f15","local_time":"20190517190951","is_ascension_mode":true,"campfire_choices":[{"data":"Hyperbeam","floor":7,"key":"SMITH"},{"floor":11,"key":"REST"},{"floor":15,"key":"REST"}],"neow_cost":"NONE","seed_source_timestamp":4618471011370,"circlet_count":0,"master_deck":["AscendersBane","Strike_B","Strike_B","Strike_B","Defend_B","Defend_B","Defend_B","Defend_B","Zap","Dualcast","Streamline+1","Ball Lightning","Cold Snap","Hyperbeam+1","Self Repair","Compile Driver","Turbo","Apotheosis","Genetic Algorithm","Creative AI","Conserve Battery"],"relics":["Cracked Core","NeowsBlessing","Art of War","Nunchaku","Kunai","Omamori","Fusion Hammer"],"potions_floor_usage":[6,10,16],"damage_taken":[{"damage":0,"enemies":"Cultist","floor":1,"turns":1},{"damage":0,"enemies":"Small Slimes","floor":3,"turns":1},{"damage":0,"enemies":"Jaw Worm","floor":5,"turns":1},{"damage":17,"enemies":"3 Sentries","floor":6,"turns":7},{"damage":30,"enemies":"Gremlin Nob","floor":8,"turns":4},{"damage":10,"enemies":"Lagavulin","floor":10,"turns":6},{"damage":8,"enemies":"3 Louse","floor":12,"turns":3},{"damage":23,"enemies":"Exordium Thugs","floor":14,"turns":5},{"damage":41,"enemies":"The Guardian","floor":16,"turns":10},{"damage":34,"enemies":"Shell Parasite","floor":18,"turns":6},{"damage":30,"enemies":"Colosseum Slavers","floor":19,"turns":3},{"damage":7,"enemies":"Chosen","floor":21,"turns":3}],"seed_played":"-3235926521582745089","potions_obtained":[{"floor":1,"key":"Dexterity Potion"},{"floor":5,"key":"Fruit Juice"},{"floor":10,"key":"Poison Potion"}],"is_trial":false,"path_per_floor":["M","?","M","?","M","E","R","E","T","E","R","M","$","M","R","B",null,"M","?","?","M"],"character_chosen":"DEFECT","items_purchased":["Apotheosis"],"campfire_rested":2,"item_purchase_floors":[13],"current_hp_per_floor":[64,57,57,57,57,45,45,15,15,12,34,33,33,20,42,11,60,36,6,6,0],"gold":166,"neow_bonus":"THREE_ENEMY_KILL","is_prod":false,"is_daily":false,"chose_seed":false,"campfire_upgraded":1,"win_rate":0,"timestamp":1558112991,"path_taken":["M","?","M","?","M","E","R","E","T","E","R","?","?","M","R","BOSS","M","?","?","?"],"build_version":"2019-05-07","purchased_purges":0,"victory":false,"max_hp_per_floor":[71,71,71,71,71,76,76,76,76,76,76,76,76,76,76,76,76,76,76,76,76],"card_choices":[{"not_picked":["Chaos","Conserve Battery"],"picked":"Streamline","floor":1},{"not_picked":["Hologram","Static Discharge"],"picked":"Ball Lightning","floor":3},{"not_picked":["Rebound","Compile Driver"],"picked":"Cold Snap","floor":5},{"not_picked":["White Noise","Redo"],"picked":"Hyperbeam","floor":6},{"not_picked":["Barrage","Streamline"],"picked":"Self Repair","floor":8},{"not_picked":["Redo","Sunder"],"picked":"Compile Driver","floor":10},{"not_picked":["Steam","Sunder"],"picked":"Turbo","floor":12},{"not_picked":["Skim","Reinforced Body"],"picked":"Genetic Algorithm","floor":14},{"not_picked":["Amplify","Rainbow"],"picked":"Creative AI","floor":16},{"not_picked":["Steam Power","Barrage"],"picked":"Conserve Battery","floor":18}],"player_experience":1551451,"relics_obtained":[{"floor":6,"key":"Art of War"},{"floor":8,"key":"Nunchaku"},{"floor":9,"key":"Kunai"},{"floor":10,"key":"Omamori"}],"event_choices":[{"cards_removed":["Strike_B"],"damage_healed":0,"gold_gain":0,"player_choice":"Card Removal","damage_taken":7,"max_hp_gain":0,"max_hp_loss":0,"event_name":"Golden Wing","floor":2,"gold_loss":0},{"damage_healed":0,"gold_gain":0,"player_choice":"Forge","damage_taken":0,"max_hp_gain":0,"max_hp_loss":0,"event_name":"Accursed Blacksmith","floor":4,"gold_loss":0,"cards_upgraded":["Streamline"]},{"damage_healed":0,"gold_gain":0,"player_choice":"Fight","damage_taken":0,"max_hp_gain":0,"max_hp_loss":0,"event_name":"Colosseum","floor":19,"gold_loss":0},{"damage_healed":0,"gold_gain":0,"player_choice":"Fled From Nobs","damage_taken":0,"max_hp_gain":0,"max_hp_loss":0,"event_name":"Colosseum","floor":19,"gold_loss":0},{"damage_healed":0,"gold_gain":0,"player_choice":"Smashed Altar","damage_taken":0,"max_hp_gain":0,"max_hp_loss":0,"event_name":"Forgotten Altar","floor":20,"gold_loss":0,"cards_obtained":["Decay"]}],"is_beta":true,"boss_relics":[{"not_picked":["Ectoplasm","Philosopher\u0027s Stone"],"picked":"Fusion Hammer"}],"items_purged_floors":[],"is_endless":false,"potions_floor_spawned":[1,5,10],"killed_by":"Chosen","ascension_level":20}