{"gold_per_floor":[110,110,125,142,142,142,174,184,184,201,235,245,279,290,290,364,364,380,380,380,400,400,400],"floor_reached":23,"playtime":833,"items_purged":[],"score":394,"play_id":"21fc4762-b04e-414d-9d88-7daf17c3bc88","local_time":"20190530232328","is_ascension_mode":true,"campfire_choices":[{"data":"Blade Dance","floor":6.0,"key":"SMITH"},{"data":"Terror","floor":15,"key":"SMITH"}],"neow_cost":"NONE","seed_source_timestamp":1142713771722712,"circlet_count":0,"master_deck":["AscendersBane","Defend_G","Defend_G","Defend_G","Defend_G","Defend_G","Strike_G","Strike_G","Strike_G","Survivor","Neutralize+1","Quick Slash","Blade Dance+1","Flying Knee","Terror+1","Cloak And Dagger","Leg Sweep","Backflip","Finisher","Burst+1","Blade Dance","Slice"],"special_seed":0,"relics":["Ring of the Snake","NeowsBlessing","Dream Catcher","Strawberry","Letter Opener","Bronze Scales","Runic Dome"],"potions_floor_usage":[13,16,18],"damage_taken":[{"damage":0.0,"enemies":"Small Slimes","floor":1.0,"turns":1.0},{"damage":0.0,"enemies":"Cultist","floor":3.0,"turns":1.0},{"damage":0.0,"enemies":"2 Louse","floor":4.0,"turns":1.0},{"damage":15.0,"enemies":"Gremlin Nob","floor":7.0,"turns":4.0},{"damage":1.0,"enemies":"Blue Slaver","floor":8.0,"turns":4.0},{"damage":2.0,"enemies":"3 Louse","floor":10.0,"turns":4.0},{"damage":7.0,"enemies":"3 Sentries","floor":11.0,"turns":8.0},{"damage":0.0,"enemies":"Red Slaver","floor":12.0,"turns":5.0},{"damage":18,"enemies":"Gremlin Nob","floor":13,"turns":5},{"damage":3,"enemies":"Exordium Wildlife","floor":14,"turns":5},{"damage":8,"enemies":"Hexaghost","floor":16,"turns":9},{"damage":6,"enemies":"2 Thieves","floor":18,"turns":3},{"damage":17,"enemies":"Spheric Guardian","floor":21,"turns":4},{"damage":42,"enemies":"Slavers","floor":23,"turns":4}],"seed_played":"7263199308374095764","potions_obtained":[{"floor":3.0,"key":"Fire Potion"},{"floor":4.0,"key":"Fire Potion"},{"floor":7.0,"key":"Energy Potion"},{"floor":12.0,"key":"PowerPotion"},{"floor":13,"key":"Block Potion"},{"floor":16,"key":"SkillPotion"}],"is_trial":false,"path_per_floor":["M","?","M","M","?","R","E","M","T","M","E","M","E","M","R","B",null,"M","?","?","M","?","E"],"character_chosen":"THE_SILENT","items_purchased":[],"campfire_rested":0,"item_purchase_floors":[],"current_hp_per_floor":[59,59,59,59,59,59,44,43,50,48,41,41,23,20,20,12,58,52,52,52,35,35,0],"gold":400,"neow_bonus":"THREE_ENEMY_KILL","is_prod":false,"is_daily":false,"chose_seed":false,"campfire_upgraded":2,"win_rate":0,"timestamp":1559251408,"path_taken":["M","?","?","?","?","R","E","M","T","M","E","M","E","M","R","BOSS","M","?","?","?","?","E"],"build_version":"2019-01-23","purchased_purges":0,"victory":false,"max_hp_per_floor":[66,66,66,66,66,66,66,66,73,73,73,73,73,73,73,73,73,73,73,73,73,73,73],"card_choices":[{"not_picked":["Slice","Reflex"],"picked":"Quick Slash","floor":1.0},{"not_picked":["Acrobatics","Dagger Spray"],"picked":"Blade Dance","floor":3.0},{"not_picked":["Heel Hook","Tactician","Outmaneuver"],"picked":"SKIP","floor":4.0},{"not_picked":["Crippling Poison","Grand Finale"],"picked":"Flying Knee","floor":7.0},{"not_picked":["Underhanded Strike","Tactician"],"picked":"Terror","floor":8.0},{"not_picked":["Flying Knee","Quick Slash"],"picked":"Cloak And Dagger","floor":10.0},{"not_picked":["Backstab","Adrenaline"],"picked":"Leg Sweep","floor":11.0},{"not_picked":["Outmaneuver","Deadly Poison"],"picked":"Backflip","floor":12.0},{"not_picked":["Riddle With Holes","Dodge and Roll"],"picked":"Finisher","floor":13},{"not_picked":["Dagger Spray","Deadly Poison","Deflect"],"picked":"SKIP","floor":14},{"not_picked":["Storm of Steel","A Thousand Cuts"],"picked":"Burst","floor":16},{"not_picked":["Prepared","Poisoned Stab","Flechettes"],"picked":"SKIP","floor":18},{"not_picked":["Dagger Spray","Concentrate","Bouncing Flask"],"picked":"SKIP","floor":21}],"player_experience":476379,"relics_obtained":[{"floor":7.0,"key":"Dream Catcher"},{"floor":9.0,"key":"Strawberry"},{"floor":11.0,"key":"Letter Opener"},{"floor":13,"key":"Bronze Scales"}],"event_choices":[{"damage_healed":0.0,"max_hp_gain":0.0,"max_hp_loss":0.0,"gold_gain":0.0,"event_name":"Upgrade Shrine","player_choice":"Upgraded","floor":2.0,"gold_loss":0.0,"damage_taken":0.0,"cards_upgraded":["Neutralize"]},{"damage_healed":0.0,"max_hp_gain":0.0,"max_hp_loss":0.0,"gold_gain":0.0,"event_name":"Liars Game","player_choice":"Ignored","floor":5.0,"gold_loss":0.0,"damage_taken":0.0},{"damage_healed":0,"gold_gain":0,"cards_transformed":["Strike_G","Strike_G"],"player_choice":"Became Test Subject","damage_taken":0,"max_hp_gain":0,"max_hp_loss":0,"event_name":"Drug Dealer","floor":19,"gold_loss":0,"cards_obtained":["Blade Dance","Slice"]},{"damage_healed":0,"gold_gain":0,"player_choice":"Upgraded","damage_taken":0,"max_hp_gain":0,"max_hp_loss":0,"event_name":"Upgrade Shrine","floor":20,"gold_loss":0,"cards_upgraded":["Burst"]},{"damage_healed":0,"gold_gain":0,"player_choice":"Ignored","damage_taken":0,"max_hp_gain":0,"max_hp_loss":0,"event_name":"N\u0027loth","floor":22,"gold_loss":0}],"is_beta":false,"boss_relics":[{"not_picked":["Tiny House","Snecko Eye"],"picked":"Runic Dome"}],"items_purged_floors":[],"is_endless":false,"potions_floor_spawned":[3,4,7,12,13,16],"killed_by":"Slavers","ascension_level":17}