{"gold_per_floor":[209,209,41,41,57,57,75,75,75,105,167,237,237,307,307,410,410,422,441,232,28,42,42],"floor_reached":23,"playtime":1285,"items_purged":["Regret","Strike_B"],"score":241,"play_id":"3a0f54bf-f204-49f2-ab80-41a0e571b540","local_time":"20190503200407","is_ascension_mode":true,"campfire_choices":[{"data":"Zap","floor":6,"key":"SMITH"},{"data":"Streamline","floor":8,"key":"SMITH"},{"floor":13,"key":"REST"},{"data":"Fission","floor":15,"key":"SMITH"}],"neow_cost":"NONE","seed_source_timestamp":786426370373900,"circlet_count":0,"master_deck":["Strike_B","Strike_B","Strike_B","Defend_B","Defend_B","Defend_B","Defend_B","Zap+1","Dualcast","Streamline+1","Capacitor","Barrage","Coolheaded","Hologram","Fission+1","Capacitor","Genetic Algorithm","Cold Snap","Rainbow","Redo","Auto Shields+1","Fission+1","Hologram+1"],"relics":["Cracked Core","Smiling Mask","SsserpentHead","Letter Opener","Bottled Flame","Inserter","DollysMirror","ClockworkSouvenir"],"potions_floor_usage":[10,16,16,18,19,22],"damage_taken":[{"damage":0,"enemies":"2 Louse","floor":1,"turns":4},{"damage":5,"enemies":"Cultist","floor":5,"turns":4},{"damage":7,"enemies":"Small Slimes","floor":7,"turns":3},{"damage":21,"enemies":"Gremlin Nob","floor":10,"turns":4},{"damage":7,"enemies":"2 Fungi Beasts","floor":11,"turns":2},{"damage":6,"enemies":"Large Slime","floor":12,"turns":5},{"damage":11,"enemies":"Lots of Slimes","floor":14,"turns":3},{"damage":20,"enemies":"Hexaghost","floor":16,"turns":10},{"damage":4,"enemies":"Spheric Guardian","floor":18,"turns":3},{"damage":19,"enemies":"2 Thieves","floor":19,"turns":4},{"damage":9,"enemies":"3 Cultists","floor":22,"turns":4},{"damage":33,"enemies":"Gremlin Leader","floor":23,"turns":7}],"seed_played":"-7836224954293557315","potions_obtained":[{"floor":7,"key":"EssenceOfSteel"},{"floor":11,"key":"AttackPotion"},{"floor":12,"key":"PowerPotion"},{"floor":14,"key":"Explosive Potion"},{"floor":16,"key":"FearPotion"},{"floor":19,"key":"Strength Potion"},{"floor":22,"key":"SpeedPotion"}],"is_trial":false,"path_per_floor":["M","?","$","?","M","R","M","R","T","E","M","M","R","M","R","B",null,"M","M","$","$","M","E"],"character_chosen":"DEFECT","items_purchased":["Capacitor","Barrage","DollysMirror","ClockworkSouvenir"],"campfire_rested":1,"item_purchase_floors":[3,3,20,21],"current_hp_per_floor":[75,75,75,75,70,70,63,63,63,42,35,29,51,40,40,20,61,57,38,38,38,29,0],"gold":42,"neow_bonus":"HUNDRED_GOLD","is_prod":false,"is_daily":false,"chose_seed":false,"campfire_upgraded":3,"win_rate":0,"timestamp":1556939047,"path_taken":["M","?","$","?","M","R","M","R","T","E","?","?","R","?","R","BOSS","M","M","?","$","M","E"],"build_version":"2019-01-23","purchased_purges":2,"victory":false,"max_hp_per_floor":[75,75,75,75,75,75,75,75,75,75,75,75,75,75,75,75,75,75,75,75,75,75,75],"card_choices":[{"not_picked":["Conserve Battery","Beam Cell"],"picked":"Streamline","floor":1},{"not_picked":["Auto Shields","Turbo"],"picked":"Coolheaded","floor":5},{"not_picked":["FTL","Loop"],"picked":"Hologram","floor":7},{"not_picked":["Stack","Aggregate","Fission"],"picked":"SKIP","floor":10},{"not_picked":["Stack","Aggregate"],"picked":"Fission","floor":10},{"not_picked":["Beam Cell","Barrage"],"picked":"Capacitor","floor":11},{"not_picked":["Barrage","Static Discharge","Genetic Algorithm"],"picked":"SKIP","floor":12},{"not_picked":["Barrage","Static Discharge"],"picked":"Genetic Algorithm","floor":12},{"not_picked":["Gash","Redo"],"picked":"Cold Snap","floor":14},{"not_picked":["Seek","Reboot"],"picked":"Rainbow","floor":16},{"not_picked":["Scrape","Go for the Eyes"],"picked":"Redo","floor":18},{"not_picked":["Hologram","Cold Snap"],"picked":"Auto Shields+1","floor":19},{"not_picked":["Static Discharge","Streamline+1"],"picked":"Hologram+1","floor":22}],"player_experience":292414,"relics_obtained":[{"floor":9,"key":"Letter Opener"},{"floor":10,"key":"Bottled Flame"}],"event_choices":[{"damage_healed":0,"gold_gain":0,"player_choice":"Box","damage_taken":0,"relics_obtained":["Smiling Mask"],"max_hp_gain":0,"max_hp_loss":0,"event_name":"Big Fish","floor":2,"gold_loss":0,"cards_obtained":["Regret"]},{"damage_healed":0,"gold_gain":0,"player_choice":"Trade","damage_taken":0,"relics_obtained":["SsserpentHead"],"max_hp_gain":0,"max_hp_loss":0,"event_name":"FaceTrader","floor":4,"gold_loss":0}],"is_beta":false,"boss_relics":[{"not_picked":["Empty Cage","Black Star"],"picked":"Inserter"}],"items_purged_floors":[3,20],"is_endless":false,"potions_floor_spawned":[7,11,12,14,16,19,22],"killed_by":"Gremlin Leader","ascension_level":5}