{"gold_per_floor":[117,129,139,89,9,9,39,52,77,77,77,90,90,118,118,191,191,206,206,221,241,241,241,251,251,251,251,268,302,227,256,256,256],"floor_reached":33,"playtime":1421,"items_purged":[],"score":528,"play_id":"01d9cc73-6dfa-4d2b-9540-ec3ac6627ba1","local_time":"20190628232740","is_ascension_mode":true,"campfire_choices":[{"data":"Venomology","floor":6,"key":"SMITH"},{"data":"Neutralize","floor":10,"key":"SMITH"},{"data":"Glass Knife","floor":13,"key":"SMITH"},{"floor":15,"key":"REST"},{"data":"Corpse Explosion","floor":23,"key":"SMITH"},{"data":"Adrenaline","floor":25,"key":"SMITH"},{"data":"Malaise","floor":32,"key":"SMITH"}],"neow_cost":"NONE","seed_source_timestamp":701575154984860,"circlet_count":0,"master_deck":["AscendersBane","Defend_G","Defend_G","Defend_G","Defend_G","Defend_G","Strike_G","Strike_G","Survivor","Neutralize+1","Corpse Explosion+1","Sucker Punch","Backflip","Dagger Spray","Venomology+1","Deflect","Dash","Glass Knife+1","Adrenaline+1","Skewer+1","Dodge and Roll","Catalyst","PiercingWail","Malaise+1"],"relics":["Ring of the Snake","Bronze Scales","PreservedInsect","Snake Skull","Velvet Choker","Oddly Smooth Stone","Letter Opener","Anchor","Smiling Mask"],"potions_floor_usage":[8,16,16,18,21,21,28,29,31,33,33,33],"damage_taken":[{"damage":7,"enemies":"2 Louse","floor":1,"turns":2},{"damage":4,"enemies":"Small Slimes","floor":2,"turns":4},{"damage":0,"enemies":"Cultist","floor":3,"turns":4},{"damage":27,"enemies":"3 Sentries","floor":7,"turns":5},{"damage":4,"enemies":"Large Slime","floor":8,"turns":6},{"damage":4,"enemies":"Exordium Wildlife","floor":12,"turns":3},{"damage":2,"enemies":"Gremlin Nob","floor":14,"turns":3},{"damage":27,"enemies":"Slime Boss","floor":16,"turns":11},{"damage":0,"enemies":"Chosen","floor":18,"turns":4},{"damage":3,"enemies":"Spheric Guardian","floor":20,"turns":3},{"damage":0,"enemies":"Snecko","floor":21,"turns":5},{"damage":0,"enemies":"3 Cultists","floor":24,"turns":2},{"damage":0,"enemies":"Snake Plant","floor":28,"turns":4},{"damage":0,"enemies":"Slavers","floor":29,"turns":2},{"damage":4,"enemies":"Gremlin Leader","floor":31,"turns":5},{"damage":58,"enemies":"Collector","floor":33,"turns":11}],"seed_played":"-5829810075728683586","potions_obtained":[{"floor":8,"key":"Energy Potion"},{"floor":24,"key":"LiquidBronze"},{"floor":29,"key":"Poison Potion"}],"is_trial":false,"path_per_floor":["M","M","M","?","$","R","E","M","T","R","?","M","R","E","R","B",null,"M","?","M","M","?","R","M","R","T","T","M","E","?","E","R","B"],"character_chosen":"THE_SILENT","items_purchased":["Venomology"],"campfire_rested":1,"item_purchase_floors":[5],"current_hp_per_floor":[56,52,52,52,52,52,25,21,21,21,44,40,40,38,59,32,61,61,61,58,58,45,45,45,45,45,45,45,45,45,41,41,0],"gold":256,"neow_bonus":"ONE_RANDOM_RARE_CARD","is_prod":false,"is_daily":false,"chose_seed":false,"campfire_upgraded":6,"win_rate":0,"timestamp":1561782460,"path_taken":["M","M","M","?","$","R","E","M","T","R","?","M","R","E","R","BOSS","M","?","?","M","?","R","M","R","T","?","M","E","?","E","R","BOSS"],"build_version":"2019-01-23","purchased_purges":0,"victory":false,"max_hp_per_floor":[70,70,70,70,70,70,70,70,70,70,70,70,70,70,70,70,70,70,70,70,70,75,75,75,75,75,75,75,75,75,75,75,75],"card_choices":[{"not_picked":["Bane","Terror"],"picked":"Sucker Punch","floor":1},{"not_picked":["Acrobatics","Outmaneuver"],"picked":"Backflip","floor":2},{"not_picked":["Reflex","Dagger Throw"],"picked":"Dagger Spray","floor":3},{"not_picked":["Acrobatics","Bane"],"picked":"Deflect","floor":7},{"not_picked":["Terror","Infinite Blades"],"picked":"Dash","floor":8},{"not_picked":["Predator","Bane"],"picked":"Glass Knife","floor":12},{"not_picked":["Bane","Grand Finale","Eviscerate"],"picked":"SKIP","floor":14},{"not_picked":["Tools of the Trade","Doppelganger"],"picked":"Adrenaline","floor":16},{"not_picked":["Prepared","Bane","Dagger Spray"],"picked":"SKIP","floor":18},{"not_picked":["Slice","Bane"],"picked":"Skewer+1","floor":20},{"not_picked":["Flechettes","Poisoned Stab"],"picked":"Dodge and Roll","floor":21},{"not_picked":["Backstab","Poisoned Stab"],"picked":"Catalyst","floor":24},{"not_picked":["Dagger Spray","Outmaneuver"],"picked":"PiercingWail","floor":28},{"not_picked":["All Out Attack","Dagger Spray","Escape Plan"],"picked":"SKIP","floor":29},{"not_picked":["Poisoned Stab","Accuracy"],"picked":"Malaise","floor":31}],"player_experience":306654,"relics_obtained":[{"floor":7,"key":"Bronze Scales"},{"floor":9,"key":"PreservedInsect"},{"floor":14,"key":"Snake Skull"},{"floor":26,"key":"Oddly Smooth Stone"},{"floor":27,"key":"Letter Opener"},{"floor":29,"key":"Anchor"},{"floor":31,"key":"Smiling Mask"}],"event_choices":[{"cards_removed":["Strike_G"],"damage_healed":0,"gold_gain":0,"player_choice":"Card Removal","damage_taken":0,"max_hp_gain":0,"max_hp_loss":0,"event_name":"The Cleric","floor":4,"gold_loss":50},{"damage_healed":23,"gold_gain":0,"player_choice":"Banana","damage_taken":0,"max_hp_gain":0,"max_hp_loss":0,"event_name":"Big Fish","floor":11,"gold_loss":0},{"cards_removed":["Strike_G"],"damage_healed":0,"gold_gain":0,"player_choice":"Purged","damage_taken":0,"max_hp_gain":0,"max_hp_loss":0,"event_name":"Purifier","floor":19,"gold_loss":0},{"damage_healed":0,"gold_gain":0,"player_choice":"Shed Blood","damage_taken":18,"max_hp_gain":5,"max_hp_loss":0,"event_name":"Forgotten Altar","floor":22,"gold_loss":0},{"cards_removed":["Strike_G"],"damage_healed":0,"gold_gain":0,"player_choice":"Gave Gold","damage_taken":0,"max_hp_gain":0,"max_hp_loss":0,"event_name":"Beggar","floor":30,"gold_loss":75}],"is_beta":false,"boss_relics":[{"not_picked":["WristBlade","Tiny House"],"picked":"Velvet Choker"}],"items_purged_floors":[],"is_endless":false,"potions_floor_spawned":[8,12,24,29,31],"killed_by":"Collector","ascension_level":13}