{"gold_per_floor":[117,117,127,127,143,175,175,193,193,193,193],"floor_reached":11,"playtime":430,"items_purged":[],"score":95,"play_id":"1149e375-2e3c-4ad6-a173-5e7174f1c42b","local_time":"20190315182442","is_ascension_mode":true,"campfire_choices":[{"floor":7,"key":"REST"},{"data":"Phantasmal Killer","floor":10,"key":"SMITH"}],"neow_cost":"NONE","seed_source_timestamp":113902436198942,"circlet_count":0,"master_deck":["Defend_G","Defend_G","Defend_G","Defend_G","Defend_G","Strike_G","Strike_G","Strike_G","Strike_G","Strike_G","Survivor","Neutralize","Phantasmal Killer+1","PiercingWail","Finisher","Slice","Quick Slash"],"relics":["Ring of the Snake","Unceasing Top","Blue Candle","Matryoshka"],"potions_floor_usage":[3,6,6,11,11],"damage_taken":[{"damage":0,"enemies":"Cultist","floor":1,"turns":4},{"damage":1,"enemies":"Jaw Worm","floor":3,"turns":4},{"damage":0,"enemies":"Small Slimes","floor":5,"turns":2},{"damage":67,"enemies":"3 Sentries","floor":6,"turns":14},{"damage":7,"enemies":"Exordium Wildlife","floor":8,"turns":5},{"damage":21,"enemies":"Lagavulin","floor":11,"turns":5}],"seed_played":"-5086114079269821911","potions_obtained":[{"floor":1,"key":"FearPotion"},{"floor":4,"key":"SneckoOil"},{"floor":4,"key":"SneckoOil"},{"floor":4,"key":"FairyPotion"},{"floor":6,"key":"SneckoOil"},{"floor":8,"key":"Block Potion"}],"is_trial":false,"path_per_floor":["M","?","M","?","M","E","R","M","T","R","E"],"character_chosen":"THE_SILENT","items_purchased":[],"campfire_rested":1,"item_purchase_floors":[],"current_hp_per_floor":[63,60,59,59,59,7,28,21,21,21,0],"gold":193,"neow_bonus":"ONE_RANDOM_RARE_CARD","is_prod":false,"is_daily":false,"chose_seed":false,"campfire_upgraded":1,"win_rate":0,"timestamp":1552670682,"path_taken":["M","?","M","?","?","E","R","?","T","R","E"],"build_version":"2019-01-23","purchased_purges":0,"victory":false,"max_hp_per_floor":[70,70,70,70,70,70,70,70,70,70,70],"card_choices":[{"not_picked":["Sucker Punch","Dagger Spray"],"picked":"PiercingWail","floor":1},{"not_picked":["Dodge and Roll","Bane"],"picked":"Finisher","floor":3},{"not_picked":["Dagger Throw","Bane","Predator"],"picked":"SKIP","floor":5},{"not_picked":["Flechettes","Blur"],"picked":"Slice","floor":6},{"not_picked":["Outmaneuver","Eviscerate"],"picked":"Quick Slash","floor":8}],"player_experience":100660,"relics_obtained":[{"floor":6,"key":"Blue Candle"},{"floor":9,"key":"Matryoshka"}],"event_choices":[{"damage_healed":0,"gold_gain":0,"player_choice":"Success","damage_taken":3,"relics_obtained":["Unceasing Top"],"max_hp_gain":0,"max_hp_loss":0,"event_name":"Scrap Ooze","floor":2,"gold_loss":0},{"damage_healed":0,"gold_gain":0,"player_choice":"Got Potions","damage_taken":0,"max_hp_gain":0,"max_hp_loss":0,"event_name":"Lab","floor":4,"gold_loss":0}],"is_beta":false,"boss_relics":[],"items_purged_floors":[],"is_endless":false,"potions_floor_spawned":[1,6,8],"killed_by":"Lagavulin","ascension_level":6}