{"gold_per_floor":[361,377,10,10,10,10,39,56,56,73,73,90,102,102,102,175,175,189,206,133,151,61,61,94,94,94,112,162,162,173,0,0,74,74,92,104,119,133,133,133,9,9,9,9,9,26,40,40,40,40,40],"floor_reached":51,"playtime":1577,"items_purged":[],"score":1438,"play_id":"805e13cf-22b2-4dfb-a3aa-ba0baf4e3860","local_time":"20190524002719","is_ascension_mode":true,"campfire_choices":[{"data":"Perfected Strike","floor":6.0,"key":"SMITH"},{"data":"Mind Blast","floor":11.0,"key":"SMITH"},{"data":"Inflame","floor":15.0,"key":"SMITH"},{"data":"Jack Of All Trades","floor":23.0,"key":"SMITH"},{"data":"Immolate","floor":25.0,"key":"SMITH"},{"data":"Perfected Strike","floor":29.0,"key":"SMITH"},{"floor":32.0,"key":"REST"},{"data":"Double Tap","floor":40,"key":"SMITH"},{"data":"Spot Weakness","floor":42,"key":"SMITH"},{"data":"Apotheosis","floor":45,"key":"SMITH"},{"data":"Doubt","floor":49,"key":"PURGE"}],"neow_cost":"TEN_PERCENT_HP_LOSS","seed_source_timestamp":540934623391591,"circlet_count":0,"master_deck":["AscendersBane","Strike_R","Strike_R+1","Strike_R+1","Strike_R","Strike_R","Defend_R","Defend_R","Defend_R","Defend_R","Bash","Perfected Strike+1","Pommel Strike","Mind Blast+1","Shrug It Off","Twin Strike","Infernal Blade","Sentinel","Spot Weakness+1","Inflame+1","Immolate+1","Twin Strike","Wild Strike","Shrug It Off","Rage","Pommel Strike","Inflame","Jack Of All Trades+1","Thunderclap+1","Perfected Strike+1","Shrug It Off","Apotheosis+1","Shrug It Off","Iron Wave","Double Tap+1","Twin Strike","Iron Wave","Thunderclap","Pommel Strike","Immolate","Dramatic Entrance","Havoc","Inflame","Whirlwind"],"special_seed":0,"relics":["Burning Blood","Membership Card","Pen Nib","StoneCalendar","Peace Pipe","Incense Burner","Velvet Choker","Bottled Lightning","Dodecahedron","Coffee Dripper","Pear"],"potions_floor_usage":[46,46,50,50],"damage_taken":[{"damage":4.0,"enemies":"Small Slimes","floor":1.0,"turns":4.0},{"damage":19.0,"enemies":"Jaw Worm","floor":2.0,"turns":4.0},{"damage":27.0,"enemies":"Lagavulin","floor":7.0,"turns":7.0},{"damage":0.0,"enemies":"Cultist","floor":8.0,"turns":2.0},{"damage":5.0,"enemies":"3 Louse","floor":10.0,"turns":2.0},{"damage":4.0,"enemies":"Red Slaver","floor":12.0,"turns":4.0},{"damage":2.0,"enemies":"Looter","floor":13.0,"turns":4.0},{"damage":0.0,"enemies":"Slime Boss","floor":16.0,"turns":7.0},{"damage":0.0,"enemies":"Chosen","floor":18.0,"turns":2.0},{"damage":14.0,"enemies":"3 Byrds","floor":19.0,"turns":5.0},{"damage":6.0,"enemies":"3 Cultists","floor":21.0,"turns":5.0},{"damage":11.0,"enemies":"Book of Stabbing","floor":24.0,"turns":3.0},{"damage":10.0,"enemies":"Snake Plant","floor":27.0,"turns":3.0},{"damage":9.0,"enemies":"Centurion and Healer","floor":30.0,"turns":3.0},{"damage":56.0,"enemies":"Champ","floor":33.0,"turns":8.0},{"damage":0.0,"enemies":"3 Darklings","floor":35.0,"turns":3.0},{"damage":9.0,"enemies":"3 Shapes","floor":36.0,"turns":2.0},{"damage":0.0,"enemies":"Maw","floor":37.0,"turns":6.0},{"damage":39,"enemies":"Spire Growth","floor":38,"turns":4},{"damage":9,"enemies":"Sphere and 2 Shapes","floor":46,"turns":4},{"damage":9,"enemies":"Jaw Worm Horde","floor":47,"turns":3},{"damage":63,"enemies":"Time Eater","floor":50,"turns":9},{"damage":26,"enemies":"Awakened One","floor":51,"turns":2}],"seed_played":"-7653741894496491283","potions_obtained":[{"floor":1.0,"key":"LiquidBronze"},{"floor":7.0,"key":"Fire Potion"},{"floor":8.0,"key":"SkillPotion"},{"floor":13.0,"key":"BloodPotion"},{"floor":21.0,"key":"Dexterity Potion"},{"floor":27.0,"key":"SteroidPotion"},{"floor":33.0,"key":"Poison Potion"},{"floor":35.0,"key":"GamblersBrew"},{"floor":39,"key":"Poison Potion"},{"floor":46,"key":"SkillPotion"},{"floor":47,"key":"Ancient Potion"}],"is_trial":false,"path_per_floor":["M","M","$","?","$","R","E","M","T","M","R","M","M","?","R","B",null,"M","M","$","M","$","R","E","R","T","M","?","R","M","$","R","B",null,"M","M","M","M","?","R","$","R","T","$","R","M","M","?","R","B","B"],"character_chosen":"IRONCLAD","items_purchased":["Membership Card","Pen Nib","Mind Blast","Shrug It Off","Shrug It Off","Rage","Inflame","Jack Of All Trades","Apotheosis","Shrug It Off","Iron Wave","Block Potion","Immolate","Dramatic Entrance","Havoc"],"campfire_rested":1,"item_purchase_floors":[3,3,3,3,20,20,22,22,31,31,31,31,41,41,41],"current_hp_per_floor":[68,55,55,35,35,35,14,20,20,21,21,23,27,27,27,33,59,65,57,57,57,57,57,52,52,52,48,42,42,39,39,59,9,53,59,56,62,29,29,29,29,29,39,39,39,36,33,78,78,21,0],"gold":40,"neow_bonus":"TWO_FIFTY_GOLD","is_prod":false,"is_daily":false,"chose_seed":false,"campfire_upgraded":9,"win_rate":0,"timestamp":1558650439,"path_taken":["M","M","$","?","$","R","E","M","T","M","R","M","M","?","R","BOSS","M","?","$","M","$","R","E","R","T","M","?","R","?","$","R","BOSS","M","M","M","M","?","R","$","R","T","$","R","M","?","?","R","BOSS","BOSS"],"build_version":"2019-01-23","purchased_purges":0,"victory":false,"max_hp_per_floor":[68,68,68,68,68,68,68,68,68,68,68,68,68,68,68,68,68,68,68,68,68,68,68,68,68,68,68,68,68,68,68,68,68,68,68,68,68,68,68,68,68,68,78,78,78,78,78,78,78,78,78],"card_choices":[{"not_picked":["Metallicize","True Grit"],"picked":"Perfected Strike","floor":1.0},{"not_picked":["Evolve","Clash"],"picked":"Pommel Strike","floor":2.0},{"not_picked":["Blood for Blood","Sword Boomerang"],"picked":"Twin Strike","floor":7.0},{"not_picked":["Sever Soul","Entrench"],"picked":"Infernal Blade","floor":8.0},{"not_picked":["Sword Boomerang","Power Through"],"picked":"Sentinel","floor":10.0},{"not_picked":["Dropkick","Barricade"],"picked":"Spot Weakness","floor":12.0},{"not_picked":["Clash","Searing Blow"],"picked":"Inflame","floor":13.0},{"not_picked":["Exhume","Brutality"],"picked":"Immolate","floor":16.0},{"not_picked":["Heavy Blade","True Grit"],"picked":"Twin Strike","floor":18.0},{"not_picked":["Iron Wave","Disarm"],"picked":"Wild Strike","floor":19.0},{"not_picked":["Anger","Heavy Blade"],"picked":"Pommel Strike","floor":21.0},{"not_picked":["Havoc","Juggernaut"],"picked":"Thunderclap+1","floor":24.0},{"not_picked":["Iron Wave","Cleave"],"picked":"Perfected Strike","floor":27.0},{"not_picked":["Armaments","Havoc"],"picked":"Shrug It Off","floor":30.0},{"not_picked":["Feed","Limit Break"],"picked":"Double Tap","floor":33.0},{"not_picked":["Heavy Blade","Thunderclap"],"picked":"Twin Strike","floor":35.0},{"not_picked":["Flex","Sever Soul"],"picked":"Iron Wave","floor":36.0},{"not_picked":["Body Slam","Havoc"],"picked":"Thunderclap","floor":37.0},{"not_picked":["Clothesline","Havoc"],"picked":"Pommel Strike","floor":38},{"not_picked":["Clash+1","Burning Pact"],"picked":"Inflame","floor":46},{"not_picked":["Clothesline+1","Anger+1"],"picked":"Whirlwind","floor":47}],"player_experience":378871,"relics_obtained":[{"floor":7.0,"key":"StoneCalendar"},{"floor":9.0,"key":"Peace Pipe"},{"floor":24.0,"key":"Bottled Lightning"},{"floor":26.0,"key":"Dodecahedron"},{"floor":43,"key":"Pear"}],"event_choices":[{"damage_healed":0.0,"max_hp_gain":0.0,"max_hp_loss":0.0,"gold_gain":0.0,"event_name":"Shining Light","player_choice":"Entered Light","floor":4.0,"gold_loss":0.0,"damage_taken":20.0,"cards_upgraded":["Strike_R","Strike_R"]},{"damage_healed":0.0,"max_hp_gain":0.0,"max_hp_loss":0.0,"gold_gain":0.0,"event_name":"WeMeetAgain","player_choice":"Gave Potion","floor":14.0,"gold_loss":0.0,"damage_taken":0.0,"relics_obtained":["Incense Burner"]},{"damage_healed":0.0,"max_hp_gain":0.0,"max_hp_loss":0.0,"gold_gain":50.0,"event_name":"FaceTrader","player_choice":"Touch","floor":28.0,"gold_loss":0.0,"damage_taken":6.0},{"damage_healed":0,"gold_gain":0,"player_choice":"Got Potions","damage_taken":0,"max_hp_gain":0,"max_hp_loss":0,"event_name":"Lab","floor":39,"gold_loss":0},{"damage_healed":45,"gold_gain":0,"player_choice":"Heal","damage_taken":0,"max_hp_gain":0,"max_hp_loss":0,"event_name":"MindBloom","floor":48,"gold_loss":0,"cards_obtained":["Doubt"]}],"is_beta":false,"boss_relics":[{"not_picked":["Sozu","Philosopher\u0027s Stone"],"picked":"Velvet Choker"},{"not_picked":["Runic Pyramid","Busted Crown"],"picked":"Coffee Dripper"}],"items_purged_floors":[],"is_endless":false,"potions_floor_spawned":[1,7,8,13,21,27,33,35,46,47],"killed_by":"Awakened One","ascension_level":20}