{"gold_per_floor":[117,129,142,142,65,65,25,57,139,139,170,182,214,29,29,105,105,116,166,10,26,26,26,57,57,83,317,344,357,371,371,371,445,445,465,68,86,186,200,200,228,247,272,272,33,65,65,80,80,80,80],"floor_reached":52,"playtime":1942,"items_purged":["Strike_B","Strike_B","Strike_B","Strike_B"],"score":2157,"play_id":"7a929afd-871b-4596-a201-1337ac593d84","local_time":"20190522181336","is_ascension_mode":true,"campfire_choices":[{"data":"Doom and Gloom","floor":6.0,"key":"SMITH"},{"data":"Biased Cognition","floor":10.0,"key":"SMITH"},{"data":"Defragment","floor":15.0,"key":"SMITH"},{"floor":23.0,"key":"REST"},{"floor":25.0,"key":"REST"},{"floor":32.0,"key":"REST"},{"floor":40.0,"key":"REST"},{"floor":44.0,"key":"REST"},{"data":"Capacitor","floor":49.0,"key":"SMITH"}],"neow_cost":"TEN_PERCENT_HP_LOSS","seed_source_timestamp":13839938874283,"circlet_count":0,"master_deck":["AscendersBane","Defend_B","Defend_B","Defend_B","Defend_B","Zap","Dualcast","Echo Form","Chill+1","Biased Cognition+1","Gash","Seek","Doom and Gloom+1","Static Discharge","Genetic Algorithm","Glacier+1","Core Surge","Compile Driver","Defragment+1","Coolheaded","Electrodynamics","Cold Snap","BootSequence","Core Surge","Defragment+1","All For One","Capacitor+1","Self Repair","Hologram+1","Meteor Strike","Apotheosis+1"],"special_seed":0,"relics":["Cracked Core","PreservedInsect","Shuriken","Mercury Hourglass","Ginger","Snecko Eye","Smiling Mask","DataDisk","Old Coin","Symbiotic Virus","Philosopher\u0027s Stone","Kunai","Dead Branch","War Paint","Happy Flower","Torii"],"potions_floor_usage":[51],"damage_taken":[{"damage":7.0,"enemies":"2 Louse","floor":1.0,"turns":3.0},{"damage":0.0,"enemies":"Cultist","floor":2.0,"turns":4.0},{"damage":5.0,"enemies":"Small Slimes","floor":3.0,"turns":4.0},{"damage":7.0,"enemies":"3 Sentries","floor":8.0,"turns":4.0},{"damage":6.0,"enemies":"Lagavulin","floor":11.0,"turns":5.0},{"damage":8.0,"enemies":"Blue Slaver","floor":12.0,"turns":3.0},{"damage":4.0,"enemies":"3 Sentries","floor":13.0,"turns":4.0},{"damage":0.0,"enemies":"Slime Boss","floor":16.0,"turns":5.0},{"damage":8.0,"enemies":"3 Byrds","floor":18.0,"turns":1.0},{"damage":32.0,"enemies":"2 Thieves","floor":21.0,"turns":3.0},{"damage":0.0,"enemies":"Gremlin Leader","floor":24.0,"turns":6.0},{"damage":14.0,"enemies":"Book of Stabbing","floor":28.0,"turns":4.0},{"damage":27.0,"enemies":"Shelled Parasite and Fungi","floor":29.0,"turns":9.0},{"damage":0.0,"enemies":"Snake Plant","floor":30.0,"turns":3.0},{"damage":3.0,"enemies":"Colosseum Slavers","floor":31.0,"turns":2.0},{"damage":24.0,"enemies":"Collector","floor":33.0,"turns":9.0},{"damage":0.0,"enemies":"Orb Walker","floor":35.0,"turns":2.0},{"damage":11.0,"enemies":"3 Shapes","floor":37.0,"turns":3.0},{"damage":12.0,"enemies":"Mind Bloom Boss Battle","floor":38.0,"turns":6.0},{"damage":11.0,"enemies":"Writhing Mass","floor":39.0,"turns":5.0},{"damage":4.0,"enemies":"Reptomancer","floor":41.0,"turns":7.0},{"damage":33.0,"enemies":"3 Darklings","floor":42.0,"turns":3.0},{"damage":0.0,"enemies":"Nemesis","floor":46.0,"turns":5.0},{"damage":0.0,"enemies":"Transient","floor":48.0,"turns":6.0},{"damage":35,"enemies":"Time Eater","floor":50,"turns":20},{"damage":18,"enemies":"Donu and Deca","floor":51,"turns":6}],"seed_played":"5416028379162601688","potions_obtained":[{"floor":2.0,"key":"SteroidPotion"},{"floor":8.0,"key":"FearPotion"},{"floor":16.0,"key":"Ancient Potion"},{"floor":18.0,"key":"PowerPotion"},{"floor":30.0,"key":"PowerPotion"},{"floor":37.0,"key":"FearPotion"},{"floor":41.0,"key":"Swift Potion"}],"is_trial":false,"path_per_floor":["M","M","M","?","$","R","$","E","T","R","E","M","E","$","R","B",null,"M","?","$","M","?","R","E","R","T","?","E","M","M","?","R","B",null,"M","$","M","?","M","R","E","M","T","R","$","E","?","M","R","B","B",null],"character_chosen":"DEFECT","items_purchased":["Doom and Gloom","Static Discharge","Defragment","Coolheaded","SpeedPotion","Kunai","Self Repair","Apotheosis"],"campfire_rested":5,"item_purchase_floors":[5,7,14,14,20,36,36,45],"current_hp_per_floor":[57,57,52,52,52,52,52,45,45,45,39,31,27,27,27,27,55,47,47,47,15,15,34,34,53,53,53,39,12,12,9,28,4,49,49,49,38,40,36,55,58,25,25,44,44,54,54,64,64,39,31],"gold":80,"neow_bonus":"THREE_RARE_CARDS","is_prod":false,"is_daily":false,"chose_seed":false,"campfire_upgraded":4,"win_rate":0,"timestamp":1558541616,"path_taken":["M","M","M","?","$","R","?","E","T","R","E","M","E","$","R","BOSS","M","?","$","M","?","R","E","R","T","?","E","M","?","?","R","BOSS","M","$","M","?","M","R","E","M","T","R","$","E","?","M","R","BOSS","BOSS"],"build_version":"2019-05-07","purchased_purges":4,"victory":true,"max_hp_per_floor":[64,64,64,64,64,64,64,64,64,64,64,64,64,64,64,64,64,64,64,64,64,64,64,64,64,64,64,64,64,64,64,64,64,64,64,64,64,64,64,64,64,64,64,64,64,64,64,64,64,64,64],"card_choices":[{"not_picked":["Hyperbeam","Seek"],"picked":"Echo Form","floor":0.0},{"not_picked":["Redo","Streamline"],"picked":"Chill","floor":1.0},{"not_picked":["Turbo","Blizzard"],"picked":"Biased Cognition","floor":2.0},{"not_picked":["Lockon","Redo"],"picked":"Gash","floor":3.0},{"not_picked":["Glacier","Recycle"],"picked":"Genetic Algorithm","floor":8.0},{"not_picked":["Blizzard","Recycle"],"picked":"Glacier","floor":11.0},{"not_picked":["Tempest","Hologram"],"picked":"Core Surge","floor":12.0},{"not_picked":["Turbo","Go for the Eyes"],"picked":"Compile Driver","floor":13.0},{"not_picked":["Core Surge","Meteor Strike"],"picked":"Electrodynamics","floor":16.0},{"not_picked":["Hologram","Conserve Battery"],"picked":"Cold Snap","floor":18.0},{"not_picked":["Steam","Darkness","Compile Driver"],"picked":"SKIP","floor":21.0},{"not_picked":["Blizzard","Cold Snap"],"picked":"BootSequence","floor":24.0},{"not_picked":["Auto Shields","Biased Cognition"],"picked":"Core Surge","floor":28.0},{"not_picked":["Sweeping Beam","Auto Shields"],"picked":"Defragment+1","floor":29.0},{"not_picked":["Steam Power","Genetic Algorithm","Sweeping Beam"],"picked":"SKIP","floor":30.0},{"not_picked":["Thunder Strike","Hyperbeam"],"picked":"All For One","floor":33.0},{"not_picked":["Redo+1","Beam Cell"],"picked":"Capacitor","floor":35.0},{"not_picked":["Steam","Aggregate","Stack"],"picked":"SKIP","floor":37.0},{"not_picked":["Ball Lightning+1","Turbo","Force Field"],"picked":"SKIP","floor":39.0},{"not_picked":["Redo","Gash"],"picked":"Hologram+1","floor":41.0},{"not_picked":["Tempest","Genetic Algorithm"],"picked":"Meteor Strike","floor":42.0},{"not_picked":["Redo+1","Aggregate","Auto Shields"],"picked":"SKIP","floor":46.0},{"not_picked":["Ball Lightning","Cold Snap","Steam"],"picked":"SKIP","floor":48.0}],"player_experience":1590018,"relics_obtained":[{"floor":8.0,"key":"PreservedInsect"},{"floor":9.0,"key":"Shuriken"},{"floor":11.0,"key":"Mercury Hourglass"},{"floor":13.0,"key":"Ginger"},{"floor":24.0,"key":"Smiling Mask"},{"floor":26.0,"key":"DataDisk"},{"floor":28.0,"key":"Symbiotic Virus"},{"floor":38.0,"key":"Dead Branch"},{"floor":41.0,"key":"War Paint"},{"floor":43.0,"key":"Happy Flower"},{"floor":46.0,"key":"Torii"}],"event_choices":[{"damage_healed":0.0,"max_hp_gain":0.0,"max_hp_loss":0.0,"gold_gain":0.0,"event_name":"Match and Keep!","player_choice":"1 cards matched","floor":4.0,"gold_loss":0.0,"damage_taken":0.0,"cards_obtained":["Seek"]},{"damage_healed":0.0,"max_hp_gain":0.0,"max_hp_loss":0.0,"gold_gain":50.0,"event_name":"Nest","player_choice":"Stole From Cult","floor":19.0,"gold_loss":0.0,"damage_taken":0.0},{"damage_healed":0.0,"max_hp_gain":0.0,"max_hp_loss":0.0,"gold_gain":0.0,"event_name":"Beggar","player_choice":"Ignored","floor":22.0,"gold_loss":0.0,"damage_taken":0.0},{"damage_healed":0.0,"max_hp_gain":0.0,"max_hp_loss":0.0,"gold_gain":0.0,"event_name":"WeMeetAgain","player_choice":"Paid Gold","floor":27.0,"gold_loss":66.0,"damage_taken":0.0,"relics_obtained":["Old Coin"]},{"damage_healed":0.0,"max_hp_gain":0.0,"max_hp_loss":0.0,"gold_gain":0.0,"event_name":"Colosseum","player_choice":"Fight","floor":31.0,"gold_loss":0.0,"damage_taken":0.0},{"damage_healed":0.0,"max_hp_gain":0.0,"max_hp_loss":0.0,"gold_gain":0.0,"event_name":"Colosseum","player_choice":"Fled From Nobs","floor":31.0,"gold_loss":0.0,"damage_taken":0.0},{"damage_healed":0.0,"max_hp_gain":0.0,"max_hp_loss":0.0,"gold_gain":0.0,"event_name":"MindBloom","player_choice":"Fight","floor":38.0,"gold_loss":0.0,"damage_taken":0.0},{"damage_healed":0.0,"max_hp_gain":0.0,"max_hp_loss":0.0,"gold_gain":0.0,"event_name":"Upgrade Shrine","player_choice":"Upgraded","floor":47.0,"gold_loss":0.0,"damage_taken":0.0,"cards_upgraded":["Apotheosis"]}],"is_beta":true,"boss_relics":[{"not_picked":["Calling Bell","Ectoplasm"],"picked":"Snecko Eye"},{"not_picked":["Empty Cage","White Beast Statue"],"picked":"Philosopher\u0027s Stone"}],"items_purged_floors":[14,20,36,45],"is_endless":false,"potions_floor_spawned":[2,8,11,12,16,18,21,29,30,31,37,41,42,48],"ascension_level":20}