{"gold_per_floor":[114,114,134,146,146,181,181,211,211,211,226,246,275,293,293,390,390,405,417,5,5,18,46,46,81,104,104,123,123],"floor_reached":29,"playtime":1297,"items_purged":["Strike_B"],"score":396,"play_id":"b753eb26-e311-4277-96f1-25547e7d1809","local_time":"20190321134941","is_ascension_mode":true,"campfire_choices":[{"data":"Zap","floor":7,"key":"SMITH"},{"data":"Go for the Eyes","floor":10,"key":"SMITH"},{"floor":15,"key":"REST"},{"data":"Defragment","floor":24,"key":"SMITH"}],"neow_cost":"NONE","seed_source_timestamp":44275981952550,"circlet_count":0,"master_deck":["Strike_B+1","Strike_B+1","Strike_B+1","Defend_B+1","Defend_B+1","Defend_B+1","Defend_B+1","Zap+1","Dualcast","Leap","Rip and Tear","Loop+1","Go for the Eyes+1","Core Surge","Coolheaded","Static Discharge","Conserve Battery","Echo Form","Defragment+1","Coolheaded","Lockon","Self Repair"],"relics":["Cracked Core","Regal Pillow","Blue Candle","Gambling Chip","Emotion Chip","Singing Bowl","Inserter","Lee\u0027s Waffle","Kunai","DataDisk","Bag of Preparation"],"potions_floor_usage":[8,13,13,25],"damage_taken":[{"damage":0,"enemies":"Small Slimes","floor":1,"turns":3},{"damage":2,"enemies":"Cultist","floor":3,"turns":4},{"damage":2,"enemies":"Jaw Worm","floor":4,"turns":3},{"damage":26,"enemies":"Gremlin Nob","floor":6,"turns":4},{"damage":6,"enemies":"3 Sentries","floor":8,"turns":5},{"damage":5,"enemies":"Gremlin Gang","floor":11,"turns":3},{"damage":7,"enemies":"3 Louse","floor":12,"turns":2},{"damage":4,"enemies":"Lagavulin","floor":13,"turns":6},{"damage":0,"enemies":"Blue Slaver","floor":14,"turns":2},{"damage":16,"enemies":"Hexaghost","floor":16,"turns":9},{"damage":1,"enemies":"Chosen","floor":18,"turns":4},{"damage":8,"enemies":"Shell Parasite","floor":19,"turns":8},{"damage":11,"enemies":"Snake Plant","floor":22,"turns":3},{"damage":31,"enemies":"Book of Stabbing","floor":23,"turns":6},{"damage":34,"enemies":"Slavers","floor":25,"turns":6},{"damage":9,"enemies":"3 Cultists","floor":28,"turns":7},{"damage":14,"enemies":"Sentry and Sphere","floor":29,"turns":2}],"seed_played":"8298437080155705910","potions_obtained":[{"floor":4,"key":"GamblersBrew"},{"floor":6,"key":"AttackPotion"},{"floor":11,"key":"Weak Potion"},{"floor":12,"key":"SteroidPotion"},{"floor":22,"key":"GamblersBrew"},{"floor":23,"key":"FairyPotion"}],"is_trial":false,"path_per_floor":["M","?","M","M","?","E","R","E","T","R","M","M","E","M","R","B",null,"M","M","$","?","M","E","R","E","T","?","M","M"],"character_chosen":"DEFECT","items_purchased":["Defragment","Lee\u0027s Waffle","Coolheaded"],"campfire_rested":1,"item_purchase_floors":[20,20,20],"current_hp_per_floor":[68,61,59,57,57,31,31,25,25,25,20,13,9,9,46,30,64,65,59,86,86,75,44,44,12,12,3,11,0],"gold":123,"neow_bonus":"RANDOM_COMMON_RELIC","is_prod":false,"is_daily":false,"chose_seed":false,"campfire_upgraded":3,"win_rate":0,"timestamp":1553172581,"path_taken":["M","?","M","?","?","E","R","E","T","R","?","M","E","M","R","BOSS","M","M","$","?","M","E","R","E","T","?","M","M"],"build_version":"2019-01-23","purchased_purges":1,"victory":false,"max_hp_per_floor":[75,75,75,75,75,75,75,75,75,75,75,75,75,75,75,75,75,77,79,86,86,86,86,86,88,88,88,90,90],"card_choices":[{"not_picked":["Hello World","Rebound"],"picked":"Leap","floor":1},{"not_picked":["Reprogram","Turbo"],"picked":"Rip and Tear","floor":3},{"not_picked":["Turbo","Compile Driver"],"picked":"Loop","floor":4},{"not_picked":["Compile Driver","Leap"],"picked":"Go for the Eyes","floor":6},{"not_picked":["Seek","Go for the Eyes"],"picked":"Core Surge","floor":8},{"not_picked":["Beam Cell","Rebound","Turbo"],"picked":"SKIP","floor":11},{"not_picked":["Reboot","Hologram"],"picked":"Coolheaded","floor":12},{"not_picked":["Undo","Melter"],"picked":"Static Discharge","floor":13},{"not_picked":["Rebound","Hello World"],"picked":"Conserve Battery","floor":14},{"not_picked":["All For One","Machine Learning"],"picked":"Echo Form","floor":16},{"not_picked":["Redo","Compile Driver+1","Melter"],"picked":"Singing Bowl","floor":18},{"not_picked":["Hologram","Melter","Turbo"],"picked":"Singing Bowl","floor":19},{"not_picked":["All For One","Hello World"],"picked":"Lockon","floor":22},{"not_picked":["Beam Cell","Compile Driver"],"picked":"Self Repair","floor":23},{"not_picked":["Aggregate+1","Beam Cell","Tempest"],"picked":"Singing Bowl","floor":25},{"not_picked":["Consume","Turbo","Gash"],"picked":"Singing Bowl","floor":28}],"player_experience":112551,"relics_obtained":[{"floor":6,"key":"Blue Candle"},{"floor":8,"key":"Gambling Chip"},{"floor":9,"key":"Emotion Chip"},{"floor":13,"key":"Singing Bowl"},{"floor":23,"key":"Kunai"},{"floor":25,"key":"DataDisk"},{"floor":26,"key":"Bag of Preparation"}],"event_choices":[{"damage_healed":0,"gold_gain":0,"player_choice":"Damaged","damage_taken":7,"max_hp_gain":0,"max_hp_loss":0,"event_name":"Wheel of Change","floor":2,"gold_loss":0},{"damage_healed":0,"gold_gain":0,"player_choice":"Forge","damage_taken":0,"max_hp_gain":0,"max_hp_loss":0,"event_name":"Accursed Blacksmith","floor":5,"gold_loss":0,"cards_upgraded":["Loop"]},{"damage_healed":0,"gold_gain":0,"player_choice":"Simplicity","damage_taken":0,"max_hp_gain":0,"max_hp_loss":0,"event_name":"Back to Basics","floor":21,"gold_loss":0,"cards_upgraded":["Strike_B","Strike_B","Strike_B","Defend_B","Defend_B","Defend_B","Defend_B"]},{"damage_healed":0,"gold_gain":0,"player_choice":"Stopped","damage_taken":9,"max_hp_gain":0,"max_hp_loss":0,"event_name":"Cursed Tome","floor":27,"gold_loss":0}],"is_beta":false,"boss_relics":[{"not_picked":["Fusion Hammer","Runic Dome"],"picked":"Inserter"}],"items_purged_floors":[20],"is_endless":false,"potions_floor_spawned":[4,6,11,12,22,23],"killed_by":"Sentry and Sphere","ascension_level":6}