{"gold_per_floor":[115,115,129,129,147,147,147,164,218,251,251,231,248,6,6,83,83,97,116,41,53,69,69,79,79,132,168,192,224,236],"floor_reached":30,"playtime":1125,"items_purged":["Strike_R"],"score":468,"play_id":"07b0a971-ed03-48ec-949c-5ca70566266d","local_time":"20190602135437","is_ascension_mode":true,"campfire_choices":[{"data":"Bash","floor":6.0,"key":"SMITH"},{"data":"Demon Form","floor":11.0,"key":"SMITH"},{"data":"Shrug It Off","floor":15.0,"key":"SMITH"},{"floor":23,"key":"REST"},{"data":"Sword Boomerang","floor":25,"key":"SMITH"}],"neow_cost":"NONE","seed_source_timestamp":1367509643043600,"circlet_count":0,"master_deck":["AscendersBane","Strike_R","Strike_R","Strike_R","Defend_R","Defend_R","Defend_R","Defend_R","Bash+1","Shrug It Off+1","Pommel Strike+1","Cleave","Shrug It Off","Demon Form+1","Sword Boomerang+1"],"special_seed":0,"relics":["Sozu","Blood Vial","Red Skull","Lantern","Runic Dome","MawBank","Happy Flower"],"potions_floor_usage":[],"damage_taken":[{"damage":7.0,"enemies":"Small Slimes","floor":1.0,"turns":3.0},{"damage":2.0,"enemies":"Jaw Worm","floor":3.0,"turns":4.0},{"damage":0.0,"enemies":"Cultist","floor":5.0,"turns":3.0},{"damage":0.0,"enemies":"Lots of Slimes","floor":8.0,"turns":2.0},{"damage":28.0,"enemies":"Gremlin Nob","floor":10.0,"turns":4.0},{"damage":1.0,"enemies":"2 Fungi Beasts","floor":13.0,"turns":2.0},{"damage":13.0,"enemies":"The Guardian","floor":16.0,"turns":8.0},{"damage":22.0,"enemies":"3 Byrds","floor":18.0,"turns":6.0},{"damage":6.0,"enemies":"2 Thieves","floor":19.0,"turns":4.0},{"damage":11,"enemies":"Snake Plant","floor":21,"turns":3},{"damage":26,"enemies":"Shelled Parasite and Fungi","floor":22,"turns":4},{"damage":6,"enemies":"Centurion and Healer","floor":24,"turns":5},{"damage":0,"enemies":"Sentry and Sphere","floor":28,"turns":3},{"damage":9,"enemies":"Snake Plant","floor":29,"turns":3},{"damage":13,"enemies":"Colosseum Slavers","floor":30,"turns":4},{"damage":22,"enemies":"Colosseum Nobs","floor":30,"turns":3}],"seed_played":"8539195859263368762","potions_obtained":[],"is_trial":false,"path_per_floor":["M","?","M","?","M","R","?","M","T","E","R","?","M","$","R","B",null,"M","M","?","M","M","R","M","R","T","T","M","M","?"],"character_chosen":"IRONCLAD","items_purchased":["Lantern"],"campfire_rested":1,"item_purchase_floors":[14],"current_hp_per_floor":[61,61,59,64,64,64,64,64,64,38,38,38,39,39,39,28,67,47,43,43,34,10,34,30,30,30,30,32,25,0],"gold":236,"neow_bonus":"BOSS_RELIC","is_prod":false,"is_daily":false,"chose_seed":false,"campfire_upgraded":4,"win_rate":0,"timestamp":1559476477,"path_taken":["M","?","M","?","M","R","?","M","T","E","R","?","?","$","R","BOSS","M","?","?","M","M","R","M","R","T","?","M","M","?"],"build_version":"2019-01-23","purchased_purges":1,"victory":false,"max_hp_per_floor":[75,75,75,80,80,80,80,80,80,80,80,80,80,80,80,80,80,80,80,80,80,80,80,80,80,80,80,80,80,80],"card_choices":[{"not_picked":["Anger","Iron Wave"],"picked":"Shrug It Off","floor":1.0},{"not_picked":["Iron Wave","Intimidate"],"picked":"Pommel Strike","floor":3.0},{"not_picked":["Evolve","Heavy Blade"],"picked":"Cleave","floor":5.0},{"not_picked":["Clash","Wild Strike"],"picked":"Shrug It Off","floor":8.0},{"not_picked":["Metallicize","Reckless Charge"],"picked":"Demon Form","floor":10.0},{"not_picked":["Intimidate","Rage","Rampage"],"picked":"SKIP","floor":13.0},{"not_picked":["Metallicize","Clothesline"],"picked":"Sword Boomerang","floor":18.0},{"not_picked":["Reckless Charge","Infernal Blade","Blood for Blood"],"picked":"SKIP","floor":19.0},{"not_picked":["Body Slam","Anger","Perfected Strike"],"picked":"SKIP","floor":21},{"not_picked":["Hemokinesis","Flex","Twin Strike"],"picked":"SKIP","floor":22},{"not_picked":["Anger","Clash","Blood for Blood"],"picked":"SKIP","floor":24},{"not_picked":["Warcry","Cleave","Clash"],"picked":"SKIP","floor":28},{"not_picked":["Twin Strike","Immolate","Thunderclap"],"picked":"SKIP","floor":29}],"player_experience":493689,"relics_obtained":[{"floor":9.0,"key":"Blood Vial"},{"floor":10.0,"key":"Red Skull"},{"floor":26,"key":"MawBank"},{"floor":27,"key":"Happy Flower"}],"event_choices":[{"damage_healed":0.0,"max_hp_gain":0.0,"max_hp_loss":0.0,"gold_gain":0.0,"event_name":"Shining Light","player_choice":"Ignored","floor":2.0,"gold_loss":0.0,"damage_taken":0.0},{"damage_healed":0.0,"max_hp_gain":5.0,"max_hp_loss":0.0,"gold_gain":0.0,"event_name":"Big Fish","player_choice":"Donut","floor":4.0,"gold_loss":0.0,"damage_taken":0.0},{"damage_healed":0.0,"max_hp_gain":0.0,"max_hp_loss":0.0,"gold_gain":0.0,"event_name":"Living Wall","player_choice":"Grow","floor":7.0,"gold_loss":0.0,"damage_taken":0.0,"cards_upgraded":["Pommel Strike"]},{"damage_healed":0.0,"max_hp_gain":0.0,"max_hp_loss":0.0,"gold_gain":0.0,"event_name":"The Woman in Blue","player_choice":"Bought 1 Potion","floor":12.0,"gold_loss":0.0,"damage_taken":0.0},{"cards_removed":["Strike_R"],"damage_healed":0.0,"max_hp_gain":0.0,"max_hp_loss":0.0,"gold_gain":0.0,"event_name":"Beggar","player_choice":"Gave Gold","floor":20.0,"gold_loss":75.0,"damage_taken":0.0},{"damage_healed":0,"gold_gain":0,"player_choice":"Fight","damage_taken":0,"max_hp_gain":0,"max_hp_loss":0,"event_name":"Colosseum","floor":30,"gold_loss":0},{"damage_healed":0,"gold_gain":0,"player_choice":"Fought Nobs","damage_taken":0,"max_hp_gain":0,"max_hp_loss":0,"event_name":"Colosseum","floor":30,"gold_loss":0}],"is_beta":false,"boss_relics":[{"not_picked":["Mark of Pain","Tiny House"],"picked":"Runic Dome"}],"items_purged_floors":[14],"is_endless":false,"potions_floor_spawned":[1,3,5,13,19,21,22,24,29,30],"killed_by":"Colosseum Nobs","ascension_level":20}