{"gold_per_floor":[118,193,193,210,210,210,210,249,274,274,59,59,75,113,113,212,212,226,206,224,38,38,38],"floor_reached":23,"playtime":952,"items_purged":["Strike_R","Strike_R"],"score":444,"play_id":"629a9c04-415f-40e0-86ab-8f01168cce49","local_time":"20190608161621","is_ascension_mode":true,"campfire_choices":[{"data":"Body Slam","floor":6,"key":"SMITH"},{"data":"Bash","floor":10,"key":"SMITH"},{"data":"Shrug It Off","floor":12,"key":"SMITH"},{"data":"Pommel Strike","floor":15,"key":"SMITH"}],"neow_cost":"NONE","seed_source_timestamp":319732567682017,"circlet_count":0,"master_deck":["AscendersBane","Strike_R","Strike_R","Defend_R+1","Defend_R","Defend_R","Defend_R+1","Bash+1","Body Slam+1","Pommel Strike+1","Shrug It Off+1","Battle Trance","Iron Wave","Barricade","Shrug It Off"],"relics":["Burning Blood","NeowsBlessing","Golden Idol","Orichalcum","Ancient Tea Set","War Paint","Boot","Cursed Key"],"potions_floor_usage":[22,23],"damage_taken":[{"damage":0,"enemies":"Jaw Worm","floor":1,"turns":1},{"damage":0,"enemies":"2 Louse","floor":4,"turns":1},{"damage":0,"enemies":"Gremlin Nob","floor":8,"turns":1},{"damage":0,"enemies":"Cultist","floor":13,"turns":2},{"damage":21,"enemies":"Lagavulin","floor":14,"turns":6},{"damage":20,"enemies":"The Guardian","floor":16,"turns":10},{"damage":12,"enemies":"Spheric Guardian","floor":18,"turns":8},{"damage":14,"enemies":"2 Thieves","floor":19,"turns":4},{"damage":26,"enemies":"Sentry and Sphere","floor":20,"turns":9},{"damage":17,"enemies":"Colosseum Slavers","floor":22,"turns":5},{"damage":26,"enemies":"Book of Stabbing","floor":23,"turns":6}],"seed_played":"-7406180232040002490","potions_obtained":[{"floor":4,"key":"Strength Potion"},{"floor":8,"key":"LiquidBronze"}],"is_trial":false,"path_per_floor":["M","?","?","M","?","R","T","E","T","R","$","R","M","E","R","B",null,"M","M","M","$","?","E"],"character_chosen":"IRONCLAD","items_purchased":["Battle Trance","Iron Wave","BloodPotion"],"campfire_rested":0,"item_purchase_floors":[11,11,21],"current_hp_per_floor":[74,63,63,69,43,43,43,49,49,49,49,49,55,40,40,26,63,57,49,29,29,25,0],"gold":38,"neow_bonus":"THREE_ENEMY_KILL","is_prod":false,"is_daily":false,"chose_seed":false,"campfire_upgraded":4,"win_rate":0,"timestamp":1560003381,"path_taken":["M","?","?","M","?","R","?","E","T","R","$","R","M","E","R","BOSS","M","M","M","$","?","E"],"build_version":"2019-01-23","purchased_purges":2,"victory":false,"max_hp_per_floor":[75,75,75,75,75,75,75,75,75,75,75,75,75,75,75,75,75,75,75,75,75,75,75],"card_choices":[{"not_picked":["Bloodletting","Clash"],"picked":"Body Slam","floor":1},{"not_picked":["Burning Pact","Anger"],"picked":"Pommel Strike","floor":4},{"not_picked":["Feel No Pain","Headbutt"],"picked":"Shrug It Off","floor":8},{"not_picked":["Sever Soul","Rupture","Corruption"],"picked":"SKIP","floor":13},{"not_picked":["Battle Trance","Warcry","Clash"],"picked":"SKIP","floor":14},{"not_picked":["Fiend Fire","Limit Break"],"picked":"Barricade","floor":16},{"not_picked":["Havoc+1","Hemokinesis","Headbutt"],"picked":"SKIP","floor":18},{"not_picked":["Inflame+1","Heavy Blade"],"picked":"Shrug It Off","floor":19},{"not_picked":["Corruption","Uppercut","Sever Soul"],"picked":"SKIP","floor":20}],"player_experience":543870,"relics_obtained":[{"floor":7,"key":"Orichalcum"},{"floor":8,"key":"Ancient Tea Set"},{"floor":9,"key":"War Paint"},{"floor":14,"key":"Boot"}],"event_choices":[{"damage_healed":0,"gold_gain":75,"player_choice":"Gather Gold","damage_taken":11,"max_hp_gain":0,"max_hp_loss":0,"event_name":"World of Goop","floor":2,"gold_loss":0},{"cards_removed":["Strike_R"],"damage_healed":0,"gold_gain":0,"player_choice":"Forget","damage_taken":0,"max_hp_gain":0,"max_hp_loss":0,"event_name":"Living Wall","floor":3,"gold_loss":0},{"damage_healed":0,"gold_gain":0,"player_choice":"Take Damage","damage_taken":26,"relics_obtained":["Golden Idol"],"max_hp_gain":0,"max_hp_loss":0,"event_name":"Golden Idol","floor":5,"gold_loss":0},{"damage_healed":0,"gold_gain":0,"player_choice":"Fight","damage_taken":0,"max_hp_gain":0,"max_hp_loss":0,"event_name":"Colosseum","floor":22,"gold_loss":0},{"damage_healed":0,"gold_gain":0,"player_choice":"Fled From Nobs","damage_taken":0,"max_hp_gain":0,"max_hp_loss":0,"event_name":"Colosseum","floor":22,"gold_loss":0}],"is_beta":false,"boss_relics":[{"not_picked":["Tiny House","Runic Cube"],"picked":"Cursed Key"}],"items_purged_floors":[11,21],"is_endless":false,"potions_floor_spawned":[4,8,18,22],"killed_by":"Book of Stabbing","ascension_level":20}