{"gold_per_floor":[364,383,458,473,473,473,547,572,572,537,52,85,98,44,44,138,138,158,177,190,190],"floor_reached":21,"playtime":989,"items_purged":["Strike_B"],"score":482,"play_id":"cad37e46-fda9-4e22-818d-7e2af9c3a643","local_time":"20190630082351","is_ascension_mode":true,"campfire_choices":[{"floor":6.0,"key":"REST"},{"data":"Sunder","floor":15.0,"key":"SMITH"}],"neow_cost":"TEN_PERCENT_HP_LOSS","seed_source_timestamp":78520630288653,"circlet_count":0,"master_deck":["AscendersBane","Strike_B","Strike_B","Strike_B","Defend_B","Defend_B","Defend_B","Defend_B","Zap","Dualcast","Sweeping Beam","Sweeping Beam","Ball Lightning","Echo Form","Sunder+1","Steam","Beam Cell","Electrodynamics"],"special_seed":0,"relics":["Cracked Core","Golden Idol","Tiny Chest","Smiling Mask","Runic Capacitor","Oddly Smooth Stone","Darkstone Periapt","Snecko Eye"],"potions_floor_usage":[21],"damage_taken":[{"damage":1.0,"enemies":"Cultist","floor":1.0,"turns":3.0},{"damage":14.0,"enemies":"2 Louse","floor":2.0,"turns":2.0},{"damage":13.0,"enemies":"Small Slimes","floor":4.0,"turns":2.0},{"damage":30.0,"enemies":"3 Sentries","floor":7.0,"turns":6.0},{"damage":11.0,"enemies":"Blue Slaver","floor":8.0,"turns":4.0},{"damage":10.0,"enemies":"Lagavulin","floor":12.0,"turns":6.0},{"damage":0.0,"enemies":"Gremlin Gang","floor":13.0,"turns":1.0},{"damage":0.0,"enemies":"Slime Boss","floor":16.0,"turns":5.0},{"damage":2.0,"enemies":"Shell Parasite","floor":18.0,"turns":3.0},{"damage":0.0,"enemies":"Spheric Guardian","floor":19.0,"turns":3.0},{"damage":23.0,"enemies":"Snake Plant","floor":20.0,"turns":3.0},{"damage":22,"enemies":"3 Cultists","floor":21,"turns":3}],"seed_played":"-5995465167003145370","potions_obtained":[{"floor":7.0,"key":"Explosive Potion"},{"floor":12.0,"key":"Block Potion"},{"floor":19.0,"key":"SpeedPotion"}],"is_trial":false,"path_per_floor":["M","M","?","M","?","R","E","M","T","?","$","E","M","$","R","B",null,"M","M","M","M"],"character_chosen":"DEFECT","items_purchased":["Runic Capacitor","Oddly Smooth Stone","FearPotion","Fire Potion"],"campfire_rested":1,"item_purchase_floors":[11,11,11,14],"current_hp_per_floor":[63,49,38,25,25,42,12,1,1,15,15,5,5,5,5,5,45,43,43,20,0],"gold":190,"neow_bonus":"TWO_FIFTY_GOLD","is_prod":false,"is_daily":false,"chose_seed":false,"campfire_upgraded":1,"win_rate":0,"timestamp":1561908231,"path_taken":["M","?","?","M","?","R","E","M","T","?","$","E","M","?","R","BOSS","M","?","M","M"],"build_version":"2019-06-29","purchased_purges":1,"victory":false,"max_hp_per_floor":[64,64,64,64,58,58,58,58,58,58,58,58,58,58,58,58,58,58,58,58,58],"card_choices":[{"not_picked":["Compile Driver","Lockon"],"picked":"Sweeping Beam","floor":1.0},{"not_picked":["Stack","Recycle"],"picked":"Sweeping Beam","floor":2.0},{"not_picked":["Hologram","Cold Snap"],"picked":"Ball Lightning","floor":4.0},{"not_picked":["Ball Lightning","Cold Snap"],"picked":"Echo Form","floor":7.0},{"not_picked":["Static Discharge","Steam"],"picked":"Sunder","floor":8.0},{"not_picked":["Turbo","Rebound"],"picked":"Steam","floor":12.0},{"not_picked":["Reprogram","Go for the Eyes"],"picked":"Beam Cell","floor":13.0},{"not_picked":["Core Surge","Rainbow"],"picked":"Electrodynamics","floor":16.0},{"not_picked":["Barrage","Redo","Leap"],"picked":"SKIP","floor":18.0},{"not_picked":["Coolheaded","Stack","Turbo"],"picked":"SKIP","floor":19.0},{"not_picked":["Sweeping Beam","Turbo+1","Streamline"],"picked":"SKIP","floor":20.0}],"player_experience":1713763,"relics_obtained":[{"floor":7.0,"key":"Tiny Chest"},{"floor":9.0,"key":"Smiling Mask"},{"floor":12.0,"key":"Darkstone Periapt"}],"event_choices":[{"damage_healed":0.0,"max_hp_gain":0.0,"max_hp_loss":0.0,"gold_gain":75.0,"event_name":"World of Goop","player_choice":"Gather Gold","floor":3.0,"gold_loss":0.0,"damage_taken":11.0},{"damage_healed":0.0,"max_hp_gain":0.0,"max_hp_loss":6.0,"gold_gain":0.0,"event_name":"Golden Idol","player_choice":"Lose Max HP","floor":5.0,"gold_loss":0.0,"damage_taken":0.0,"relics_obtained":["Golden Idol"]},{"damage_healed":14.0,"max_hp_gain":0.0,"max_hp_loss":0.0,"gold_gain":0.0,"event_name":"The Cleric","player_choice":"Healed","floor":10.0,"gold_loss":35.0,"damage_taken":0.0}],"is_beta":true,"boss_relics":[{"not_picked":["Sozu","Pandora\u0027s Box"],"picked":"Snecko Eye"}],"items_purged_floors":[11],"is_endless":false,"potions_floor_spawned":[7,12,19],"killed_by":"3 Cultists","ascension_level":20}