{"gold_per_floor":[110,110,127,127,139,166,166,166,166,180,211,65,79,98,98,98],"floor_reached":16,"playtime":1158,"items_purged":[],"score":157,"play_id":"3e26abe3-2b4c-438e-805c-390195d3a78b","local_time":"20190630070017","is_ascension_mode":true,"campfire_choices":[{"data":"Armaments","floor":8,"key":"SMITH"},{"data":"Perfected Strike","floor":15,"key":"SMITH"}],"neow_cost":"NONE","seed_source_timestamp":44073866176800,"circlet_count":0,"master_deck":["Strike_R","Strike_R","Strike_R","Strike_R","Strike_R+1","Defend_R","Defend_R","Defend_R+1","Defend_R","Bash","Havoc+1","Uppercut","Pummel","Armaments+1","Impervious","Perfected Strike+1"],"relics":["Burning Blood","Matryoshka","Ancient Tea Set","Shuriken","Question Card","Happy Flower"],"potions_floor_usage":[10,11,13,16,16],"damage_taken":[{"damage":3,"enemies":"Jaw Worm","floor":1,"turns":6},{"damage":6,"enemies":"2 Louse","floor":3,"turns":3},{"damage":0,"enemies":"Cultist","floor":5,"turns":3},{"damage":34,"enemies":"Lagavulin","floor":6,"turns":9},{"damage":7,"enemies":"Large Slime","floor":10,"turns":5},{"damage":27,"enemies":"Gremlin Nob","floor":11,"turns":5},{"damage":2,"enemies":"Gremlin Gang","floor":13,"turns":4},{"damage":0,"enemies":"Exordium Wildlife","floor":14,"turns":4},{"damage":55,"enemies":"Slime Boss","floor":16,"turns":8}],"seed_played":"9058121308559786271","potions_obtained":[{"floor":7,"key":"Fire Potion"},{"floor":7,"key":"Regen Potion"},{"floor":7,"key":"SpeedPotion"},{"floor":10,"key":"Dexterity Potion"},{"floor":11,"key":"Explosive Potion"},{"floor":13,"key":"Block Potion"},{"floor":14,"key":"SpeedPotion"}],"is_trial":false,"path_per_floor":["M","?","M","?","M","E","?","R","T","M","E","$","M","M","R","B"],"character_chosen":"IRONCLAD","items_purchased":["Happy Flower"],"campfire_rested":0,"item_purchase_floors":[12],"current_hp_per_floor":[83,65,65,65,71,43,43,43,43,42,35,35,39,45,45,0],"gold":98,"neow_bonus":"TEN_PERCENT_HP_BONUS","is_prod":false,"is_daily":false,"chose_seed":false,"campfire_upgraded":2,"win_rate":0,"timestamp":1561903217,"path_taken":["M","?","M","?","M","E","?","R","T","M","E","$","M","M","R","BOSS"],"build_version":"2019-01-23","purchased_purges":0,"victory":false,"max_hp_per_floor":[88,88,88,88,88,88,88,88,88,88,88,88,88,88,88,88],"card_choices":[{"not_picked":["Clothesline","Twin Strike"],"picked":"Havoc","floor":1},{"not_picked":["Warcry","Rampage"],"picked":"Uppercut","floor":3},{"not_picked":["Clash","Heavy Blade"],"picked":"Pummel","floor":5},{"not_picked":["Clash","Clothesline"],"picked":"Armaments","floor":6},{"not_picked":["Thunderclap","Rupture","Clash"],"picked":"SKIP","floor":10},{"not_picked":["Clash","Fiend Fire"],"picked":"Impervious","floor":11},{"not_picked":["Warcry","Twin Strike","Combust"],"picked":"Perfected Strike","floor":13},{"not_picked":["Armaments","Heavy Blade","Clash","Twin Strike"],"picked":"SKIP","floor":14}],"player_experience":381706,"relics_obtained":[{"floor":6,"key":"Matryoshka"},{"floor":9,"key":"Ancient Tea Set"},{"floor":9,"key":"Shuriken"},{"floor":11,"key":"Question Card"}],"event_choices":[{"damage_healed":0,"gold_gain":0,"player_choice":"Entered Light","damage_taken":18,"max_hp_gain":0,"max_hp_loss":0,"event_name":"Shining Light","floor":2,"gold_loss":0,"cards_upgraded":["Strike_R","Defend_R"]},{"damage_healed":0,"gold_gain":0,"player_choice":"Grow","damage_taken":0,"max_hp_gain":0,"max_hp_loss":0,"event_name":"Living Wall","floor":4,"gold_loss":0,"cards_upgraded":["Havoc"]},{"damage_healed":0,"gold_gain":0,"player_choice":"Got Potions","damage_taken":0,"max_hp_gain":0,"max_hp_loss":0,"event_name":"Lab","floor":7,"gold_loss":0}],"is_beta":false,"boss_relics":[],"items_purged_floors":[],"is_endless":false,"potions_floor_spawned":[10,11,13,14],"killed_by":"Slime Boss","ascension_level":8}