{"gold_per_floor":[119,129,129,147,162,162,197,209,280,151,151,151,151,213,213,309,309,328,228,228,328,348,348,348,133,178,206,206,206,233,245,245,347,347,363,380,396,415,68,68,99,109,109,109,109,55,55,155,155,155,155,155,155,183,183],"floor_reached":55,"playtime":5504,"items_purged":["Strike_B","Strike_B","Strike_B","Defend_B"],"score":896,"play_id":"a1ee09aa-d41a-4097-b1ca-59676240d0db","local_time":"20190430170833","is_ascension_mode":true,"campfire_choices":[{"floor":6,"key":"REST"},{"data":"Rainbow","floor":11,"key":"SMITH"},{"floor":15,"key":"REST"},{"floor":23,"key":"REST"},{"data":"Dualcast","floor":28,"key":"SMITH"},{"floor":32,"key":"REST"},{"data":"Apotheosis","floor":40,"key":"SMITH"},{"data":"Creative AI","floor":47,"key":"SMITH"},{"floor":49,"key":"RECALL"},{"data":"Seek","floor":52,"key":"SMITH"}],"neow_cost":"PERCENT_DAMAGE","seed_source_timestamp":512463013883600,"circlet_count":0,"master_deck":["Defend_B+1","Defend_B","Defend_B","Zap","Dualcast+1","Rainbow+1","Lockon+1","Barrage","Seek+1","Steam","Electrodynamics","Cold Snap","Coolheaded","Multi-Cast","Darkness+1","Stack+1","Capacitor","Steam","Defragment+1","Creative AI+1","Consume","Apotheosis+1","Writhe","Leap"],"relics":["Cracked Core","Singing Bowl","PreservedInsect","Matryoshka","Juzu Bracelet","Cables","Oddly Smooth Stone","Eternal Feather","Torii","Mummified Hand","Pantograph","Regal Pillow","Potion Belt","Dream Catcher","Sozu","Gambling Chip","Ice Cream","Blue Candle"],"potions_floor_usage":[14,14,21,21,24,41],"damage_taken":[{"damage":0,"enemies":"Cultist","floor":1,"turns":4},{"damage":0,"enemies":"Small Slimes","floor":2,"turns":3},{"damage":2,"enemies":"Jaw Worm","floor":4,"turns":3},{"damage":26,"enemies":"Exordium Wildlife","floor":5,"turns":3},{"damage":11,"enemies":"Lagavulin","floor":7,"turns":5},{"damage":0,"enemies":"Large Slime","floor":8,"turns":5},{"damage":8,"enemies":"Lagavulin Event","floor":14,"turns":3},{"damage":17,"enemies":"The Guardian","floor":16,"turns":12},{"damage":4,"enemies":"3 Byrds","floor":18,"turns":3},{"damage":32,"enemies":"Colosseum Slavers","floor":21,"turns":4},{"damage":2,"enemies":"Colosseum Nobs","floor":21,"turns":4},{"damage":8,"enemies":"2 Thieves","floor":22,"turns":3},{"damage":26,"enemies":"Book of Stabbing","floor":24,"turns":6},{"damage":0,"enemies":"Gremlin Leader","floor":27,"turns":4},{"damage":12,"enemies":"Book of Stabbing","floor":30,"turns":6},{"damage":10,"enemies":"Snake Plant","floor":31,"turns":5},{"damage":46,"enemies":"Automaton","floor":33,"turns":12},{"damage":1,"enemies":"Orb Walker","floor":35,"turns":4},{"damage":0,"enemies":"3 Shapes","floor":36,"turns":3},{"damage":0,"enemies":"3 Darklings","floor":37,"turns":2},{"damage":25,"enemies":"4 Shapes","floor":38,"turns":3},{"damage":30,"enemies":"Reptomancer","floor":41,"turns":4},{"damage":1,"enemies":"Maw","floor":42,"turns":7},{"damage":0,"enemies":"Mind Bloom Boss Battle","floor":48,"turns":4},{"damage":65,"enemies":"Donu and Deca","floor":50,"turns":9},{"damage":31,"enemies":"Shield and Spear","floor":54,"turns":5},{"damage":103,"enemies":"The Heart","floor":55,"turns":5}],"seed_played":"1585110109859163961","potions_obtained":[{"floor":2,"key":"FearPotion"},{"floor":5,"key":"Energy Potion"},{"floor":8,"key":"Dexterity Potion"},{"floor":14,"key":"GamblersBrew"},{"floor":22,"key":"SmokeBomb"},{"floor":31,"key":"Poison Potion"}],"is_trial":false,"path_per_floor":["M","M","T","M","M","R","E","M","T","$","R","?","T","?","R","B",null,"M","$","?","?","M","R","E","$","T","E","R","?","E","M","R","B",null,"M","M","M","M","$","R","E","M","T","?","?","$","R","?","R","B",null,"R","$","E","B"],"character_chosen":"DEFECT","items_purchased":["Cold Snap","Capacitor","Steam","Apotheosis","Leap"],"campfire_rested":4,"item_purchase_floors":[10,25,25,39,46],"current_hp_per_floor":[54,54,54,52,28,51,40,40,40,40,40,25,25,17,40,23,77,73,73,73,39,33,65,39,39,39,41,50,50,38,30,81,37,83,84,86,86,63,63,75,47,48,48,71,73,73,85,97,97,32,97,97,97,68,0],"gold":183,"neow_bonus":"THREE_RARE_CARDS","is_prod":false,"is_daily":false,"chose_seed":false,"campfire_upgraded":5,"win_rate":0,"timestamp":1556669313,"path_taken":["M","M","?","M","M","R","E","M","T","$","R","?","?","?","R","BOSS","M","$","?","?","M","R","E","$","T","E","R","?","E","M","R","BOSS","M","M","M","M","$","R","E","M","T","?","?","$","R","?","R","BOSS","R","$","E","BOSS"],"build_version":"2019-01-23","purchased_purges":4,"victory":false,"max_hp_per_floor":[75,75,75,75,77,77,77,77,77,77,77,77,77,77,77,77,77,77,77,77,77,79,79,79,79,79,81,81,81,81,83,83,83,83,85,87,87,89,89,89,91,93,93,93,95,95,95,97,97,97,97,97,97,99,99],"card_choices":[{"not_picked":["Reboot","Amplify"],"picked":"Rainbow","floor":0},{"not_picked":["Stack","Rebound"],"picked":"Lockon","floor":1},{"not_picked":["Conserve Battery","Steam"],"picked":"Barrage","floor":2},{"not_picked":["Steam","Redo"],"picked":"Seek","floor":4},{"not_picked":["Rebound","Beam Cell","Skim"],"picked":"Singing Bowl","floor":5},{"not_picked":["Go for the Eyes","Streamline"],"picked":"Steam","floor":7},{"not_picked":["Coolheaded","Cold Snap"],"picked":"Electrodynamics","floor":8},{"not_picked":["Cold Snap","Conserve Battery"],"picked":"Coolheaded","floor":14},{"not_picked":["Hyperbeam","Meteor Strike"],"picked":"Multi-Cast","floor":16},{"not_picked":["Steam","Ball Lightning"],"picked":"Darkness+1","floor":18},{"not_picked":["Compile Driver","Rebound"],"picked":"Stack+1","floor":21},{"not_picked":["Cold Snap","Skim","Doom and Gloom"],"picked":"Singing Bowl","floor":22},{"not_picked":["Cold Snap+1","Gash","Thunder Strike"],"picked":"Singing Bowl","floor":27},{"not_picked":["Compile Driver+1","Turbo"],"picked":"Defragment+1","floor":30},{"not_picked":["White Noise","Barrage+1","Cold Snap+1"],"picked":"Singing Bowl","floor":31},{"not_picked":["Rainbow","Multi-Cast"],"picked":"Creative AI","floor":33},{"not_picked":["Rebound+1","Doom and Gloom","Ball Lightning+1"],"picked":"Singing Bowl","floor":35},{"not_picked":["FTL","Streamline+1","Rebound"],"picked":"Singing Bowl","floor":36},{"not_picked":["Genetic Algorithm+1","Skim+1"],"picked":"Consume","floor":37},{"not_picked":["Conserve Battery","Storm","Coolheaded"],"picked":"Singing Bowl","floor":38},{"not_picked":["Redo","Meteor Strike","Blizzard"],"picked":"Singing Bowl","floor":41},{"not_picked":["Go for the Eyes+1","Beam Cell+1","Tempest"],"picked":"Singing Bowl","floor":42},{"not_picked":["Secret Weapon","HandOfGreed","Flash of Steel"],"picked":"Singing Bowl","floor":45},{"not_picked":["Turbo+1","Barrage+1","Hologram"],"picked":"Singing Bowl","floor":48},{"not_picked":["Go for the Eyes","Beam Cell+1","Compile Driver"],"picked":"Singing Bowl","floor":54}],"player_experience":268229,"relics_obtained":[{"floor":3,"key":"Singing Bowl"},{"floor":7,"key":"PreservedInsect"},{"floor":9,"key":"Matryoshka"},{"floor":13,"key":"Juzu Bracelet"},{"floor":13,"key":"Cables"},{"floor":21,"key":"Torii"},{"floor":21,"key":"Mummified Hand"},{"floor":26,"key":"Pantograph"},{"floor":26,"key":"Regal Pillow"},{"floor":27,"key":"Potion Belt"},{"floor":30,"key":"Dream Catcher"},{"floor":41,"key":"Gambling Chip"},{"floor":48,"key":"Ice Cream"},{"floor":54,"key":"Blue Candle"}],"event_choices":[{"damage_healed":0,"gold_gain":0,"player_choice":"Entered Light","damage_taken":15,"max_hp_gain":0,"max_hp_loss":0,"event_name":"Shining Light","floor":12,"gold_loss":0,"cards_upgraded":["Lockon","Defend_B"]},{"damage_healed":0,"gold_gain":0,"player_choice":"Searched \u00273\u0027 times","damage_taken":0,"relics_obtained":["Oddly Smooth Stone"],"max_hp_gain":0,"max_hp_loss":0,"event_name":"Dead Adventurer","floor":14,"gold_loss":0},{"cards_removed":["Strike_B"],"damage_healed":0,"gold_gain":0,"player_choice":"Purged","damage_taken":0,"max_hp_gain":0,"max_hp_loss":0,"event_name":"Purifier","floor":20,"gold_loss":0},{"damage_healed":0,"gold_gain":0,"player_choice":"Fight","damage_taken":0,"max_hp_gain":0,"max_hp_loss":0,"event_name":"Colosseum","floor":21,"gold_loss":0},{"damage_healed":0,"gold_gain":0,"player_choice":"Fought Nobs","damage_taken":0,"max_hp_gain":0,"max_hp_loss":0,"event_name":"Colosseum","floor":21,"gold_loss":0},{"damage_healed":0,"gold_gain":0,"player_choice":"Ignored","damage_taken":0,"max_hp_gain":0,"max_hp_loss":0,"event_name":"Ghosts","floor":29,"gold_loss":0},{"damage_healed":23,"gold_gain":0,"player_choice":"Writhe","damage_taken":0,"max_hp_gain":0,"max_hp_loss":0,"event_name":"Winding Halls","floor":44,"gold_loss":0,"cards_obtained":["Writhe"]},{"damage_healed":0,"gold_gain":0,"player_choice":"Memory 1","damage_taken":0,"max_hp_gain":0,"max_hp_loss":0,"event_name":"SensoryStone","floor":45,"gold_loss":0},{"damage_healed":0,"gold_gain":0,"player_choice":"Fight","damage_taken":0,"max_hp_gain":0,"max_hp_loss":0,"event_name":"MindBloom","floor":48,"gold_loss":0}],"is_beta":false,"boss_relics":[{"not_picked":["Busted Crown","Coffee Dripper"],"picked":"Eternal Feather"},{"not_picked":["Philosopher\u0027s Stone","Nuclear Battery"],"picked":"Sozu"}],"items_purged_floors":[10,19,25,39],"is_endless":false,"potions_floor_spawned":[2,5,8,14,22,24,31,38,41,42,48],"killed_by":"The Heart","ascension_level":4}