{"gold_per_floor":[362,373,29,29,29,29,56,66,66,66,80,93,93,128,128,128],"floor_reached":16,"playtime":856,"items_purged":[],"score":149,"play_id":"2ed7c544-f5f4-42d2-a32c-b835ae7ad51d","local_time":"20190611163534","is_ascension_mode":true,"campfire_choices":[{"data":"Venomology","floor":6,"key":"SMITH"},{"floor":10,"key":"REST"},{"floor":15,"key":"REST"}],"neow_cost":"CURSE","seed_source_timestamp":1125647121282200,"circlet_count":0,"master_deck":["Defend_G","Defend_G","Defend_G","Defend_G","Defend_G","Strike_G","Strike_G","Strike_G","Strike_G","Strike_G","Survivor","Neutralize","Bouncing Flask","Deflect","Blur","Venomology+1","Prepared","Dagger Throw","Footwork","Backflip","Injury","Slice"],"relics":["Ring of the Snake","The Specimen","Girya","Unceasing Top","Golden Idol","Omamori"],"potions_floor_usage":[7,12,14,14,14,16],"damage_taken":[{"damage":7,"enemies":"2 Louse","floor":1,"turns":5},{"damage":3,"enemies":"Jaw Worm","floor":2,"turns":5},{"damage":33,"enemies":"Gremlin Nob","floor":7,"turns":5},{"damage":0,"enemies":"Cultist","floor":8,"turns":4},{"damage":2,"enemies":"2 Fungi Beasts","floor":11,"turns":5},{"damage":0,"enemies":"Blue Slaver","floor":12,"turns":5},{"damage":26,"enemies":"Lagavulin","floor":14,"turns":8},{"damage":37,"enemies":"Slime Boss","floor":16,"turns":11}],"seed_played":"8774872329215149813","potions_obtained":[{"floor":2,"key":"Swift Potion"},{"floor":11,"key":"Energy Potion"}],"is_trial":false,"path_per_floor":["M","M","$","?","?","R","E","M","T","R","M","M","?","E","R","B"],"character_chosen":"THE_SILENT","items_purchased":["The Specimen","Blur"],"campfire_rested":2,"item_purchase_floors":[3,3],"current_hp_per_floor":[56,53,53,53,53,53,20,20,20,40,38,38,38,12,32,0],"gold":128,"neow_bonus":"TWO_FIFTY_GOLD","is_prod":false,"is_daily":false,"chose_seed":false,"campfire_upgraded":1,"win_rate":0,"timestamp":1560296134,"path_taken":["M","M","$","?","?","R","E","M","T","R","M","?","?","E","R","BOSS"],"build_version":"2019-01-23","purchased_purges":0,"victory":false,"max_hp_per_floor":[70,70,70,67,67,67,67,67,67,67,67,67,67,67,67,67],"card_choices":[{"not_picked":["Sucker Punch","Dagger Spray"],"picked":"Bouncing Flask","floor":1},{"not_picked":["Eviscerate","Outmaneuver"],"picked":"Deflect","floor":2},{"not_picked":["Cloak And Dagger","Dagger Spray"],"picked":"Prepared","floor":7},{"not_picked":["Sucker Punch","Underhanded Strike"],"picked":"Dagger Throw","floor":8},{"not_picked":["Dash","Escape Plan"],"picked":"Footwork","floor":11},{"not_picked":["Deadly Poison","Blade Dance"],"picked":"Backflip","floor":12},{"not_picked":["Outmaneuver","A Thousand Cuts"],"picked":"Slice","floor":14}],"player_experience":350387,"relics_obtained":[{"floor":7,"key":"Girya"},{"floor":9,"key":"Unceasing Top"},{"floor":14,"key":"Omamori"}],"event_choices":[{"cards_removed":["Parasite"],"damage_healed":0,"gold_gain":0,"player_choice":"Forget","damage_taken":0,"max_hp_gain":0,"max_hp_loss":0,"event_name":"Living Wall","floor":4,"gold_loss":0},{"damage_healed":0,"gold_gain":0,"player_choice":"1 cards matched","damage_taken":0,"max_hp_gain":0,"max_hp_loss":0,"event_name":"Match and Keep!","floor":5,"gold_loss":0,"cards_obtained":["Venomology"]},{"damage_healed":0,"gold_gain":0,"player_choice":"1 cards matched","damage_taken":0,"max_hp_gain":0,"max_hp_loss":0,"event_name":"Match and Keep!","floor":5,"gold_loss":0,"cards_obtained":["Venomology"]},{"damage_healed":0,"gold_gain":0,"player_choice":"Take Wound","damage_taken":0,"relics_obtained":["Golden Idol"],"max_hp_gain":0,"max_hp_loss":0,"event_name":"Golden Idol","floor":13,"gold_loss":0,"cards_obtained":["Injury"]}],"is_beta":false,"boss_relics":[],"items_purged_floors":[],"is_endless":false,"potions_floor_spawned":[2,11],"killed_by":"Slime Boss","ascension_level":7}