{"gold_per_floor":[118,29,39,39,52,52,70,70,96,121,136,61,88,88,88,162,162,174,193,63,63,113,147,147,180,207,207,207,232,332,344,344,422,422,434,434,434,217,217,247,247,278,278,306,306,324,424,424,424,424,424,424,424,37,63,63],"floor_reached":56,"playtime":4680,"items_purged":["Strike_B","Defend_B"],"score":2390,"play_id":"4e243e51-b95b-42cb-8daf-b8242f79bf54","local_time":"20190628203147","is_ascension_mode":true,"campfire_choices":[{"data":"Zap","floor":6.0,"key":"SMITH"},{"data":"Cold Snap","floor":8.0,"key":"SMITH"},{"data":"Self Repair","floor":15.0,"key":"SMITH"},{"data":"Conserve Battery","floor":24.0,"key":"SMITH"},{"data":"Hologram","floor":27.0,"key":"SMITH"},{"data":"1","floor":32.0,"key":"LIFT"},{"floor":41.0,"key":"RECALL"},{"data":"Hologram","floor":45.0,"key":"SMITH"},{"data":"2","floor":49.0,"key":"LIFT"},{"floor":53.0,"key":"REST"}],"neow_cost":"TEN_PERCENT_HP_LOSS","seed_source_timestamp":90686366251829,"circlet_count":0,"master_deck":["AscendersBane","Defend_B+1","Zap+1","Dualcast+1","BootSequence+1","Genetic Algorithm","Rebound","FTL","Self Repair+1","All For One","Streamline+1","Conserve Battery+1","Turbo","Core Surge","Hologram+1","Conserve Battery","Beam Cell+1","Electrodynamics","Compile Driver+1","Finesse+1","Purity","Madness","FTL+1","Hologram+1","Stack","Melter+1"],"special_seed":0,"relics":["Cracked Core","War Paint","PreservedInsect","DataDisk","Runic Pyramid","Bag of Preparation","The Courier","Pear","Ancient Tea Set","Molten Egg 2","Girya","Mercury Hourglass","Nuclear Battery","Vajra","Matryoshka","Smiling Mask","Pen Nib","Happy Flower","FossilizedHelix","Calipers","Anchor"],"potions_floor_usage":[],"damage_taken":[{"damage":1.0,"enemies":"2 Louse","floor":1.0,"turns":2.0},{"damage":2.0,"enemies":"Cultist","floor":3.0,"turns":5.0},{"damage":7.0,"enemies":"Small Slimes","floor":5.0,"turns":3.0},{"damage":0.0,"enemies":"Exordium Wildlife","floor":7.0,"turns":2.0},{"damage":3.0,"enemies":"3 Sentries","floor":10.0,"turns":9.0},{"damage":8.0,"enemies":"Large Slime","floor":11.0,"turns":4.0},{"damage":0.0,"enemies":"Gremlin Nob","floor":13.0,"turns":3.0},{"damage":22.0,"enemies":"Hexaghost","floor":16.0,"turns":7.0},{"damage":1.0,"enemies":"2 Thieves","floor":18.0,"turns":3.0},{"damage":12.0,"enemies":"Shell Parasite","floor":19.0,"turns":5.0},{"damage":9.0,"enemies":"Slavers","floor":23.0,"turns":4.0},{"damage":0.0,"enemies":"Gremlin Leader","floor":25.0,"turns":6.0},{"damage":0.0,"enemies":"Slavers","floor":29.0,"turns":3.0},{"damage":0.0,"enemies":"Colosseum Slavers","floor":30.0,"turns":4.0},{"damage":5.0,"enemies":"Colosseum Nobs","floor":30.0,"turns":4.0},{"damage":0.0,"enemies":"Snake Plant","floor":31.0,"turns":3.0},{"damage":0.0,"enemies":"Automaton","floor":33.0,"turns":7.0},{"damage":0.0,"enemies":"3 Darklings","floor":35.0,"turns":3.0},{"damage":0.0,"enemies":"Nemesis","floor":40.0,"turns":3.0},{"damage":0.0,"enemies":"Giant Head","floor":42.0,"turns":4.0},{"damage":0.0,"enemies":"Reptomancer","floor":44.0,"turns":2.0},{"damage":0.0,"enemies":"Orb Walker","floor":46.0,"turns":3.0},{"damage":9.0,"enemies":"Mind Bloom Boss Battle","floor":47.0,"turns":3.0},{"damage":1.0,"enemies":"Awakened One","floor":50.0,"turns":7.0},{"damage":40.0,"enemies":"Donu and Deca","floor":51.0,"turns":8.0},{"damage":10.0,"enemies":"Shield and Spear","floor":55.0,"turns":5.0},{"damage":91,"enemies":"The Heart","floor":56,"turns":3}],"seed_played":"4208932918434458105","potions_obtained":[{"floor":1.0,"key":"Poison Potion"},{"floor":5.0,"key":"Block Potion"},{"floor":10.0,"key":"Energy Potion"},{"floor":13.0,"key":"PowerPotion"},{"floor":25.0,"key":"Poison Potion"},{"floor":29.0,"key":"Poison Potion"},{"floor":30.0,"key":"Dexterity Potion"},{"floor":42.0,"key":"SteroidPotion"}],"is_trial":false,"path_per_floor":["M","$","M","?","M","R","M","R","T","E","M","?","E","?","R","B",null,"M","M","$","?","T","E","R","E","T","R","?","E","?","M","R","B",null,"M","?","?","$","?","E","R","E","T","E","R","M","?","?","R","B","B",null,"R","$","E","B"],"character_chosen":"DEFECT","items_purchased":["Genetic Algorithm","SteroidPotion","Vajra","Calipers","Stack","Melter+1"],"campfire_rested":1,"item_purchase_floors":[2,20,38,54,54,54],"current_hp_per_floor":[63,63,61,61,54,54,54,54,54,51,50,50,57,38,38,26,55,64,62,62,62,62,53,53,73,73,73,73,74,74,74,74,74,74,74,74,64,64,64,74,74,74,74,74,74,74,74,74,74,73,43,66,74,74,74,0],"gold":63,"neow_bonus":"REMOVE_TWO","is_prod":false,"is_daily":false,"chose_seed":false,"campfire_upgraded":6,"win_rate":0,"timestamp":1561779107,"path_taken":["M","$","M","?","M","R","?","R","T","E","M","?","E","?","R","BOSS","M","M","$","?","?","E","R","E","T","R","?","E","?","M","R","BOSS","M","?","?","$","?","E","R","E","T","E","R","?","?","?","R","BOSS","BOSS","R","$","E","BOSS"],"build_version":"2019-06-28","purchased_purges":2,"victory":false,"max_hp_per_floor":[64,64,64,64,64,64,64,64,64,64,64,64,64,64,64,64,64,64,64,64,64,64,64,64,74,74,74,74,74,74,74,74,74,74,74,74,74,74,74,74,74,74,74,74,74,74,74,74,74,74,74,74,74,74,74,74],"card_choices":[{"not_picked":["Consume","Conserve Battery"],"picked":"BootSequence","floor":1.0},{"not_picked":["Genetic Algorithm","Coolheaded"],"picked":"Rebound","floor":3.0},{"not_picked":["Turbo","Compile Driver"],"picked":"Cold Snap","floor":5.0},{"not_picked":["Steam","Hello World"],"picked":"FTL","floor":7.0},{"not_picked":["Coolheaded","Heatsinks"],"picked":"Self Repair","floor":10.0},{"not_picked":["Steam","Steam Power"],"picked":"All For One","floor":11.0},{"not_picked":["Redo","Darkness"],"picked":"Streamline","floor":13.0},{"not_picked":["Compile Driver","Cold Snap"],"picked":"Conserve Battery","floor":18.0},{"not_picked":["Beam Cell","Reprogram"],"picked":"Turbo","floor":19.0},{"not_picked":["Sweeping Beam","Leap"],"picked":"Core Surge","floor":23.0},{"not_picked":["Coolheaded","Stack"],"picked":"Hologram","floor":25.0},{"not_picked":["Chaos","Consume"],"picked":"Conserve Battery","floor":29.0},{"not_picked":["Rip and Tear+1","Consume"],"picked":"Beam Cell+1","floor":31.0},{"not_picked":["Hyperbeam+1","Reboot"],"picked":"Electrodynamics","floor":33.0},{"not_picked":["Coolheaded","Fusion"],"picked":"Compile Driver+1","floor":35.0},{"not_picked":["Enlightenment","Discovery"],"picked":"Finesse","floor":37.0},{"not_picked":["Good Instincts","Trip"],"picked":"Purity","floor":37.0},{"not_picked":["Magnetism","Jack Of All Trades"],"picked":"Madness","floor":37.0},{"not_picked":["Static Discharge","Rebound+1"],"picked":"FTL+1","floor":40.0},{"not_picked":["Melter+1","Cold Snap+1"],"picked":"Hologram","floor":42.0},{"not_picked":["Hologram","Chill","Turbo"],"picked":"SKIP","floor":44.0},{"not_picked":["Rip and Tear+1","Loop","Electrodynamics"],"picked":"SKIP","floor":46.0},{"not_picked":["Defragment","Rip and Tear+1","Hello World"],"picked":"SKIP","floor":55.0}],"player_experience":1698878,"relics_obtained":[{"floor":9.0,"key":"War Paint"},{"floor":10.0,"key":"PreservedInsect"},{"floor":13.0,"key":"DataDisk"},{"floor":22.0,"key":"Bag of Preparation"},{"floor":23.0,"key":"The Courier"},{"floor":25.0,"key":"Pear"},{"floor":26.0,"key":"Ancient Tea Set"},{"floor":29.0,"key":"Molten Egg 2"},{"floor":30.0,"key":"Girya"},{"floor":30.0,"key":"Mercury Hourglass"},{"floor":40.0,"key":"Matryoshka"},{"floor":42.0,"key":"Smiling Mask"},{"floor":43.0,"key":"Pen Nib"},{"floor":44.0,"key":"Happy Flower"},{"floor":47.0,"key":"FossilizedHelix"},{"floor":55.0,"key":"Anchor"}],"event_choices":[{"cards_removed":["Defend_B"],"damage_healed":0.0,"max_hp_gain":0.0,"max_hp_loss":0.0,"gold_gain":0.0,"event_name":"Purifier","player_choice":"Purged","floor":4.0,"gold_loss":0.0,"damage_taken":0.0},{"cards_removed":["Strike_B"],"damage_healed":0.0,"max_hp_gain":0.0,"max_hp_loss":0.0,"gold_gain":0.0,"event_name":"The Cleric","player_choice":"Card Removal","floor":12.0,"gold_loss":75.0,"damage_taken":0.0},{"damage_healed":0.0,"max_hp_gain":0.0,"max_hp_loss":0.0,"gold_gain":0.0,"event_name":"Shining Light","player_choice":"Entered Light","floor":14.0,"gold_loss":0.0,"damage_taken":19.0,"cards_upgraded":["Streamline","BootSequence"]},{"damage_healed":0.0,"max_hp_gain":0.0,"max_hp_loss":0.0,"gold_gain":0.0,"event_name":"Cursed Tome","player_choice":"Ignored","floor":21.0,"gold_loss":0.0,"damage_taken":0.0},{"cards_removed":["Defend_B"],"damage_healed":0.0,"max_hp_gain":0.0,"max_hp_loss":0.0,"gold_gain":0.0,"event_name":"Back to Basics","player_choice":"Elegance","floor":28.0,"gold_loss":0.0,"damage_taken":0.0},{"damage_healed":0.0,"max_hp_gain":0.0,"max_hp_loss":0.0,"gold_gain":0.0,"event_name":"Colosseum","player_choice":"Fight","floor":30.0,"gold_loss":0.0,"damage_taken":0.0},{"damage_healed":0.0,"max_hp_gain":0.0,"max_hp_loss":0.0,"gold_gain":0.0,"event_name":"Colosseum","player_choice":"Fought Nobs","floor":30.0,"gold_loss":0.0,"damage_taken":0.0},{"damage_healed":0.0,"max_hp_gain":0.0,"max_hp_loss":0.0,"gold_gain":0.0,"event_name":"Tomb of Lord Red Mask","player_choice":"Ignored","floor":36.0,"gold_loss":0.0,"damage_taken":0.0},{"damage_healed":0.0,"max_hp_gain":0.0,"max_hp_loss":0.0,"gold_gain":0.0,"event_name":"SensoryStone","player_choice":"Memory 3","floor":37.0,"gold_loss":0.0,"damage_taken":10.0},{"damage_healed":0.0,"max_hp_gain":0.0,"max_hp_loss":0.0,"gold_gain":0.0,"event_name":"Upgrade Shrine","player_choice":"Upgraded","floor":39.0,"gold_loss":0.0,"damage_taken":0.0,"cards_upgraded":["Finesse"]},{"damage_healed":0.0,"max_hp_gain":0.0,"max_hp_loss":0.0,"gold_gain":0.0,"event_name":"MindBloom","player_choice":"Fight","floor":47.0,"gold_loss":0.0,"damage_taken":0.0},{"cards_removed":["Cold Snap"],"damage_healed":0.0,"max_hp_gain":0.0,"max_hp_loss":0.0,"gold_gain":0.0,"event_name":"Falling","player_choice":"Removed Attack","floor":48.0,"gold_loss":0.0,"damage_taken":0.0}],"is_beta":true,"boss_relics":[{"not_picked":["FrozenCore","Philosopher\u0027s Stone"],"picked":"Runic Pyramid"},{"not_picked":["Eternal Feather","Sozu"],"picked":"Nuclear Battery"}],"items_purged_floors":[20,38],"is_endless":false,"potions_floor_spawned":[1,5,10,13,25,29,30,33,42,46,55],"killed_by":"The Heart","ascension_level":20}