{"gold_per_floor":[114,189,201,201,212,241,241,266,346,360,360,386,21,40,40,114,114,134,234,134,134,148,179,179,210,210,239,250,276,290,300,300,376,376,386,386,397,33,45,45,76,76,101,117,172,172,198,214,214,214],"floor_reached":51,"playtime":2118,"items_purged":["Dualcast","Zap","Strike_B"],"score":1589,"play_id":"d9edeb33-91e7-44ae-b602-97c522361aff","local_time":"20190528001917","is_ascension_mode":true,"campfire_choices":[{"data":"Hyperbeam","floor":7,"key":"SMITH"},{"data":"Beam Cell","floor":11,"key":"SMITH"},{"data":"Recycle","floor":15,"key":"SMITH"},{"data":"Seek","floor":24,"key":"SMITH"},{"data":"Hologram","floor":32,"key":"SMITH"},{"data":"Force Field","floor":40,"key":"SMITH"},{"data":"Fission","floor":42,"key":"SMITH"},{"data":"Strike_B","floor":46,"key":"PURGE"},{"data":"Self Repair","floor":49,"key":"PURGE"}],"neow_cost":"TEN_PERCENT_HP_LOSS","seed_source_timestamp":885559558749469,"circlet_count":0,"master_deck":["AscendersBane","Strike_B","Strike_B","Defend_B","Defend_B+1","Defend_B+1","Defend_B","Hyperbeam+1","Rebound","Undo","Hologram+1","Beam Cell+1","Seek+1","Dark Shackles","Recycle+1","Self Repair","Force Field+1","Fission+1","Force Field","Echo Form","Hyperbeam+1"],"relics":["Cracked Core","PreservedInsect","Symbiotic Virus","Shuriken","Mummified Hand","Prayer Wheel","Lee\u0027s Waffle","Snecko Eye","Meat on the Bone","Centennial Puzzle","Matryoshka","Orichalcum","Molten Egg 2","Lantern","Bronze Scales","Busted Crown","Bottled Tornado","War Paint","Bag of Marbles","Regal Pillow","Peace Pipe","Gremlin Horn"],"potions_floor_usage":[6,16,33,33,39,50],"damage_taken":[{"damage":2,"enemies":"2 Louse","floor":1,"turns":2},{"damage":2,"enemies":"Jaw Worm","floor":3,"turns":3},{"damage":0,"enemies":"Cultist","floor":5,"turns":2},{"damage":0,"enemies":"Lagavulin","floor":6,"turns":3},{"damage":0,"enemies":"3 Sentries","floor":8,"turns":2},{"damage":3,"enemies":"3 Louse","floor":10,"turns":2},{"damage":16,"enemies":"Gremlin Nob","floor":12,"turns":3},{"damage":10,"enemies":"Exordium Thugs","floor":14,"turns":2},{"damage":0,"enemies":"Slime Boss","floor":16,"turns":5},{"damage":0,"enemies":"Chosen","floor":18,"turns":3},{"damage":0,"enemies":"Spheric Guardian","floor":22,"turns":3},{"damage":18,"enemies":"Book of Stabbing","floor":23,"turns":4},{"damage":5,"enemies":"Slavers","floor":25,"turns":4},{"damage":34,"enemies":"Book of Stabbing","floor":27,"turns":5},{"damage":4,"enemies":"Cultist and Chosen","floor":28,"turns":4},{"damage":10,"enemies":"Slavers","floor":29,"turns":3},{"damage":14,"enemies":"Sentry and Sphere","floor":30,"turns":7},{"damage":0,"enemies":"3 Cultists","floor":31,"turns":2},{"damage":54,"enemies":"Champ","floor":33,"turns":9},{"damage":2,"enemies":"Orb Walker","floor":35,"turns":3},{"damage":4,"enemies":"3 Shapes","floor":37,"turns":2},{"damage":0,"enemies":"3 Darklings","floor":39,"turns":2},{"damage":0,"enemies":"Giant Head","floor":41,"turns":4},{"damage":0,"enemies":"Jaw Worm Horde","floor":44,"turns":1},{"damage":0,"enemies":"2 Orb Walkers","floor":45,"turns":1},{"damage":0,"enemies":"Nemesis","floor":47,"turns":3},{"damage":0,"enemies":"Sphere and 2 Shapes","floor":48,"turns":2},{"damage":44,"enemies":"Time Eater","floor":50,"turns":11}],"seed_played":"-7515359890698074987","potions_obtained":[{"floor":3,"key":"FearPotion"},{"floor":8,"key":"Ancient Potion"},{"floor":12,"key":"Explosive Potion"},{"floor":22,"key":"FearPotion"},{"floor":27,"key":"Regen Potion"},{"floor":37,"key":"Energy Potion"},{"floor":44,"key":"Ancient Potion"},{"floor":45,"key":"Energy Potion"}],"is_trial":false,"path_per_floor":["M","?","M","T","M","E","R","E","T","M","R","E","$","M","R","B",null,"M","?","$","T","M","E","R","E","T","E","M","E","M","M","R","B",null,"M","?","M","$","M","R","E","R","T","M","?","R","E","M","R","B",null],"character_chosen":"DEFECT","items_purchased":["Lee\u0027s Waffle","Dark Shackles","Bottled Tornado"],"campfire_rested":0,"item_purchase_floors":[13,13,38],"current_hp_per_floor":[62,51,49,49,49,49,49,56,56,60,60,51,71,68,68,71,71,71,71,71,71,71,67,67,71,71,51,61,65,65,71,71,58,68,71,71,71,71,71,71,71,71,71,71,71,71,71,71,71,46],"gold":214,"neow_bonus":"THREE_RARE_CARDS","is_prod":false,"is_daily":false,"chose_seed":false,"campfire_upgraded":7,"win_rate":0,"timestamp":1558995557,"path_taken":["M","?","M","?","M","E","R","E","T","?","R","E","$","M","R","BOSS","M","?","$","?","M","E","R","E","T","E","M","E","M","M","R","BOSS","M","?","?","$","M","R","E","R","T","M","?","R","E","M","R","BOSS"],"build_version":"2019-01-23","purchased_purges":3,"victory":true,"max_hp_per_floor":[64,64,64,64,64,64,64,64,64,64,64,64,71,71,71,71,71,71,71,71,71,71,71,71,71,71,71,71,71,71,71,71,71,71,71,71,71,71,71,71,71,71,71,71,71,71,71,71,71,71],"card_choices":[{"not_picked":["Creative AI","Machine Learning"],"picked":"Hyperbeam","floor":0},{"not_picked":["Gash","Compile Driver"],"picked":"Rebound","floor":1},{"not_picked":["Steam","Leap"],"picked":"Undo","floor":3},{"not_picked":["Compile Driver","Rebound"],"picked":"Hologram","floor":5},{"not_picked":["Blizzard","Hello World"],"picked":"Self Repair","floor":6},{"not_picked":["Double Energy","Ball Lightning","Chill"],"picked":"SKIP","floor":8},{"not_picked":["BootSequence","Loop"],"picked":"Beam Cell","floor":10},{"not_picked":["Rip and Tear","Chill"],"picked":"Seek","floor":12},{"not_picked":["Gash","Lockon"],"picked":"Recycle","floor":14},{"not_picked":["Streamline","Genetic Algorithm"],"picked":"Self Repair","floor":14},{"not_picked":["Conserve Battery","Steam+1","Beam Cell"],"picked":"SKIP","floor":18},{"not_picked":["Steam Power","Conserve Battery","Darkness"],"picked":"SKIP","floor":18},{"not_picked":["Coolheaded","Gash"],"picked":"Force Field","floor":22},{"not_picked":["Conserve Battery+1","Blizzard+1","Cold Snap"],"picked":"SKIP","floor":22},{"not_picked":["Ball Lightning","Defragment","Conserve Battery"],"picked":"SKIP","floor":23},{"not_picked":["Turbo","Hello World","Reprogram"],"picked":"SKIP","floor":25},{"not_picked":["Aggregate","Doom and Gloom+1","Ball Lightning+1"],"picked":"SKIP","floor":27},{"not_picked":["Go for the Eyes+1","Hologram","Rebound+1"],"picked":"SKIP","floor":28},{"not_picked":["Barrage+1","Ball Lightning+1","Beam Cell+1"],"picked":"SKIP","floor":28},{"not_picked":["Undo","Leap"],"picked":"Fission","floor":29},{"not_picked":["Turbo","Leap","Rebound+1"],"picked":"SKIP","floor":30},{"not_picked":["Melter+1","Thunder Strike+1","Double Energy"],"picked":"SKIP","floor":30},{"not_picked":["Go for the Eyes+1","Conserve Battery"],"picked":"Force Field","floor":31},{"not_picked":["Sweeping Beam+1","Melter+1","Beam Cell+1"],"picked":"SKIP","floor":31},{"not_picked":["Buffer","Creative AI"],"picked":"Echo Form","floor":33},{"not_picked":["Recycle+1"],"picked":"SKIP","floor":35},{"not_picked":["Scrape+1"],"picked":"SKIP","floor":35},{"not_picked":["Storm"],"picked":"SKIP","floor":37},{"not_picked":["Go for the Eyes+1"],"picked":"SKIP","floor":37},{"not_picked":["Gash+1"],"picked":"SKIP","floor":39},{"not_picked":["Ball Lightning+1"],"picked":"SKIP","floor":39},{"not_picked":["Leap"],"picked":"SKIP","floor":41},{"not_picked":["Auto Shields"],"picked":"SKIP","floor":44},{"not_picked":["Hologram+1"],"picked":"SKIP","floor":44},{"not_picked":["Scrape+1"],"picked":"SKIP","floor":47},{"not_picked":["Turbo"],"picked":"SKIP","floor":48},{"not_picked":["Hologram"],"picked":"SKIP","floor":48}],"player_experience":447309,"relics_obtained":[{"floor":4,"key":"PreservedInsect"},{"floor":6,"key":"Symbiotic Virus"},{"floor":8,"key":"Shuriken"},{"floor":9,"key":"Mummified Hand"},{"floor":12,"key":"Prayer Wheel"},{"floor":21,"key":"Meat on the Bone"},{"floor":23,"key":"Centennial Puzzle"},{"floor":25,"key":"Matryoshka"},{"floor":26,"key":"Orichalcum"},{"floor":26,"key":"Molten Egg 2"},{"floor":27,"key":"Lantern"},{"floor":29,"key":"Bronze Scales"},{"floor":41,"key":"War Paint"},{"floor":43,"key":"Bag of Marbles"},{"floor":43,"key":"Regal Pillow"},{"floor":45,"key":"Peace Pipe"},{"floor":47,"key":"Gremlin Horn"}],"event_choices":[{"damage_healed":0,"gold_gain":75,"player_choice":"Gather Gold","damage_taken":11,"max_hp_gain":0,"max_hp_loss":0,"event_name":"World of Goop","floor":2,"gold_loss":0},{"damage_healed":0,"gold_gain":100,"player_choice":"Pray","damage_taken":0,"max_hp_gain":0,"max_hp_loss":0,"event_name":"Golden Shrine","floor":19,"gold_loss":0},{"damage_healed":0,"gold_gain":0,"player_choice":"Copied","damage_taken":0,"max_hp_gain":0,"max_hp_loss":0,"event_name":"Duplicator","floor":36,"gold_loss":0,"cards_obtained":["Hyperbeam"]},{"damage_healed":0,"gold_gain":0,"player_choice":"Fight","damage_taken":0,"max_hp_gain":0,"max_hp_loss":0,"event_name":"Mysterious Sphere","floor":45,"gold_loss":0}],"is_beta":false,"boss_relics":[{"not_picked":["Sozu","Lizard Tail"],"picked":"Snecko Eye"},{"not_picked":["Nuclear Battery","Black Star"],"picked":"Busted Crown"}],"items_purged_floors":[13,20,38],"is_endless":false,"potions_floor_spawned":[3,8,12,14,22,27,29,30,31,37,44,45],"ascension_level":14}