{"gold_per_floor":[119,133,18,18,18,18,44,54,54,79,97,107,126,126,126,225,225,241,166,166,81,100,131,147,147,196,196,210,210,222,22,22,127,127,138,138,151,1,1,1,0,0,0,10,25,25,35,35,35,35],"floor_reached":51,"playtime":4673,"items_purged":["Strike_B"],"score":652,"play_id":"4d91fa61-6a52-4da3-acdb-c279485d1a62","local_time":"20190523210240","is_ascension_mode":false,"campfire_choices":[{"data":"Gash","floor":6.0,"key":"SMITH"},{"floor":15.0,"key":"REST"},{"floor":25.0,"key":"REST"},{"data":"Dualcast","floor":27.0,"key":"SMITH"},{"data":"Leap","floor":29,"key":"SMITH"},{"data":"Defend_B","floor":32,"key":"SMITH"},{"floor":40,"key":"REST"},{"floor":46,"key":"REST"},{"floor":49,"key":"REST"}],"neow_cost":"NONE","seed_source_timestamp":0,"circlet_count":0,"master_deck":["Strike_B","Defend_B","Defend_B+1","Defend_B","Defend_B+1","Zap+1","Dualcast+1","Beam Cell","Gash+1","Lockon","Leap+1","Go for the Eyes+1","Rip and Tear+1","Self Repair+1","All For One+1","Streamline+1","Rainbow","Gash+1","Rebound+1","Cold Snap+1","Rebound+1","Ball Lightning+1","Electrodynamics","Static Discharge","Madness","Madness","Gash+1","Defragment+1"],"special_seed":0,"relics":["Cracked Core","NeowsBlessing","Molten Egg 2","Matryoshka","Shuriken","Busted Crown","Unceasing Top","Question Card","Blue Candle","Omamori","Sling","Inserter","Juzu Bracelet","Red Mask","Frozen Egg 2","Art of War"],"potions_floor_usage":[33,33,47,50,50],"damage_taken":[{"damage":0.0,"enemies":"Small Slimes","floor":1.0,"turns":1.0},{"damage":0.0,"enemies":"2 Louse","floor":2.0,"turns":1.0},{"damage":0.0,"enemies":"Lagavulin","floor":7.0,"turns":1.0},{"damage":0.0,"enemies":"Cultist","floor":8.0,"turns":3.0},{"damage":15.0,"enemies":"3 Sentries","floor":10.0,"turns":8.0},{"damage":0.0,"enemies":"Large Slime","floor":11.0,"turns":4.0},{"damage":0.0,"enemies":"2 Fungi Beasts","floor":12.0,"turns":2.0},{"damage":10.0,"enemies":"Looter","floor":13.0,"turns":2.0},{"damage":25.0,"enemies":"Hexaghost","floor":16.0,"turns":8.0},{"damage":12.0,"enemies":"Shell Parasite","floor":18.0,"turns":3.0},{"damage":5.0,"enemies":"3 Byrds","floor":22.0,"turns":3.0},{"damage":21.0,"enemies":"Book of Stabbing","floor":23.0,"turns":5.0},{"damage":13.0,"enemies":"Snake Plant","floor":24.0,"turns":3.0},{"damage":4,"enemies":"3 Cultists","floor":28,"turns":3},{"damage":18,"enemies":"Shelled Parasite and Fungi","floor":30,"turns":3},{"damage":60,"enemies":"Automaton","floor":33,"turns":8},{"damage":31,"enemies":"3 Darklings","floor":35,"turns":4},{"damage":0,"enemies":"3 Shapes","floor":37,"turns":2},{"damage":28,"enemies":"Maw","floor":44,"turns":5},{"damage":21,"enemies":"4 Shapes","floor":45,"turns":3},{"damage":5,"enemies":"Transient","floor":47,"turns":5},{"damage":59,"enemies":"Awakened One","floor":50,"turns":8}],"seed_played":"-1230475762033458337","potions_obtained":[{"floor":1.0,"key":"Poison Potion"},{"floor":2.0,"key":"SpeedPotion"},{"floor":7.0,"key":"AttackPotion"},{"floor":13.0,"key":"EssenceOfSteel"},{"floor":16.0,"key":"Explosive Potion"},{"floor":18.0,"key":"Weak Potion"},{"floor":23.0,"key":"SpeedPotion"},{"floor":28,"key":"LiquidBronze"},{"floor":35,"key":"Fire Potion"},{"floor":37,"key":"Dexterity Potion"},{"floor":47,"key":"Block Potion"}],"is_trial":false,"path_per_floor":["M","M","$","?","?","R","E","M","T","E","M","M","M","?","R","B",null,"M","?","?","?","M","E","M","R","T","R","M","R","M","$","R","B",null,"M","?","M","$","?","R","?","$","T","M","M","R","M","?","R","B",null],"character_chosen":"DEFECT","items_purchased":["Lockon","Sling","Juzu Bracelet"],"campfire_rested":5,"item_purchase_floors":[3,31,38],"current_hp_per_floor":[75,75,75,60,60,60,60,60,60,45,45,52,49,49,71,56,75,73,73,73,73,75,64,51,73,73,73,75,75,67,67,67,17,75,44,35,35,35,35,57,57,57,57,39,28,50,55,55,75,26],"gold":35,"neow_bonus":"THREE_ENEMY_KILL","is_prod":false,"is_daily":false,"chose_seed":false,"campfire_upgraded":4,"win_rate":0.0,"timestamp":1558659760,"path_taken":["M","M","$","?","?","R","E","M","T","E","M","?","M","?","R","BOSS","M","?","?","?","M","E","M","R","T","R","M","R","M","?","R","BOSS","M","?","M","$","?","R","?","?","T","M","M","R","M","?","R","BOSS"],"build_version":"2019-01-23","purchased_purges":1,"victory":true,"max_hp_per_floor":[75,75,75,75,75,75,75,75,75,75,75,75,75,75,75,75,75,75,75,75,75,75,75,75,75,75,75,75,75,75,75,75,75,75,75,75,75,75,75,75,75,75,75,75,75,75,75,75,75,75],"card_choices":[{"not_picked":["Undo","Redo"],"picked":"Beam Cell","floor":1.0},{"not_picked":["Streamline","Sweeping Beam"],"picked":"Gash","floor":2.0},{"not_picked":["Storm","Stack"],"picked":"Leap","floor":7.0},{"not_picked":["Hello World","Tempest"],"picked":"Go for the Eyes+1","floor":8.0},{"not_picked":["Barrage+1","Hologram"],"picked":"Rip and Tear+1","floor":10.0},{"not_picked":["Steam","BootSequence"],"picked":"Self Repair","floor":11.0},{"not_picked":["Beam Cell+1","Barrage+1"],"picked":"All For One+1","floor":12.0},{"not_picked":["Steam","Recycle"],"picked":"Streamline+1","floor":13.0},{"not_picked":["Hyperbeam+1","Seek"],"picked":"Rainbow","floor":16.0},{"not_picked":[],"picked":"Gash+1","floor":18.0},{"not_picked":[],"picked":"Rebound+1","floor":22.0},{"not_picked":["Cold Snap+1"],"picked":"SKIP","floor":23.0},{"not_picked":["Barrage+1"],"picked":"Cold Snap+1","floor":24.0},{"not_picked":["Barrage+1"],"picked":"Rebound+1","floor":28},{"not_picked":["Barrage+1"],"picked":"Ball Lightning+1","floor":30},{"not_picked":["Buffer"],"picked":"Electrodynamics","floor":33},{"not_picked":["Reprogram+1"],"picked":"Static Discharge","floor":35},{"not_picked":["Blizzard+1"],"picked":"Gash+1","floor":37},{"not_picked":["Hologram+1","Coolheaded"],"picked":"SKIP","floor":44},{"not_picked":["Turbo+1","Rip and Tear+1"],"picked":"SKIP","floor":45},{"not_picked":["Turbo"],"picked":"Defragment+1","floor":47}],"player_experience":909817,"relics_obtained":[{"floor":7.0,"key":"Molten Egg 2"},{"floor":9.0,"key":"Matryoshka"},{"floor":10.0,"key":"Shuriken"},{"floor":23.0,"key":"Question Card"},{"floor":26.0,"key":"Blue Candle"},{"floor":26.0,"key":"Omamori"},{"floor":43,"key":"Frozen Egg 2"},{"floor":43,"key":"Art of War"}],"event_choices":[{"damage_healed":0.0,"max_hp_gain":0.0,"max_hp_loss":0.0,"gold_gain":0.0,"event_name":"Shining Light","player_choice":"Entered Light","floor":4.0,"gold_loss":0.0,"damage_taken":15.0,"cards_upgraded":["Defend_B","Zap"]},{"cards_removed":["Strike_B"],"damage_healed":0.0,"max_hp_gain":0.0,"max_hp_loss":0.0,"gold_gain":0.0,"event_name":"Purifier","player_choice":"Purged","floor":5.0,"gold_loss":0.0,"damage_taken":0.0},{"damage_healed":0.0,"max_hp_gain":0.0,"max_hp_loss":0.0,"gold_gain":0.0,"event_name":"Living Wall","player_choice":"Grow","floor":14.0,"gold_loss":0.0,"damage_taken":0.0,"cards_upgraded":["Self Repair"]},{"cards_removed":["Strike_B"],"damage_healed":0.0,"max_hp_gain":0.0,"max_hp_loss":0.0,"gold_gain":0.0,"event_name":"Beggar","player_choice":"Gave Gold","floor":19.0,"gold_loss":75.0,"damage_taken":0.0},{"damage_healed":0.0,"max_hp_gain":0.0,"max_hp_loss":0.0,"gold_gain":0.0,"event_name":"Ghosts","player_choice":"Ignored","floor":20.0,"gold_loss":0.0,"damage_taken":0.0},{"damage_healed":0.0,"max_hp_gain":0.0,"max_hp_loss":0.0,"gold_gain":0.0,"event_name":"Addict","player_choice":"Obtained Relic","floor":21.0,"gold_loss":85.0,"damage_taken":0.0,"relics_obtained":["Unceasing Top"]},{"damage_healed":0,"gold_gain":0,"player_choice":"Embrace Madness","damage_taken":9,"max_hp_gain":0,"max_hp_loss":0,"event_name":"Winding Halls","floor":36,"gold_loss":0,"cards_obtained":["Madness","Madness"]},{"damage_healed":0,"gold_gain":0,"player_choice":"Ignored","damage_taken":0,"max_hp_gain":0,"max_hp_loss":0,"event_name":"The Moai Head","floor":39,"gold_loss":0},{"damage_healed":0,"gold_gain":0,"player_choice":"Paid","damage_taken":0,"relics_obtained":["Red Mask"],"max_hp_gain":0,"max_hp_loss":0,"event_name":"Tomb of Lord Red Mask","floor":41,"gold_loss":1},{"damage_healed":0,"gold_gain":0,"player_choice":"Ignored","damage_taken":0,"max_hp_gain":0,"max_hp_loss":0,"event_name":"Mysterious Sphere","floor":48,"gold_loss":0}],"is_beta":false,"boss_relics":[{"not_picked":["Eternal Feather","Runic Dome"],"picked":"Busted Crown"},{"not_picked":["Lizard Tail","Empty Cage"],"picked":"Inserter"}],"items_purged_floors":[3],"is_endless":false,"potions_floor_spawned":[1,2,7,10,13,16,18,23,28,35,37,47],"ascension_level":0}