{"gold_per_floor":[362,382,382,11,27,52,52,52,133,159,159,159,159,179,179,274,274,288,288,48,48,48,76,76,96,122,122,122,122,37,72,72,170,170,183,183,30,43,118,132,166,182,205,227,239,251,36,53,53,53],"floor_reached":51,"playtime":2853,"items_purged":["Sweeping Beam"],"score":952,"play_id":"aee57370-c897-45f7-8b82-fdeab7d9a6e4","local_time":"20190515202523","is_ascension_mode":true,"campfire_choices":[{"floor":8,"key":"REST"},{"data":"Zap","floor":11,"key":"SMITH"},{"data":"Capacitor","floor":13,"key":"SMITH"},{"data":"Blizzard","floor":15,"key":"SMITH"},{"data":"Apotheosis","floor":27,"key":"SMITH"},{"floor":29,"key":"REST"},{"data":"Defragment","floor":32,"key":"SMITH"},{"floor":46,"key":"REST"},{"floor":49,"key":"REST"}],"neow_cost":"PERCENT_DAMAGE","seed_source_timestamp":1013449300966000,"circlet_count":0,"master_deck":["Zap+1","Dualcast+1","Glacier","Capacitor+1","Dark Shackles","Cold Snap","Glacier","Blizzard+1","Creative AI","Electrodynamics","Echo Form","Steam","Reprogram","Stack","Storm","Apotheosis+1","Defragment+1","Blizzard","Buffer+1","Steam+1","Chill","Cold Snap","BootSequence"],"relics":["Cracked Core","Lee\u0027s Waffle","Oddly Smooth Stone","Pantograph","Bag of Marbles","Pandora\u0027s Box","Frozen Egg 2","Letter Opener","Ancient Tea Set","Matryoshka","Cables","Du-Vu Doll","Inserter","Bronze Scales","Centennial Puzzle","Question Card","MawBank","Omamori","Lantern"],"potions_floor_usage":[18,18,23,33,38,50],"damage_taken":[{"damage":2,"enemies":"Jaw Worm","floor":1,"turns":4},{"damage":1,"enemies":"Cultist","floor":2,"turns":4},{"damage":0,"enemies":"Small Slimes","floor":5,"turns":4},{"damage":51,"enemies":"Gremlin Nob","floor":6,"turns":7},{"damage":4,"enemies":"Lagavulin","floor":10,"turns":12},{"damage":0,"enemies":"Blue Slaver","floor":14,"turns":5},{"damage":7,"enemies":"The Guardian","floor":16,"turns":12},{"damage":0,"enemies":"2 Thieves","floor":18,"turns":2},{"damage":35,"enemies":"Book of Stabbing","floor":23,"turns":8},{"damage":9,"enemies":"Shell Parasite","floor":25,"turns":5},{"damage":0,"enemies":"Gremlin Leader","floor":31,"turns":5},{"damage":20,"enemies":"Collector","floor":33,"turns":7},{"damage":30,"enemies":"3 Darklings","floor":35,"turns":3},{"damage":5,"enemies":"Orb Walker","floor":38,"turns":4},{"damage":12,"enemies":"Maw","floor":40,"turns":8},{"damage":18,"enemies":"Reptomancer","floor":41,"turns":7},{"damage":11,"enemies":"Sphere and 2 Shapes","floor":42,"turns":4},{"damage":0,"enemies":"4 Shapes","floor":44,"turns":4},{"damage":8,"enemies":"Jaw Worm Horde","floor":48,"turns":4},{"damage":12,"enemies":"Time Eater","floor":50,"turns":13}],"seed_played":"3486958729258938854","potions_obtained":[{"floor":6,"key":"Block Potion"},{"floor":14,"key":"Strength Potion"},{"floor":16,"key":"AttackPotion"},{"floor":18,"key":"Swift Potion"},{"floor":23,"key":"Fruit Juice"},{"floor":35,"key":"Regen Potion"},{"floor":41,"key":"SteroidPotion"},{"floor":48,"key":"Poison Potion"}],"is_trial":false,"path_per_floor":["M","M","?","$","M","E","?","R","T","E","R","?","R","M","R","B",null,"M","?","$","?","$","E","?","M","T","R","T","R","?","E","R","B",null,"M","?","$","M","?","M","E","M","T","M","?","R","$","M","R","B",null],"character_chosen":"DEFECT","items_purchased":["Capacitor","Dark Shackles","Lee\u0027s Waffle","Apotheosis","Defragment","Bronze Scales","Lantern"],"campfire_rested":4,"item_purchase_floors":[4,4,4,20,20,37,47],"current_hp_per_floor":[48,47,47,82,82,31,24,48,48,44,44,44,44,44,44,62,77,77,77,77,77,77,47,47,38,38,38,38,64,64,64,64,67,82,52,52,52,61,53,41,23,12,12,12,12,38,38,30,56,69],"gold":53,"neow_bonus":"TWO_FIFTY_GOLD","is_prod":false,"is_daily":false,"chose_seed":false,"campfire_upgraded":5,"win_rate":0,"timestamp":1557977123,"path_taken":["M","M","?","$","?","E","?","R","T","E","R","?","R","M","R","BOSS","M","?","$","?","$","E","?","M","T","R","?","R","?","E","R","BOSS","M","?","$","M","?","M","E","?","T","M","?","R","$","M","R","BOSS"],"build_version":"2019-01-23","purchased_purges":1,"victory":true,"max_hp_per_floor":[75,75,75,82,82,82,82,82,82,82,82,82,82,82,82,82,82,82,82,82,82,82,87,87,87,87,87,87,87,87,87,87,87,87,87,87,87,87,87,87,87,87,87,87,87,87,87,87,87,87],"card_choices":[{"not_picked":["Go for the Eyes","Hologram"],"picked":"Sweeping Beam","floor":1},{"not_picked":["Steam","Rebound"],"picked":"Glacier","floor":2},{"not_picked":["Sweeping Beam","Streamline"],"picked":"Cold Snap","floor":5},{"not_picked":["Chaos","Streamline"],"picked":"Glacier","floor":6},{"not_picked":["Steam","Darkness","Go for the Eyes"],"picked":"SKIP","floor":10},{"not_picked":["Compile Driver","Reboot"],"picked":"Blizzard","floor":14},{"not_picked":["Reboot","Biased Cognition"],"picked":"Creative AI","floor":16},{"not_picked":["Fusion","Steam+1","Sweeping Beam"],"picked":"SKIP","floor":18},{"not_picked":["Streamline","Gash","Hyperbeam"],"picked":"SKIP","floor":23},{"not_picked":["Glacier+1","Heatsinks+1"],"picked":"Blizzard","floor":25},{"not_picked":["Skim","Thunder Strike","Gash+1"],"picked":"SKIP","floor":31},{"not_picked":["Skim","Thunder Strike","Gash+1"],"picked":"SKIP","floor":31},{"not_picked":["Meteor Strike","Thunder Strike"],"picked":"Buffer+1","floor":33},{"not_picked":["Conserve Battery+1","Beam Cell","Turbo+1"],"picked":"SKIP","floor":35},{"not_picked":["All For One","Capacitor+1"],"picked":"Steam+1","floor":38},{"not_picked":["Chaos","Rebound"],"picked":"Chill","floor":40},{"not_picked":["Defragment+1","Turbo"],"picked":"Cold Snap","floor":41},{"not_picked":["Stack","Core Surge"],"picked":"BootSequence","floor":42},{"not_picked":["Go for the Eyes+1","Sweeping Beam+1","Leap+1","FTL+1"],"picked":"SKIP","floor":44},{"not_picked":["Recycle","Ball Lightning","Go for the Eyes+1","Steam+1"],"picked":"SKIP","floor":48}],"player_experience":316138,"relics_obtained":[{"floor":6,"key":"Oddly Smooth Stone"},{"floor":9,"key":"Pantograph"},{"floor":10,"key":"Bag of Marbles"},{"floor":23,"key":"Frozen Egg 2"},{"floor":26,"key":"Ancient Tea Set"},{"floor":28,"key":"Matryoshka"},{"floor":31,"key":"Du-Vu Doll"},{"floor":41,"key":"Centennial Puzzle"},{"floor":43,"key":"Question Card"},{"floor":43,"key":"MawBank"}],"event_choices":[{"damage_healed":0,"gold_gain":0,"player_choice":"Bought 0 Potions","damage_taken":0,"max_hp_gain":0,"max_hp_loss":0,"event_name":"The Woman in Blue","floor":3,"gold_loss":0},{"cards_removed":["Defend_B"],"damage_healed":0,"gold_gain":0,"player_choice":"Card Removal","damage_taken":7,"max_hp_gain":0,"max_hp_loss":0,"event_name":"Golden Wing","floor":7,"gold_loss":0},{"damage_healed":0,"gold_gain":0,"player_choice":"Grow","damage_taken":0,"max_hp_gain":0,"max_hp_loss":0,"event_name":"Living Wall","floor":12,"gold_loss":0,"cards_upgraded":["Dualcast"]},{"damage_healed":0,"gold_gain":0,"player_choice":"Ignored","damage_taken":0,"max_hp_gain":0,"max_hp_loss":0,"event_name":"Vampires","floor":19,"gold_loss":0},{"cards_removed":["Heatsinks"],"damage_healed":0,"gold_gain":0,"player_choice":"Elegance","damage_taken":0,"max_hp_gain":0,"max_hp_loss":0,"event_name":"Back to Basics","floor":21,"gold_loss":0},{"damage_healed":0,"gold_gain":0,"player_choice":"Opened","damage_taken":0,"relics_obtained":["Letter Opener"],"max_hp_gain":0,"max_hp_loss":0,"event_name":"The Mausoleum","floor":24,"gold_loss":0},{"damage_healed":0,"gold_gain":0,"player_choice":"Obtained Relic","damage_taken":0,"relics_obtained":["Cables"],"max_hp_gain":0,"max_hp_loss":0,"event_name":"Addict","floor":30,"gold_loss":85},{"damage_healed":0,"gold_gain":0,"player_choice":"Memory 1","damage_taken":0,"max_hp_gain":0,"max_hp_loss":0,"event_name":"SensoryStone","floor":36,"gold_loss":0},{"damage_healed":0,"gold_gain":75,"player_choice":"Touch","damage_taken":8,"max_hp_gain":0,"max_hp_loss":0,"event_name":"FaceTrader","floor":39,"gold_loss":0},{"damage_healed":0,"gold_gain":0,"player_choice":"Gave Potion","damage_taken":0,"relics_obtained":["Omamori"],"max_hp_gain":0,"max_hp_loss":0,"event_name":"WeMeetAgain","floor":45,"gold_loss":0}],"is_beta":false,"boss_relics":[{"not_picked":["Ectoplasm","Fusion Hammer"],"picked":"Pandora\u0027s Box"},{"not_picked":["Astrolabe","Orrery"],"picked":"Inserter"}],"items_purged_floors":[47],"is_endless":false,"potions_floor_spawned":[6,14,16,18,23,35,41,48],"ascension_level":6}