{"gold_per_floor":[113,113,113,113,131,156,156,167,193,193,268,268,336,31,31,31],"floor_reached":16,"playtime":767,"items_purged":[],"score":120,"play_id":"2349c44b-f0f1-4a41-918f-30527a9a8ddf","local_time":"20190514182154","is_ascension_mode":true,"campfire_choices":[{"floor":7,"key":"REST"},{"floor":10,"key":"REST"},{"data":"Defend_G","floor":15,"key":"PURGE"}],"neow_cost":"NONE","seed_source_timestamp":921729382139300,"circlet_count":0,"master_deck":["Defend_G","Defend_G","Defend_G","Defend_G","Strike_G","Strike_G","Survivor","Neutralize","Heel Hook","Masterful Stab","Finisher"],"relics":["Ring of the Snake","Orichalcum","Bag of Marbles","Strawberry","Bottled Lightning","Peace Pipe"],"potions_floor_usage":[16],"damage_taken":[{"damage":18,"enemies":"Cultist","floor":1,"turns":6},{"damage":0,"enemies":"Small Slimes","floor":5,"turns":5},{"damage":34,"enemies":"3 Sentries","floor":6,"turns":16},{"damage":0,"enemies":"2 Louse","floor":8,"turns":3},{"damage":65,"enemies":"The Guardian","floor":16,"turns":12}],"seed_played":"6037392543898997445","potions_obtained":[{"floor":6,"key":"Swift Potion"},{"floor":8,"key":"Ancient Potion"}],"is_trial":false,"path_per_floor":["M","?","?","?","M","E","R","M","T","R","?","?","T","$","R","B"],"character_chosen":"THE_SILENT","items_purchased":["Peace Pipe"],"campfire_rested":2,"item_purchase_floors":[14],"current_hp_per_floor":[52,45,45,45,45,11,32,32,39,62,51,44,44,44,44,0],"gold":31,"neow_bonus":"REMOVE_CARD","is_prod":false,"is_daily":false,"chose_seed":false,"campfire_upgraded":0,"win_rate":0,"timestamp":1557883314,"path_taken":["M","?","?","?","?","E","R","M","T","R","?","?","?","$","R","BOSS"],"build_version":"2019-01-23","purchased_purges":0,"victory":false,"max_hp_per_floor":[70,70,70,70,70,70,70,70,77,77,77,77,77,77,77,77],"card_choices":[{"not_picked":["Poisoned Stab","Calculated Gamble"],"picked":"Heel Hook","floor":1},{"not_picked":["Cloak And Dagger","Sucker Punch"],"picked":"Masterful Stab","floor":5},{"not_picked":["Infinite Blades","Dagger Throw"],"picked":"Finisher","floor":6},{"not_picked":["Blade Dance","Leg Sweep","Sucker Punch"],"picked":"SKIP","floor":8}],"player_experience":302153,"relics_obtained":[{"floor":6,"key":"Bag of Marbles"},{"floor":9,"key":"Strawberry"},{"floor":13,"key":"Bottled Lightning"}],"event_choices":[{"damage_healed":0,"gold_gain":0,"player_choice":"Success","damage_taken":7,"relics_obtained":["Orichalcum"],"max_hp_gain":0,"max_hp_loss":0,"event_name":"Scrap Ooze","floor":2,"gold_loss":0},{"cards_removed":["Strike_G"],"damage_healed":0,"gold_gain":0,"player_choice":"Forget","damage_taken":0,"max_hp_gain":0,"max_hp_loss":0,"event_name":"Living Wall","floor":3,"gold_loss":0},{"damage_healed":0,"gold_gain":0,"player_choice":"Bought 0 Potions","damage_taken":0,"max_hp_gain":0,"max_hp_loss":0,"event_name":"The Woman in Blue","floor":4,"gold_loss":0},{"damage_healed":0,"gold_gain":75,"player_choice":"Gather Gold","damage_taken":11,"max_hp_gain":0,"max_hp_loss":0,"event_name":"World of Goop","floor":11,"gold_loss":0},{"cards_removed":["Strike_G"],"damage_healed":0,"gold_gain":0,"player_choice":"Card Removal","damage_taken":7,"max_hp_gain":0,"max_hp_loss":0,"event_name":"Golden Wing","floor":12,"gold_loss":0}],"is_beta":false,"boss_relics":[],"items_purged_floors":[],"is_endless":false,"potions_floor_spawned":[6,8],"killed_by":"The Guardian","ascension_level":5}