{"gold_per_floor":[110,110,122,47,47,47,65,99,170,170,190,50,79,108,108,182,182,194,104,104,119,119,119,131,131,154,154,29,29,29,59,59,133,133,148,160,260,260],"floor_reached":38,"playtime":1894,"items_purged":["Strike_R","Defend_R","Strike_R"],"score":846,"play_id":"a6a5bbc7-0629-4a79-9ae1-2e59c895a873","local_time":"20190524212017","is_ascension_mode":true,"campfire_choices":[{"data":"Rampage","floor":6.0,"key":"SMITH"},{"data":"Bash","floor":10.0,"key":"SMITH"},{"floor":15.0,"key":"REST"},{"data":"Warcry","floor":23,"key":"SMITH"},{"data":"True Grit","floor":25,"key":"SMITH"},{"floor":27,"key":"REST"},{"data":"Defend_R","floor":29,"key":"SMITH"},{"data":"Impatience","floor":32,"key":"SMITH"}],"neow_cost":"NONE","seed_source_timestamp":615788860875853,"circlet_count":0,"master_deck":["AscendersBane","Strike_R","Defend_R+1","Bash+1","Burning Pact","Rampage+1","Shrug It Off","Headbutt","Shrug It Off","Evolve","True Grit+1","Offering","Warcry+1","Impatience+1","Bloodletting","Clothesline","Impervious"],"special_seed":0,"relics":["Burning Blood","Regal Pillow","Sundial","Kunai","Odd Mushroom","Bag of Preparation","Empty Cage","Lantern","Blood Vial","Eternal Feather","Gambling Chip"],"potions_floor_usage":[36,38],"damage_taken":[{"damage":4.0,"enemies":"Small Slimes","floor":1.0,"turns":4.0},{"damage":1.0,"enemies":"Cultist","floor":3.0,"turns":3.0},{"damage":2.0,"enemies":"Jaw Worm","floor":7.0,"turns":4.0},{"damage":49.0,"enemies":"3 Sentries","floor":8.0,"turns":12.0},{"damage":5.0,"enemies":"Exordium Wildlife","floor":11.0,"turns":4.0},{"damage":25.0,"enemies":"The Mushroom Lair","floor":13.0,"turns":4.0},{"damage":4.0,"enemies":"Lagavulin","floor":14.0,"turns":7.0},{"damage":26,"enemies":"Hexaghost","floor":16,"turns":9},{"damage":18,"enemies":"Chosen","floor":18,"turns":4},{"damage":24,"enemies":"2 Thieves","floor":21,"turns":5},{"damage":23,"enemies":"Centurion and Healer","floor":24,"turns":7},{"damage":12,"enemies":"Gremlin Leader","floor":31,"turns":4},{"damage":83,"enemies":"Automaton","floor":33,"turns":8},{"damage":9,"enemies":"Orb Walker","floor":35,"turns":3},{"damage":25,"enemies":"3 Darklings","floor":36,"turns":4},{"damage":6,"enemies":"Mind Bloom Boss Battle","floor":37,"turns":5},{"damage":49,"enemies":"Writhing Mass","floor":38,"turns":4}],"seed_played":"369809001464096486","potions_obtained":[{"floor":1.0,"key":"SteroidPotion"},{"floor":8.0,"key":"Strength Potion"},{"floor":11.0,"key":"FairyPotion"},{"floor":18,"key":"SpeedPotion"},{"floor":33,"key":"AttackPotion"},{"floor":36,"key":"Energy Potion"}],"is_trial":false,"path_per_floor":["M","?","M","$","$","R","M","E","T","R","M","$","?","E","R","B",null,"M","$","?","M","?","R","M","R","T","R","$","R","?","E","R","B",null,"M","M","?","M"],"character_chosen":"IRONCLAD","items_purchased":["Evolve","Impatience"],"campfire_rested":2,"item_purchase_floors":[12,19],"current_hp_per_floor":[70,70,75,75,75,75,75,32,32,32,33,33,14,16,53,33,65,53,53,53,35,50,50,33,33,33,70,70,70,70,64,64,13,60,59,42,44,0],"gold":260,"neow_bonus":"TRANSFORM_CARD","is_prod":false,"is_daily":false,"chose_seed":false,"campfire_upgraded":6,"win_rate":0,"timestamp":1558725617,"path_taken":["M","?","?","?","$","R","M","E","T","R","M","$","?","E","R","BOSS","M","$","?","M","?","R","?","R","T","R","?","R","?","E","R","BOSS","M","?","?","M"],"build_version":"2019-01-23","purchased_purges":3,"victory":false,"max_hp_per_floor":[75,75,75,75,75,75,75,75,75,75,75,75,75,75,75,75,75,75,75,75,75,75,75,75,75,75,75,75,75,75,75,75,75,75,75,75,75,75],"card_choices":[{"not_picked":["Searing Blow","Clash"],"picked":"Rampage","floor":1.0},{"not_picked":["Inflame","Infernal Blade"],"picked":"Shrug It Off","floor":3.0},{"not_picked":["Flex","Perfected Strike","Power Through"],"picked":"SKIP","floor":7.0},{"not_picked":["Infernal Blade","Cleave"],"picked":"Headbutt","floor":8.0},{"not_picked":["True Grit","Sword Boomerang"],"picked":"Shrug It Off","floor":11.0},{"not_picked":["Twin Strike","Hemokinesis"],"picked":"True Grit","floor":13.0},{"not_picked":["Combust","Juggernaut","Intimidate"],"picked":"SKIP","floor":14.0},{"not_picked":["Reaper","Bludgeon"],"picked":"Offering","floor":16},{"not_picked":["Twin Strike","Intimidate"],"picked":"Warcry","floor":18},{"not_picked":["Infernal Blade","Clothesline"],"picked":"Bloodletting","floor":21},{"not_picked":["Sever Soul","Thunderclap","Armaments+1"],"picked":"SKIP","floor":24},{"not_picked":["Fiend Fire","Sword Boomerang","Hemokinesis"],"picked":"SKIP","floor":31},{"not_picked":["Exhume","Double Tap"],"picked":"Impervious","floor":33},{"not_picked":["Perfected Strike","Cleave","Blood for Blood"],"picked":"SKIP","floor":35},{"not_picked":["Cleave","Pommel Strike+1","Infernal Blade"],"picked":"SKIP","floor":36}],"player_experience":388065,"relics_obtained":[{"floor":8.0,"key":"Sundial"},{"floor":9.0,"key":"Kunai"},{"floor":13.0,"key":"Odd Mushroom"},{"floor":14.0,"key":"Bag of Preparation"},{"floor":26,"key":"Lantern"},{"floor":31,"key":"Blood Vial"},{"floor":37,"key":"Gambling Chip"}],"event_choices":[{"damage_healed":0.0,"max_hp_gain":0.0,"max_hp_loss":0.0,"gold_gain":0.0,"event_name":"WeMeetAgain","player_choice":"Gave Potion","floor":2.0,"gold_loss":0.0,"damage_taken":0.0,"relics_obtained":["Regal Pillow"]},{"damage_healed":0.0,"max_hp_gain":0.0,"max_hp_loss":0.0,"gold_gain":0.0,"event_name":"Mushrooms","player_choice":"Fought Mushrooms","floor":13.0,"gold_loss":0.0,"damage_taken":0.0},{"damage_healed":0,"gold_gain":0,"player_choice":"Ignored","damage_taken":0,"max_hp_gain":0,"max_hp_loss":0,"event_name":"The Mausoleum","floor":20,"gold_loss":0},{"damage_healed":15,"gold_gain":0,"player_choice":"Heal","damage_taken":0,"max_hp_gain":0,"max_hp_loss":0,"event_name":"The Library","floor":22,"gold_loss":0},{"damage_healed":0,"gold_gain":0,"cards_transformed":["Strike_R"],"player_choice":"Transformed","damage_taken":0,"max_hp_gain":0,"max_hp_loss":0,"event_name":"Transmorgrifier","floor":30,"gold_loss":0,"cards_obtained":["Clothesline"]},{"damage_healed":0,"gold_gain":0,"player_choice":"Fight","damage_taken":0,"max_hp_gain":0,"max_hp_loss":0,"event_name":"MindBloom","floor":37,"gold_loss":0}],"is_beta":false,"boss_relics":[{"not_picked":["Pandora\u0027s Box","Orrery"],"picked":"Empty Cage"},{"not_picked":["Philosopher\u0027s Stone","Lizard Tail"],"picked":"Eternal Feather"}],"items_purged_floors":[4,12,28],"is_endless":false,"potions_floor_spawned":[1,8,11,18,31,33,36],"killed_by":"Writhing Mass","ascension_level":20}