{"gold_per_floor":[111,111,111,130,130,157,177,177,177,206,222,241,241,251,251,356,356,371,371,389,406,406,406,423,439,492,492,503,169,79,94,94,94],"floor_reached":33,"playtime":3786,"items_purged":["Strike_G"],"score":311,"play_id":"a835a376-ee48-4bc2-a8b5-c4c110d79507","local_time":"20190628205609","is_ascension_mode":false,"campfire_choices":[{"data":"Blade Dance","floor":13,"key":"SMITH"},{"floor":15,"key":"REST"},{"floor":23,"key":"REST"},{"floor":32,"key":"REST"}],"neow_cost":"NONE","seed_source_timestamp":1594274201469,"circlet_count":0,"master_deck":["Defend_G","Defend_G","Defend_G","Defend_G","Defend_G","Strike_G","Strike_G","Survivor","Neutralize","Calculated Gamble","Backflip","Flying Knee","Dagger Throw","Glass Knife","Heel Hook+1","Blade Dance+1","Acrobatics","Backstab+1","Sucker Punch+1","Dagger Throw+1","Deadly Poison","Unload+1","Sucker Punch+1","Bane+1","Terror","Poisoned Stab+1","Underhanded Strike+1","Blade Dance+1","Endless Agony+1","Tools of the Trade","Neutralize+1","Escape Plan+1","Finisher+1","Adrenaline","Flying Knee+1","Prepared","Sucker Punch+1","Deflect","Distraction+1","Flying Knee+1","Deflect","Blade Dance+1","Endless Agony+1"],"relics":["Ring of the Snake","NeowsBlessing","Prayer Wheel","Molten Egg 2","Snake Skull","Orrery","Pen Nib","Bottled Lightning"],"potions_floor_usage":[31,31],"damage_taken":[{"damage":0,"enemies":"Small Slimes","floor":1,"turns":1},{"damage":0,"enemies":"2 Louse","floor":4,"turns":1},{"damage":0,"enemies":"Gremlin Nob","floor":6,"turns":1},{"damage":8,"enemies":"Jaw Worm","floor":7,"turns":6},{"damage":23,"enemies":"Lagavulin","floor":10,"turns":8},{"damage":3,"enemies":"3 Louse","floor":11,"turns":3},{"damage":8,"enemies":"Gremlin Gang","floor":12,"turns":4},{"damage":2,"enemies":"Looter","floor":14,"turns":2},{"damage":24,"enemies":"Slime Boss","floor":16,"turns":7},{"damage":22,"enemies":"Spheric Guardian","floor":18,"turns":4},{"damage":2,"enemies":"Chosen","floor":20,"turns":4},{"damage":25,"enemies":"Snake Plant","floor":21,"turns":3},{"damage":25,"enemies":"Sentry and Sphere","floor":24,"turns":4},{"damage":6,"enemies":"Cultist and Chosen","floor":25,"turns":4},{"damage":12,"enemies":"Chosen and Byrds","floor":28,"turns":4},{"damage":1,"enemies":"Snecko","floor":31,"turns":3},{"damage":28,"enemies":"Automaton","floor":33,"turns":4}],"seed_played":"92320027830059877","potions_obtained":[{"floor":1,"key":"GhostInAJar"},{"floor":6,"key":"AttackPotion"},{"floor":12,"key":"FearPotion"},{"floor":31,"key":"Energy Potion"}],"is_trial":false,"path_per_floor":["M","$","?","M","?","E","M","?","T","E","M","M","R","M","R","B",null,"M","?","M","M","?","R","M","M","T","?","M","$","?","M","R","B"],"character_chosen":"THE_SILENT","items_purchased":["Bottled Lightning"],"campfire_rested":3,"item_purchase_floors":[29],"current_hp_per_floor":[70,70,75,75,75,75,67,67,67,44,41,33,33,31,53,29,75,53,53,51,26,26,48,23,17,17,17,5,5,5,4,26,0],"gold":94,"neow_bonus":"THREE_ENEMY_KILL","is_prod":false,"is_daily":false,"chose_seed":false,"campfire_upgraded":1,"win_rate":0.0,"timestamp":1561726569,"path_taken":["M","$","?","M","?","E","M","?","T","E","?","M","R","M","R","BOSS","M","?","M","?","?","R","?","M","T","?","M","$","?","M","R","BOSS"],"build_version":"2019-01-23","purchased_purges":1,"victory":false,"max_hp_per_floor":[70,70,75,75,75,75,75,75,75,75,75,75,75,75,75,75,75,75,75,75,75,75,75,75,75,75,75,75,75,75,75,75,75],"card_choices":[{"not_picked":["Distraction","Skewer"],"picked":"Calculated Gamble","floor":1},{"not_picked":["Deflect","Caltrops"],"picked":"Backflip","floor":4},{"not_picked":["Backflip","Deflect"],"picked":"Flying Knee","floor":6},{"not_picked":["Deflect","Dash"],"picked":"Outmaneuver","floor":7},{"not_picked":["Deadly Poison","Bouncing Flask"],"picked":"Dagger Throw","floor":7},{"not_picked":["Dodge and Roll","PiercingWail"],"picked":"Heel Hook+1","floor":10},{"not_picked":["Caltrops","Bullet Time"],"picked":"Blade Dance","floor":11},{"not_picked":["Dagger Spray+1","Slice+1"],"picked":"Acrobatics","floor":11},{"not_picked":["Calculated Gamble","Dagger Spray+1"],"picked":"Backstab+1","floor":12},{"not_picked":["Bane+1","Glass Knife+1"],"picked":"Sucker Punch+1","floor":12},{"not_picked":["Heel Hook+1","Blade Dance"],"picked":"Dagger Throw+1","floor":14},{"not_picked":["Terror","Underhanded Strike+1"],"picked":"Deadly Poison","floor":14},{"not_picked":["Adrenaline","Burst"],"picked":"Unload+1","floor":16},{"not_picked":["Riddle With Holes+1","Quick Slash+1"],"picked":"Sucker Punch+1","floor":17},{"not_picked":["Calculated Gamble","Distraction"],"picked":"Bane+1","floor":17},{"not_picked":["Masterful Stab+1","Caltrops"],"picked":"Terror","floor":17},{"not_picked":["Terror","Calculated Gamble"],"picked":"Poisoned Stab+1","floor":17},{"not_picked":["Backflip","All Out Attack+1"],"picked":"Underhanded Strike+1","floor":17},{"not_picked":["Dagger Spray+1","Prepared"],"picked":"Blade Dance","floor":18},{"not_picked":["Outmaneuver","Flechettes+1"],"picked":"Endless Agony+1","floor":18},{"not_picked":["Footwork+1","Sucker Punch+1"],"picked":"Escape Plan+1","floor":20},{"not_picked":["Blur","Outmaneuver"],"picked":"Finisher+1","floor":20},{"not_picked":["Choke+1","Deflect"],"picked":"Adrenaline","floor":21},{"not_picked":["Outmaneuver","Dagger Throw+1"],"picked":"Flying Knee+1","floor":21},{"not_picked":["Riddle With Holes+1","Deadly Poison"],"picked":"Prepared","floor":24},{"not_picked":["Deadly Poison","Dagger Spray+1"],"picked":"Sucker Punch+1","floor":24},{"not_picked":["Blur","PiercingWail"],"picked":"Deflect","floor":25},{"not_picked":["Blade Dance","Sucker Punch+1"],"picked":"Distraction+1","floor":25},{"not_picked":["Poisoned Stab+1","Malaise"],"picked":"Flying Knee+1","floor":28},{"not_picked":["Sucker Punch+1","Expertise"],"picked":"Deflect","floor":28},{"not_picked":["Bouncing Flask+1","Slice+1"],"picked":"Blade Dance+1","floor":31},{"not_picked":["Footwork","Deadly Poison+1"],"picked":"Endless Agony+1","floor":31}],"player_experience":24228,"relics_obtained":[{"floor":6,"key":"Prayer Wheel"},{"floor":9,"key":"Molten Egg 2"},{"floor":10,"key":"Snake Skull"},{"floor":26,"key":"Pen Nib"}],"event_choices":[{"damage_healed":0,"gold_gain":0,"player_choice":"Donut","damage_taken":0,"max_hp_gain":5,"max_hp_loss":0,"event_name":"Big Fish","floor":3,"gold_loss":0},{"damage_healed":0,"gold_gain":0,"player_choice":"Ignored","damage_taken":0,"max_hp_gain":0,"max_hp_loss":0,"event_name":"Golden Idol","floor":5,"gold_loss":0},{"damage_healed":0,"gold_gain":0,"cards_transformed":["Strike_G"],"player_choice":"Change","damage_taken":0,"max_hp_gain":0,"max_hp_loss":0,"event_name":"Living Wall","floor":8,"gold_loss":0,"cards_obtained":["Glass Knife"]},{"damage_healed":0,"gold_gain":0,"player_choice":"2 cards matched","damage_taken":0,"max_hp_gain":0,"max_hp_loss":0,"event_name":"Match and Keep!","floor":19,"gold_loss":0,"cards_obtained":["Tools of the Trade","Neutralize"]},{"damage_healed":0,"gold_gain":0,"player_choice":"Ignored","damage_taken":0,"max_hp_gain":0,"max_hp_loss":0,"event_name":"NoteForYourself","floor":22,"gold_loss":0},{"cards_removed":["Strike_G"],"damage_healed":0,"gold_gain":0,"player_choice":"Elegance","damage_taken":0,"max_hp_gain":0,"max_hp_loss":0,"event_name":"Back to Basics","floor":27,"gold_loss":0},{"cards_removed":["Outmaneuver"],"damage_healed":0,"gold_gain":0,"player_choice":"Upgrade and Remove","damage_taken":0,"max_hp_gain":0,"max_hp_loss":0,"event_name":"Designer","floor":30,"gold_loss":90,"cards_upgraded":["Blade Dance"]}],"is_beta":false,"boss_relics":[{"not_picked":["Coffee Dripper","Runic Dome"],"picked":"Orrery"}],"items_purged_floors":[29],"is_endless":false,"potions_floor_spawned":[1,6,12,21,25,31],"killed_by":"Automaton","ascension_level":0}