{"gold_per_floor":[116,116,140,140,57,57,97,4,50,64,64,108,108,123,123,123],"floor_reached":16,"playtime":6550,"items_purged":[],"score":133,"play_id":"4f074a0f-3b94-4867-b6f4-cfbe723d1c2a","local_time":"20190430000454","is_ascension_mode":false,"campfire_choices":[{"data":"Flash of Steel","floor":6,"key":"SMITH"},{"data":"Intimidate","floor":13,"key":"SMITH"},{"floor":15,"key":"REST"}],"neow_cost":"NONE","seed_source_timestamp":198501647960687,"circlet_count":0,"master_deck":["Strike_R","Strike_R","Strike_R","Strike_R","Defend_R","Defend_R","Defend_R","Defend_R","Bash","Intimidate+1","Perfected Strike","Flash of Steel+1","Flash of Steel","Entrench","Flex"],"relics":["Burning Blood","NeowsBlessing","Golden Idol","Gambling Chip","Blood Vial","Omamori"],"potions_floor_usage":[12],"damage_taken":[{"damage":0,"enemies":"Jaw Worm","floor":1,"turns":1},{"damage":0,"enemies":"Cultist","floor":3,"turns":1},{"damage":0,"enemies":"Gremlin Nob","floor":7,"turns":1},{"damage":0,"enemies":"Small Slimes","floor":10,"turns":3},{"damage":28,"enemies":"Lagavulin","floor":12,"turns":8},{"damage":22,"enemies":"Exordium Thugs","floor":14,"turns":7},{"damage":0,"enemies":"Slime Boss","floor":16,"turns":3}],"seed_played":"-3897189798402957477","potions_obtained":[{"floor":1,"key":"SpeedPotion"},{"floor":7,"key":"SneckoOil"},{"floor":12,"key":"SteroidPotion"}],"is_trial":false,"path_per_floor":["M","?","M","?","$","R","E","$","T","M","?","E","R","M","R","B"],"character_chosen":"IRONCLAD","items_purchased":["Flash of Steel","Flash of Steel"],"campfire_rested":1,"item_purchase_floors":[5,8],"current_hp_per_floor":[80,60,66,80,80,80,80,80,80,80,80,58,58,44,68,70],"gold":123,"neow_bonus":"THREE_ENEMY_KILL","is_prod":false,"is_daily":false,"chose_seed":false,"campfire_upgraded":2,"win_rate":0.0,"timestamp":1556597094,"path_taken":["M","?","M","?","$","R","E","$","T","M","?","E","R","?","R","BOSS"],"build_version":"2019-01-23","purchased_purges":0,"victory":false,"max_hp_per_floor":[80,80,80,80,80,80,80,80,80,80,80,80,80,80,80,80],"card_choices":[{"not_picked":["Carnage","Pummel"],"picked":"Intimidate","floor":1},{"not_picked":["Sword Boomerang","Blood for Blood"],"picked":"Perfected Strike","floor":3},{"not_picked":["Rupture","Iron Wave","Warcry"],"picked":"SKIP","floor":7},{"not_picked":["Warcry","Clash","Twin Strike"],"picked":"SKIP","floor":10},{"not_picked":["Perfected Strike","Disarm"],"picked":"Flex","floor":12},{"not_picked":["Warcry","Burning Pact","Hemokinesis"],"picked":"SKIP","floor":14}],"player_experience":70260,"relics_obtained":[{"floor":7,"key":"Gambling Chip"},{"floor":9,"key":"Blood Vial"},{"floor":12,"key":"Omamori"}],"event_choices":[{"damage_healed":0,"gold_gain":0,"player_choice":"Take Damage","damage_taken":20,"relics_obtained":["Golden Idol"],"max_hp_gain":0,"max_hp_loss":0,"event_name":"Golden Idol","floor":2,"gold_loss":0},{"damage_healed":26,"gold_gain":0,"player_choice":"Banana","damage_taken":0,"max_hp_gain":0,"max_hp_loss":0,"event_name":"Big Fish","floor":4,"gold_loss":0},{"damage_healed":0,"gold_gain":0,"cards_transformed":["Strike_R"],"player_choice":"Transformed","damage_taken":0,"max_hp_gain":0,"max_hp_loss":0,"event_name":"Transmorgrifier","floor":11,"gold_loss":0,"cards_obtained":["Entrench"]}],"is_beta":false,"boss_relics":[],"items_purged_floors":[],"is_endless":false,"potions_floor_spawned":[1,7,12],"killed_by":"Slime Boss","ascension_level":0}