{"gold_per_floor":[113,113,113,38,53,88,88,116,116,130,156,156,156,156],"floor_reached":14,"playtime":419,"items_purged":["Strike_G"],"score":177,"play_id":"2fcdcd6d-aa47-41d5-ac84-8e010e84ce36","local_time":"20190322210954","is_ascension_mode":true,"campfire_choices":[{"data":"Leg Sweep","floor":7.0,"key":"SMITH"},{"floor":13,"key":"REST"}],"neow_cost":"NONE","seed_source_timestamp":157883031821774,"circlet_count":0,"master_deck":["Defend_G","Defend_G","Defend_G+1","Defend_G+1","Defend_G","Strike_G","Strike_G","Strike_G","Strike_G","Survivor","Neutralize","Sucker Punch+1","Neutralize","Backflip","Leg Sweep+1","Blur+1"],"special_seed":0,"relics":["Ring of the Snake","NeowsBlessing","Molten Egg 2","The Specimen","War Paint"],"potions_floor_usage":[8,8,11],"damage_taken":[{"damage":0.0,"enemies":"2 Louse","floor":1.0,"turns":1.0},{"damage":0.0,"enemies":"Small Slimes","floor":5.0,"turns":1.0},{"damage":0.0,"enemies":"Gremlin Nob","floor":6.0,"turns":1.0},{"damage":13,"enemies":"Lagavulin","floor":8,"turns":7},{"damage":0,"enemies":"Cultist","floor":10,"turns":5},{"damage":32,"enemies":"Gremlin Nob","floor":11,"turns":6},{"damage":59,"enemies":"Lagavulin","floor":14,"turns":16}],"seed_played":"-3930329720844746174","potions_obtained":[{"floor":1.0,"key":"Poison Potion"},{"floor":6.0,"key":"Strength Potion"},{"floor":8,"key":"Poison Potion"},{"floor":11,"key":"Explosive Potion"}],"is_trial":false,"path_per_floor":["M","?","?","$","M","E","R","E","T","M","E","?","R","E"],"character_chosen":"THE_SILENT","items_purchased":[],"campfire_rested":1,"item_purchase_floors":[],"current_hp_per_floor":[63,49,49,49,49,49,49,36,36,36,4,27,48,0],"gold":156,"neow_bonus":"THREE_ENEMY_KILL","is_prod":false,"is_daily":false,"chose_seed":false,"campfire_upgraded":1,"win_rate":0,"timestamp":1553285394,"path_taken":["M","?","?","$","?","E","R","E","T","M","E","?","R","E"],"build_version":"2019-01-23","purchased_purges":1,"victory":false,"max_hp_per_floor":[70,70,70,70,70,70,70,70,70,70,70,70,70,70],"card_choices":[{"not_picked":["Quick Slash","Tactician"],"picked":"Sucker Punch","floor":1.0},{"not_picked":["Backflip","PiercingWail","Deadly Poison"],"picked":"SKIP","floor":5.0},{"not_picked":["PiercingWail","Deadly Poison"],"picked":"Backflip","floor":5.0},{"not_picked":["PiercingWail","Wraith Form v2"],"picked":"Leg Sweep","floor":6.0},{"not_picked":["Underhanded Strike+1","Flying Knee+1"],"picked":"Blur","floor":8},{"not_picked":["Concentrate","Prepared","Accuracy"],"picked":"SKIP","floor":10},{"not_picked":["Deflect","Acrobatics","Concentrate"],"picked":"SKIP","floor":11}],"player_experience":129802,"relics_obtained":[{"floor":6.0,"key":"Molten Egg 2"},{"floor":8,"key":"The Specimen"},{"floor":11,"key":"War Paint"}],"event_choices":[{"damage_healed":0.0,"max_hp_gain":0.0,"max_hp_loss":0.0,"gold_gain":0.0,"event_name":"Shining Light","player_choice":"Entered Light","floor":2.0,"gold_loss":0.0,"damage_taken":14.0,"cards_upgraded":["Sucker Punch","Defend_G"]},{"damage_healed":0.0,"max_hp_gain":0.0,"max_hp_loss":0.0,"gold_gain":0.0,"event_name":"Match and Keep!","player_choice":"1 cards matched","floor":3.0,"gold_loss":0.0,"damage_taken":0.0,"cards_obtained":["Neutralize"]},{"damage_healed":23,"gold_gain":0,"player_choice":"Banana","damage_taken":0,"max_hp_gain":0,"max_hp_loss":0,"event_name":"Big Fish","floor":12,"gold_loss":0}],"is_beta":false,"boss_relics":[],"items_purged_floors":[4],"is_endless":false,"potions_floor_spawned":[1,6,8,11],"killed_by":"Lagavulin","ascension_level":7}