{"gold_per_floor":[117,128,141,141,91,91,126,126,152,152,182,202,202,212,212,317,317,337,337],"floor_reached":19,"playtime":1763,"items_purged":[],"score":186,"play_id":"d95e889a-2b65-4df8-9b34-1a623303d4dd","local_time":"20190628205505","is_ascension_mode":true,"campfire_choices":[{"data":"Anger","floor":6,"key":"SMITH"},{"floor":8,"key":"REST"},{"floor":10,"key":"REST"},{"data":"Searing Blow","floor":15,"key":"SMITH"}],"neow_cost":"PERCENT_DAMAGE","seed_source_timestamp":1736066088645400,"circlet_count":0,"master_deck":["Strike_R+1","Strike_R","Strike_R","Defend_R","Defend_R","Defend_R","Defend_R","Evolve+1","Perfected Strike","Inflame","Anger+1","Fire Breathing","Armaments","Searing Blow+1","Heavy Blade","Flex","Impervious","Armaments+1"],"relics":["Burning Blood","Art of War","Omamori","Sundial","GremlinMask","Eternal Feather"],"potions_floor_usage":[11,16,18,18],"damage_taken":[{"damage":1,"enemies":"Cultist","floor":1,"turns":4},{"damage":1,"enemies":"2 Louse","floor":2,"turns":3},{"damage":0,"enemies":"Small Slimes","floor":3,"turns":2},{"damage":39,"enemies":"Lagavulin","floor":7,"turns":7},{"damage":8,"enemies":"Gremlin Nob","floor":11,"turns":4},{"damage":5,"enemies":"2 Fungi Beasts","floor":12,"turns":4},{"damage":13,"enemies":"Red Slaver","floor":14,"turns":4},{"damage":11,"enemies":"Slime Boss","floor":16,"turns":7},{"damage":44,"enemies":"3 Byrds","floor":18,"turns":6},{"damage":52,"enemies":"Masked Bandits","floor":19,"turns":5}],"seed_played":"6008894319685306621","potions_obtained":[{"floor":1,"key":"PowerPotion"},{"floor":3,"key":"GamblersBrew"},{"floor":11,"key":"SteroidPotion"},{"floor":14,"key":"Dexterity Potion"},{"floor":16,"key":"PowerPotion"}],"is_trial":false,"path_per_floor":["M","M","M","?","?","R","E","R","T","R","E","M","?","M","R","B",null,"M","?"],"character_chosen":"IRONCLAD","items_purchased":[],"campfire_rested":2,"item_purchase_floors":[],"current_hp_per_floor":[61,66,72,56,56,56,23,47,47,71,69,70,70,63,63,58,80,42,0],"gold":337,"neow_bonus":"TRANSFORM_TWO_CARDS","is_prod":false,"is_daily":false,"chose_seed":false,"campfire_upgraded":2,"win_rate":0,"timestamp":1561769705,"path_taken":["M","?","M","?","?","R","E","R","T","R","E","M","?","M","R","BOSS","M","?"],"build_version":"2019-01-23","purchased_purges":0,"victory":false,"max_hp_per_floor":[80,80,80,80,80,80,80,80,80,80,80,80,80,80,80,80,80,80,80],"card_choices":[{"not_picked":["Evolve","Wild Strike"],"picked":"Inflame","floor":1},{"not_picked":["Pommel Strike","Shrug It Off"],"picked":"Anger","floor":2},{"not_picked":["Cleave","Pummel"],"picked":"Fire Breathing","floor":3},{"not_picked":["Immolate","Shrug It Off"],"picked":"Armaments","floor":7},{"not_picked":["Body Slam","Wild Strike"],"picked":"Searing Blow","floor":11},{"not_picked":["Clash","Havoc"],"picked":"Heavy Blade","floor":12},{"not_picked":["Armaments","Clothesline"],"picked":"Flex","floor":14},{"not_picked":["Fiend Fire","Juggernaut"],"picked":"Impervious","floor":16},{"not_picked":["Twin Strike","Clash+1"],"picked":"Armaments+1","floor":18}],"player_experience":1244162,"relics_obtained":[{"floor":7,"key":"Art of War"},{"floor":9,"key":"Omamori"},{"floor":11,"key":"Sundial"}],"event_choices":[{"damage_healed":0,"gold_gain":0,"player_choice":"Entered Light","damage_taken":16,"max_hp_gain":0,"max_hp_loss":0,"event_name":"Shining Light","floor":4,"gold_loss":0,"cards_upgraded":["Evolve","Strike_R"]},{"cards_removed":["Bash"],"damage_healed":0,"gold_gain":0,"player_choice":"Card Removal","damage_taken":0,"max_hp_gain":0,"max_hp_loss":0,"event_name":"The Cleric","floor":5,"gold_loss":50},{"damage_healed":0,"gold_gain":0,"player_choice":"Trade","damage_taken":0,"relics_obtained":["GremlinMask"],"max_hp_gain":0,"max_hp_loss":0,"event_name":"FaceTrader","floor":13,"gold_loss":0},{"damage_healed":0,"gold_gain":0,"player_choice":"Fought Bandits","damage_taken":0,"max_hp_gain":0,"max_hp_loss":0,"event_name":"Masked Bandits","floor":19,"gold_loss":0}],"is_beta":false,"boss_relics":[{"not_picked":["Mark of Pain","Fusion Hammer"],"picked":"Eternal Feather"}],"items_purged_floors":[],"is_endless":false,"potions_floor_spawned":[1,3,11,14,16],"killed_by":"Masked Bandits","ascension_level":1}