{"gold_per_floor":[111,111,111,15,15,15,28,62,62,76,76,107,107,130,130,224,224,245,245,245,268,283,283,318,318,318,383,399,412,456,479,479,572,572,591,604,629,629,642,675,675,709,709,85,85,85,43,76,76,76,76,76,33,66,66],"floor_reached":56,"playtime":2665,"items_purged":["Strike_G+1"],"score":2295,"play_id":"102dadd1-b7e9-4fde-9446-30a925ca2a59","local_time":"20190527221355","is_ascension_mode":true,"campfire_choices":[{"data":"Crippling Poison","floor":6,"key":"SMITH"},{"data":"Bouncing Flask","floor":11,"key":"SMITH"},{"data":"Catalyst","floor":15,"key":"SMITH"},{"floor":23,"key":"REST"},{"floor":32,"key":"REST"},{"floor":41,"key":"REST"},{"floor":45,"key":"RECALL"},{"floor":49,"key":"REST"},{"floor":52,"key":"REST"}],"neow_cost":"NONE","seed_source_timestamp":877481143386579,"circlet_count":0,"master_deck":["AscendersBane","Defend_G+1","Defend_G+1","Defend_G+1","Defend_G+1","Defend_G+1","Strike_G+1","Strike_G+1","Strike_G+1","Strike_G+1","Survivor","Neutralize","Crippling Poison+1","Footwork","Deadly Poison","Dash","Dagger Spray","Bouncing Flask+1","Burst","Catalyst+1","Adrenaline","Catalyst","PiercingWail","Well Laid Plans","After Image","Dodge and Roll","Sucker Punch+1","Leg Sweep","Enlightenment","Noxious Fumes+1","Adrenaline","Night Terror","Leg Sweep","Blur","Backflip"],"relics":["Runic Dome","Golden Idol","Ornamental Fan","PreservedInsect","Paper Crane","Omamori","Mummified Hand","Black Star","WarpedTongs","Mango","Unceasing Top","Snake Skull","Regal Pillow","Tiny Chest","Meat on the Bone","Tough Bandages","Fusion Hammer","Orichalcum","Pear","Dodecahedron","Ice Cream","The Specimen","MealTicket","Bottled Flame","Strawberry","Torii","Art of War","Centennial Puzzle"],"potions_floor_usage":[8,16,22,42,50,55],"damage_taken":[{"damage":5,"enemies":"2 Louse","floor":1,"turns":3},{"damage":0,"enemies":"Jaw Worm","floor":7,"turns":4},{"damage":16,"enemies":"Gremlin Nob","floor":8,"turns":5},{"damage":1,"enemies":"Small Slimes","floor":10,"turns":4},{"damage":1,"enemies":"3 Sentries","floor":12,"turns":7},{"damage":0,"enemies":"Exordium Wildlife","floor":14,"turns":4},{"damage":23,"enemies":"Slime Boss","floor":16,"turns":11},{"damage":2,"enemies":"Chosen","floor":18,"turns":4},{"damage":0,"enemies":"Spheric Guardian","floor":21,"turns":2},{"damage":2,"enemies":"Centurion and Healer","floor":22,"turns":6},{"damage":17,"enemies":"Slavers","floor":24,"turns":5},{"damage":0,"enemies":"Gremlin Leader","floor":27,"turns":3},{"damage":10,"enemies":"Shelled Parasite and Fungi","floor":28,"turns":3},{"damage":3,"enemies":"Cultist and Chosen","floor":29,"turns":4},{"damage":8,"enemies":"Slavers","floor":30,"turns":3},{"damage":5,"enemies":"Snake Plant","floor":31,"turns":2},{"damage":67,"enemies":"Automaton","floor":33,"turns":9},{"damage":0,"enemies":"Orb Walker","floor":35,"turns":4},{"damage":0,"enemies":"3 Shapes","floor":36,"turns":4},{"damage":0,"enemies":"Sphere and 2 Shapes","floor":37,"turns":6},{"damage":15,"enemies":"Spire Growth","floor":39,"turns":6},{"damage":38,"enemies":"Reptomancer","floor":40,"turns":4},{"damage":2,"enemies":"Nemesis","floor":42,"turns":7},{"damage":0,"enemies":"Reptomancer","floor":48,"turns":2},{"damage":3,"enemies":"Awakened One","floor":50,"turns":12},{"damage":7,"enemies":"Shield and Spear","floor":54,"turns":6},{"damage":28,"enemies":"The Heart","floor":55,"turns":10}],"seed_played":"2174468097090642495","potions_obtained":[{"floor":1,"key":"SteroidPotion"},{"floor":10,"key":"SpeedPotion"},{"floor":12,"key":"GhostInAJar"},{"floor":18,"key":"GamblersBrew"},{"floor":22,"key":"LiquidBronze"},{"floor":35,"key":"Swift Potion"},{"floor":42,"key":"SkillPotion"}],"is_trial":false,"path_per_floor":["M","?","?","$","?","R","M","E","T","M","R","E","T","M","R","B",null,"M","?","?","M","M","R","E","?","T","E","M","M","E","M","R","B",null,"M","M","M","?","M","E","R","E","T","$","R","T","$","E","R","B",null,"R","$","E","B",null],"character_chosen":"THE_SILENT","items_purchased":["Footwork","Deadly Poison","The Specimen","MealTicket","Leg Sweep","Blur"],"campfire_rested":5,"item_purchase_floors":[4,4,44,44,47,53],"current_hp_per_floor":[54,54,54,54,43,43,43,27,27,26,26,25,25,25,25,2,46,44,44,44,44,42,60,57,57,57,57,47,44,36,43,74,19,60,60,60,60,60,45,29,69,67,67,67,67,67,82,89,91,88,90,91,91,84,56],"gold":66,"neow_bonus":"BOSS_RELIC","is_prod":false,"is_daily":false,"chose_seed":false,"campfire_upgraded":3,"win_rate":0,"timestamp":1558988035,"path_taken":["M","?","?","$","?","R","M","E","T","M","R","E","?","M","R","BOSS","M","?","?","M","?","R","E","?","T","E","M","M","E","M","R","BOSS","M","?","M","?","M","E","R","E","T","$","R","?","$","E","R","BOSS","R","$","E","BOSS"],"build_version":"2019-01-23","purchased_purges":1,"victory":true,"max_hp_per_floor":[66,66,60,60,60,60,60,60,60,60,60,60,60,60,60,60,60,60,60,60,60,60,60,74,74,74,74,74,74,74,74,74,74,74,74,74,74,74,74,84,84,84,84,84,84,84,84,91,91,91,91,91,91,91,91],"card_choices":[{"not_picked":["Quick Slash","Cloak And Dagger"],"picked":"Crippling Poison","floor":1},{"not_picked":["Dagger Throw","Escape Plan"],"picked":"Dash","floor":7},{"not_picked":["Expertise","Deflect"],"picked":"Dagger Spray","floor":8},{"not_picked":["Blade Dance","Quick Slash"],"picked":"Bouncing Flask","floor":10},{"not_picked":["Expertise","Dagger Throw"],"picked":"Burst","floor":12},{"not_picked":["Poisoned Stab","Flying Knee"],"picked":"Catalyst","floor":14},{"not_picked":["A Thousand Cuts","Phantasmal Killer"],"picked":"Adrenaline","floor":16},{"not_picked":["Dagger Spray","Poisoned Stab"],"picked":"Catalyst","floor":18},{"not_picked":["Distraction","Noxious Fumes"],"picked":"PiercingWail","floor":21},{"not_picked":["Dagger Spray","Underhanded Strike","Setup"],"picked":"SKIP","floor":22},{"not_picked":["Dagger Spray","Underhanded Strike","Setup"],"picked":"SKIP","floor":22},{"not_picked":["Poisoned Stab","Acrobatics","All Out Attack"],"picked":"SKIP","floor":24},{"not_picked":["After Image","Distraction","Masterful Stab"],"picked":"SKIP","floor":27},{"not_picked":["Outmaneuver","Cloak And Dagger","Escape Plan"],"picked":"SKIP","floor":28},{"not_picked":["Expertise","Infinite Blades","Dagger Spray"],"picked":"SKIP","floor":29},{"not_picked":["Flying Knee","PiercingWail","Heel Hook+1"],"picked":"SKIP","floor":30},{"not_picked":["PiercingWail","Poisoned Stab"],"picked":"Well Laid Plans","floor":31},{"not_picked":["Envenom","Doppelganger"],"picked":"After Image","floor":33},{"not_picked":["Dagger Throw","Expertise"],"picked":"Dodge and Roll","floor":35},{"not_picked":["Acrobatics","Prepared"],"picked":"Sucker Punch+1","floor":36},{"not_picked":["Poisoned Stab","PiercingWail+1"],"picked":"Leg Sweep","floor":37},{"not_picked":["Swift Strike","Deep Breath"],"picked":"Enlightenment","floor":38},{"not_picked":["Cloak And Dagger","Deadly Poison+1"],"picked":"Noxious Fumes+1","floor":39},{"not_picked":["Backflip","Bane"],"picked":"Adrenaline","floor":40},{"not_picked":["Dagger Spray","Accuracy+1"],"picked":"Night Terror","floor":42},{"not_picked":["Skewer","Setup","Dagger Throw"],"picked":"SKIP","floor":48},{"not_picked":["Expertise","Predator+1"],"picked":"Backflip","floor":54}],"player_experience":439823,"relics_obtained":[{"floor":8,"key":"PreservedInsect"},{"floor":9,"key":"Paper Crane"},{"floor":12,"key":"Omamori"},{"floor":13,"key":"Mummified Hand"},{"floor":24,"key":"Mango"},{"floor":24,"key":"Unceasing Top"},{"floor":26,"key":"Snake Skull"},{"floor":27,"key":"Regal Pillow"},{"floor":27,"key":"Tiny Chest"},{"floor":30,"key":"Meat on the Bone"},{"floor":30,"key":"Tough Bandages"},{"floor":40,"key":"Orichalcum"},{"floor":40,"key":"Pear"},{"floor":42,"key":"Dodecahedron"},{"floor":42,"key":"Ice Cream"},{"floor":46,"key":"Bottled Flame"},{"floor":48,"key":"Strawberry"},{"floor":48,"key":"Torii"},{"floor":54,"key":"Art of War"},{"floor":54,"key":"Centennial Puzzle"}],"event_choices":[{"damage_healed":0,"gold_gain":0,"player_choice":"Ignored","damage_taken":0,"max_hp_gain":0,"max_hp_loss":0,"event_name":"Liars Game","floor":2,"gold_loss":0},{"damage_healed":0,"gold_gain":0,"player_choice":"Lose Max HP","damage_taken":0,"relics_obtained":["Golden Idol"],"max_hp_gain":0,"max_hp_loss":6,"event_name":"Golden Idol","floor":3,"gold_loss":0},{"damage_healed":0,"gold_gain":0,"player_choice":"Success","damage_taken":11,"relics_obtained":["Ornamental Fan"],"max_hp_gain":0,"max_hp_loss":0,"event_name":"Scrap Ooze","floor":5,"gold_loss":0},{"damage_healed":0,"gold_gain":0,"player_choice":"Simplicity","damage_taken":0,"max_hp_gain":0,"max_hp_loss":0,"event_name":"Back to Basics","floor":19,"gold_loss":0,"cards_upgraded":["Defend_G","Defend_G","Defend_G","Defend_G","Defend_G","Strike_G","Strike_G","Strike_G","Strike_G","Strike_G"]},{"damage_healed":0,"gold_gain":0,"player_choice":"Rummage","damage_taken":0,"relics_obtained":["WarpedTongs"],"max_hp_gain":0,"max_hp_loss":0,"event_name":"Accursed Blacksmith","floor":20,"gold_loss":0,"cards_obtained":["Pain"]},{"damage_healed":0,"gold_gain":0,"player_choice":"Ignored","damage_taken":0,"max_hp_gain":0,"max_hp_loss":0,"event_name":"N\u0027loth","floor":25,"gold_loss":0},{"damage_healed":0,"gold_gain":0,"player_choice":"Memory 1","damage_taken":0,"max_hp_gain":0,"max_hp_loss":0,"event_name":"SensoryStone","floor":38,"gold_loss":0}],"is_beta":false,"boss_relics":[{"not_picked":["Tiny House","Calling Bell"],"picked":"Black Star"},{"not_picked":["Pandora\u0027s Box","Velvet Choker"],"picked":"Fusion Hammer"}],"items_purged_floors":[44],"is_endless":false,"potions_floor_spawned":[1,10,12,18,22,24,28,29,35,39,40,42],"ascension_level":16}