{"gold_per_floor":[112,129,129,149,149,149,189,189,212,235,310,14,14],"floor_reached":13,"playtime":338,"items_purged":[],"score":158,"play_id":"b1ce72a7-3281-453d-8524-ba2a5231a2b2","local_time":"20190606234753","is_ascension_mode":true,"campfire_choices":[{"data":"Zap","floor":6,"key":"SMITH"},{"data":"Streamline","floor":8,"key":"SMITH"}],"neow_cost":"TEN_PERCENT_HP_LOSS","seed_source_timestamp":174633606692613,"circlet_count":0,"master_deck":["AscendersBane","Strike_B","Strike_B","Strike_B","Strike_B","Defend_B","Defend_B","Defend_B","Defend_B","Zap+1","Dualcast","Electrodynamics","Conserve Battery","Streamline+1","Capacitor","Cold Snap"],"relics":["Cracked Core","NlothsMask","Golden Idol","Bag of Preparation","Bottled Tornado","Membership Card","Lantern"],"potions_floor_usage":[10,13],"damage_taken":[{"damage":7,"enemies":"Jaw Worm","floor":1,"turns":3},{"damage":0,"enemies":"Cultist","floor":2,"turns":3},{"damage":7,"enemies":"Small Slimes","floor":4,"turns":2},{"damage":36,"enemies":"Gremlin Nob","floor":7,"turns":4},{"damage":4,"enemies":"Red Slaver","floor":10,"turns":4},{"damage":23,"enemies":"Lagavulin","floor":13,"turns":6}],"seed_played":"-3528647284293137044","potions_obtained":[{"floor":4,"key":"Regen Potion"},{"floor":7,"key":"Block Potion"}],"is_trial":false,"path_per_floor":["M","M","?","M","?","R","E","R","T","M","T","$","E"],"character_chosen":"DEFECT","items_purchased":["Membership Card","Lantern"],"campfire_rested":0,"item_purchase_floors":[12,12],"current_hp_per_floor":[57,57,57,50,50,50,14,14,14,19,19,19,0],"gold":14,"neow_bonus":"THREE_RARE_CARDS","is_prod":false,"is_daily":false,"chose_seed":false,"campfire_upgraded":2,"win_rate":0,"timestamp":1559857673,"path_taken":["M","M","?","?","?","R","E","R","T","M","?","$","E"],"build_version":"2019-01-23","purchased_purges":0,"victory":false,"max_hp_per_floor":[64,64,64,64,58,58,58,58,58,58,58,58,58],"card_choices":[{"not_picked":["Echo Form","Hyperbeam"],"picked":"Electrodynamics","floor":0},{"not_picked":["Force Field","Rip and Tear"],"picked":"Conserve Battery","floor":1},{"not_picked":["Reprogram","Gash"],"picked":"Streamline","floor":2},{"not_picked":["Redo","Beam Cell"],"picked":"Capacitor","floor":4},{"not_picked":["Stack","Double Energy","Rebound"],"picked":"SKIP","floor":7},{"not_picked":["Static Discharge","Beam Cell"],"picked":"Cold Snap","floor":10}],"player_experience":531503,"relics_obtained":[{"floor":7,"key":"Bag of Preparation"},{"floor":11,"key":"Bottled Tornado"}],"event_choices":[{"damage_healed":0,"gold_gain":0,"player_choice":"Trade","damage_taken":0,"relics_obtained":["NlothsMask"],"max_hp_gain":0,"max_hp_loss":0,"event_name":"FaceTrader","floor":3,"gold_loss":0},{"damage_healed":0,"gold_gain":0,"player_choice":"Lose Max HP","damage_taken":0,"relics_obtained":["Golden Idol"],"max_hp_gain":0,"max_hp_loss":6,"event_name":"Golden Idol","floor":5,"gold_loss":0}],"is_beta":false,"boss_relics":[],"items_purged_floors":[],"is_endless":false,"potions_floor_spawned":[4,7],"killed_by":"Lagavulin","ascension_level":18}