{"gold_per_floor":[114,114,114,127,146,146,178,178,178,196,212,229,242,50,50,147,147,165,178,103,0,0,0,11,27,51,85,85,102,2,18,18,118,118,137,150,162,37,51,63,63,63,87,87,87,98,129,141,141,141],"floor_reached":50,"playtime":1926,"items_purged":["Strike_R","Defend_R","Strike_R"],"score":625,"play_id":"bdf6173d-e152-46bf-ae8e-cdc53d750b55","local_time":"20190527135637","is_ascension_mode":false,"campfire_choices":[{"data":"Bash","floor":6.0,"key":"SMITH"},{"data":"Rage","floor":8.0,"key":"SMITH"},{"data":"Rampage","floor":15.0,"key":"SMITH"},{"data":"Bludgeon","floor":23.0,"key":"SMITH"},{"data":"Offering","floor":32.0,"key":"SMITH"},{"data":"The Bomb","floor":42,"key":"SMITH"},{"data":"Pommel Strike","floor":44,"key":"SMITH"},{"data":"Pommel Strike","floor":49,"key":"SMITH"}],"neow_cost":"NONE","seed_source_timestamp":0,"circlet_count":0,"master_deck":["Strike_R","Strike_R","Defend_R+1","Defend_R+1","Bash+1","Twin Strike","Evolve","Rage+1","Pommel Strike+1","Burning Pact","Thunderclap","Feed","Anger","Inflame","Rampage+1","Shrug It Off","Bludgeon+1","Pommel Strike+1","Ghostly","Ghostly","Ghostly","Ghostly","Ghostly","Offering+1","Berserk","Headbutt","Immolate","Inflame+1","Seeing Red+1","The Bomb+1","PanicButton","Madness","Madness"],"special_seed":0,"relics":["Burning Blood","NeowsBlessing","Meat on the Bone","War Paint","Coffee Dripper","Orichalcum","Bag of Preparation","Runic Pyramid","Centennial Puzzle","PreservedInsect"],"potions_floor_usage":[46,50,50,50],"damage_taken":[{"damage":0.0,"enemies":"2 Louse","floor":1.0,"turns":1.0},{"damage":0.0,"enemies":"Jaw Worm","floor":4.0,"turns":1.0},{"damage":0.0,"enemies":"Cultist","floor":5.0,"turns":1.0},{"damage":24.0,"enemies":"Gremlin Nob","floor":7.0,"turns":4.0},{"damage":13.0,"enemies":"Exordium Thugs","floor":10.0,"turns":6.0},{"damage":8.0,"enemies":"Lots of Slimes","floor":11.0,"turns":5.0},{"damage":5.0,"enemies":"Exordium Wildlife","floor":12.0,"turns":2.0},{"damage":5.0,"enemies":"2 Fungi Beasts","floor":13.0,"turns":4.0},{"damage":43.0,"enemies":"Slime Boss","floor":16.0,"turns":8.0},{"damage":13.0,"enemies":"Shell Parasite","floor":18.0,"turns":4.0},{"damage":10.0,"enemies":"Spheric Guardian","floor":19.0,"turns":3.0},{"damage":5.0,"enemies":"Cultist and Chosen","floor":24.0,"turns":6.0},{"damage":7.0,"enemies":"3 Cultists","floor":25.0,"turns":4.0},{"damage":1.0,"enemies":"Gremlin Leader","floor":27.0,"turns":7.0},{"damage":1.0,"enemies":"Snake Plant","floor":29.0,"turns":3.0},{"damage":6.0,"enemies":"Centurion and Healer","floor":31.0,"turns":5.0},{"damage":6.0,"enemies":"Champ","floor":33.0,"turns":9.0},{"damage":6.0,"enemies":"Orb Walker","floor":35.0,"turns":3.0},{"damage":6.0,"enemies":"3 Shapes","floor":36.0,"turns":5.0},{"damage":0.0,"enemies":"Transient","floor":37.0,"turns":5.0},{"damage":1,"enemies":"3 Darklings","floor":39,"turns":4},{"damage":1,"enemies":"Spire Growth","floor":40,"turns":4},{"damage":0,"enemies":"Jaw Worm Horde","floor":46,"turns":3},{"damage":8,"enemies":"Giant Head","floor":47,"turns":6},{"damage":1,"enemies":"Sphere and 2 Shapes","floor":48,"turns":4},{"damage":61,"enemies":"Time Eater","floor":50,"turns":9}],"seed_played":"-378643512772573890","potions_obtained":[{"floor":4.0,"key":"Regen Potion"},{"floor":10.0,"key":"SkillPotion"},{"floor":12.0,"key":"FearPotion"},{"floor":13.0,"key":"SkillPotion"},{"floor":18.0,"key":"Explosive Potion"},{"floor":19.0,"key":"GamblersBrew"},{"floor":27.0,"key":"PowerPotion"},{"floor":31.0,"key":"Explosive Potion"},{"floor":33.0,"key":"Strength Potion"},{"floor":46,"key":"Explosive Potion"},{"floor":47,"key":"Ancient Potion"}],"is_trial":false,"path_per_floor":["M","?","?","M","M","R","E","R","T","M","M","M","M","$","R","B",null,"M","M","$","?","?","R","M","M","T","E","$","M","$","M","R","B",null,"M","M","M","$","M","M","?","R","T","R","?","M","E","M","R","B"],"character_chosen":"IRONCLAD","items_purchased":["Inflame","Rampage","Shrug It Off"],"campfire_rested":0,"item_purchase_floors":[14,14,14],"current_hp_per_floor":[80,73,73,79,80,80,67,67,67,60,58,59,63,63,63,38,83,76,72,72,72,41,41,41,40,40,41,41,41,41,41,41,41,41,44,47,47,47,50,53,43,43,43,43,36,45,46,54,54,0],"gold":141,"neow_bonus":"THREE_ENEMY_KILL","is_prod":false,"is_daily":false,"chose_seed":false,"campfire_upgraded":8,"win_rate":0,"timestamp":1558958197,"path_taken":["M","?","?","?","M","R","E","R","T","M","M","M","M","?","R","BOSS","M","M","?","?","?","R","M","M","T","E","$","M","?","?","R","BOSS","M","M","?","$","M","M","?","R","T","R","?","M","E","M","R","BOSS"],"build_version":"2019-01-23","purchased_purges":3,"victory":false,"max_hp_per_floor":[80,80,80,80,80,80,80,80,80,80,80,80,83,83,83,83,83,83,83,83,83,41,41,41,41,41,41,41,41,41,41,41,41,41,44,47,47,47,50,53,53,53,53,53,53,56,59,62,62,62],"card_choices":[{"not_picked":["Thunderclap","Clothesline"],"picked":"Twin Strike","floor":1.0},{"not_picked":["Warcry","Dual Wield"],"picked":"Evolve","floor":4.0},{"not_picked":["Flex","Intimidate"],"picked":"Rage","floor":5.0},{"not_picked":["Intimidate","Entrench"],"picked":"Pommel Strike","floor":7.0},{"not_picked":["Warcry","Searing Blow"],"picked":"Burning Pact","floor":10.0},{"not_picked":["Rage","Havoc"],"picked":"Thunderclap","floor":11.0},{"not_picked":["Thunderclap","Sword Boomerang"],"picked":"Feed","floor":12.0},{"not_picked":["Body Slam","Armaments"],"picked":"Anger","floor":13.0},{"not_picked":["Barricade","Impervious"],"picked":"Bludgeon","floor":16.0},{"not_picked":["Seeing Red+1","Flex","Armaments"],"picked":"SKIP","floor":18.0},{"not_picked":["Heavy Blade+1","Second Wind+1"],"picked":"Pommel Strike","floor":19.0},{"not_picked":["Spot Weakness","Havoc+1"],"picked":"Offering","floor":24.0},{"not_picked":["Evolve","Rupture","Wild Strike"],"picked":"SKIP","floor":25.0},{"not_picked":["Fire Breathing","Blood for Blood+1"],"picked":"Berserk","floor":27.0},{"not_picked":["Cleave","True Grit"],"picked":"Headbutt","floor":29.0},{"not_picked":["True Grit+1","Anger","Cleave"],"picked":"SKIP","floor":31.0},{"not_picked":["Barricade","Fiend Fire"],"picked":"Immolate","floor":33.0},{"not_picked":["Shrug It Off","Second Wind"],"picked":"Inflame+1","floor":35.0},{"not_picked":["Burning Pact+1","Sever Soul","Perfected Strike+1"],"picked":"SKIP","floor":36.0},{"not_picked":["Iron Wave","Fire Breathing+1"],"picked":"Seeing Red+1","floor":37.0},{"not_picked":["Combust+1","Armaments","Clothesline"],"picked":"SKIP","floor":39},{"not_picked":["Warcry","Iron Wave+1","Sword Boomerang+1"],"picked":"SKIP","floor":40},{"not_picked":["Warcry","Iron Wave+1","Sword Boomerang+1"],"picked":"SKIP","floor":40},{"not_picked":["Warcry","Iron Wave+1","Sword Boomerang+1"],"picked":"SKIP","floor":40},{"not_picked":["Thinking Ahead","Mind Blast"],"picked":"The Bomb","floor":41},{"not_picked":["Master of Strategy","Mind Blast"],"picked":"PanicButton","floor":41},{"not_picked":["Feel No Pain","Hemokinesis","Disarm+1"],"picked":"SKIP","floor":46},{"not_picked":["Bloodletting+1","Burning Pact+1","Cleave"],"picked":"SKIP","floor":47},{"not_picked":["Combust","Flex+1","Wild Strike+1"],"picked":"SKIP","floor":48}],"player_experience":431165,"relics_obtained":[{"floor":7.0,"key":"Meat on the Bone"},{"floor":9.0,"key":"War Paint"},{"floor":26.0,"key":"Orichalcum"},{"floor":27.0,"key":"Bag of Preparation"},{"floor":43,"key":"Centennial Puzzle"},{"floor":47,"key":"PreservedInsect"}],"event_choices":[{"cards_removed":["Strike_R"],"damage_healed":0.0,"max_hp_gain":0.0,"max_hp_loss":0.0,"gold_gain":0.0,"event_name":"Golden Wing","player_choice":"Card Removal","floor":2.0,"gold_loss":0.0,"damage_taken":7.0},{"cards_removed":["Defend_R"],"damage_healed":0.0,"max_hp_gain":0.0,"max_hp_loss":0.0,"gold_gain":0.0,"event_name":"Purifier","player_choice":"Purged","floor":3.0,"gold_loss":0.0,"damage_taken":0.0},{"damage_healed":0.0,"max_hp_gain":0.0,"max_hp_loss":0.0,"gold_gain":0.0,"event_name":"Masked Bandits","player_choice":"Paid Fearfully","floor":21.0,"gold_loss":103.0,"damage_taken":0.0},{"damage_healed":0.0,"max_hp_gain":0.0,"max_hp_loss":42.0,"gold_gain":0.0,"event_name":"Ghosts","player_choice":"Became a Ghost","floor":22.0,"gold_loss":0.0,"damage_taken":0.0,"cards_obtained":["Ghostly","Ghostly","Ghostly","Ghostly","Ghostly"]},{"damage_healed":0,"gold_gain":0,"player_choice":"Memory 3","damage_taken":10,"max_hp_gain":0,"max_hp_loss":0,"event_name":"SensoryStone","floor":41,"gold_loss":0},{"damage_healed":0,"gold_gain":0,"player_choice":"Embrace Madness","damage_taken":7,"max_hp_gain":0,"max_hp_loss":0,"event_name":"Winding Halls","floor":45,"gold_loss":0,"cards_obtained":["Madness","Madness"]}],"is_beta":false,"boss_relics":[{"not_picked":["Black Blood","Sozu"],"picked":"Coffee Dripper"},{"not_picked":["Velvet Choker","Tiny House"],"picked":"Runic Pyramid"}],"items_purged_floors":[20,30,38],"is_endless":false,"potions_floor_spawned":[4,10,12,13,18,19,27,31,33,35,46,47],"killed_by":"Time Eater","ascension_level":0}