{"gold_per_floor":[114,167,167,167,181,181,181,181,181,212,232,40,40,53,53,53],"floor_reached":16,"playtime":519,"items_purged":[],"score":196,"play_id":"d927489d-7060-4182-b982-085069e0d66a","local_time":"20190524220811","is_ascension_mode":true,"campfire_choices":[{"data":"Bash","floor":6.0,"key":"SMITH"},{"data":"Defend_R","floor":13,"key":"SMITH"},{"floor":15,"key":"REST"}],"neow_cost":"NONE","seed_source_timestamp":620045061527513,"circlet_count":0,"master_deck":["AscendersBane","Strike_R","Strike_R","Strike_R","Strike_R+1","Strike_R+1","Defend_R+1","Defend_R","Defend_R","Defend_R","Bash+1","Feed","Rupture","Spot Weakness","Twin Strike","Sword Boomerang","Good Instincts+1","Shockwave+1","Armaments+1","Whirlwind"],"special_seed":0,"relics":["Burning Blood","GremlinMask","Toxic Egg 2","The Courier"],"potions_floor_usage":[10,14],"damage_taken":[{"damage":14.0,"enemies":"Jaw Worm","floor":1.0,"turns":4.0},{"damage":8.0,"enemies":"2 Louse","floor":5.0,"turns":4.0},{"damage":30,"enemies":"3 Sentries","floor":10,"turns":8},{"damage":1,"enemies":"Cultist","floor":11,"turns":3},{"damage":8,"enemies":"Exordium Thugs","floor":14,"turns":4},{"damage":65,"enemies":"The Guardian","floor":16,"turns":10}],"seed_played":"3741889655527444834","potions_obtained":[{"floor":1.0,"key":"Regen Potion"},{"floor":5.0,"key":"Fire Potion"},{"floor":11,"key":"AttackPotion"}],"is_trial":false,"path_per_floor":["M","?","?","?","M","R","$","?","T","E","M","$","R","M","R","B"],"character_chosen":"IRONCLAD","items_purchased":["Good Instincts+1","Shockwave+1","Armaments+1"],"campfire_rested":1,"item_purchase_floors":[12,12,12],"current_hp_per_floor":[60,60,37,37,50,50,50,50,50,29,34,34,34,36,61,0],"gold":53,"neow_bonus":"ONE_RANDOM_RARE_CARD","is_prod":false,"is_daily":false,"chose_seed":false,"campfire_upgraded":2,"win_rate":0,"timestamp":1558728491,"path_taken":["M","?","?","?","?","R","$","?","T","E","M","$","R","M","R","BOSS"],"build_version":"2019-01-23","purchased_purges":0,"victory":false,"max_hp_per_floor":[75,75,75,75,78,78,78,78,78,81,81,81,81,85,85,85],"card_choices":[{"not_picked":["Sever Soul","Sword Boomerang"],"picked":"Rupture","floor":1.0},{"not_picked":["Shrug It Off","Cleave"],"picked":"Spot Weakness","floor":5.0},{"not_picked":["Anger","Clash"],"picked":"Twin Strike","floor":10},{"not_picked":["Twin Strike","Pummel"],"picked":"Sword Boomerang","floor":11},{"not_picked":["Hemokinesis","Thunderclap"],"picked":"Whirlwind","floor":14}],"player_experience":392232,"relics_obtained":[{"floor":9.0,"key":"Toxic Egg 2"},{"floor":10,"key":"The Courier"}],"event_choices":[{"damage_healed":0.0,"max_hp_gain":0.0,"max_hp_loss":0.0,"gold_gain":53.0,"event_name":"Golden Wing","player_choice":"Gained Gold","floor":2.0,"gold_loss":0.0,"damage_taken":0.0},{"damage_healed":0.0,"max_hp_gain":0.0,"max_hp_loss":0.0,"gold_gain":0.0,"event_name":"Shining Light","player_choice":"Entered Light","floor":3.0,"gold_loss":0.0,"damage_taken":23.0,"cards_upgraded":["Strike_R","Strike_R"]},{"damage_healed":0.0,"max_hp_gain":0.0,"max_hp_loss":0.0,"gold_gain":0.0,"event_name":"Liars Game","player_choice":"Ignored","floor":4.0,"gold_loss":0.0,"damage_taken":0.0},{"damage_healed":0.0,"max_hp_gain":0.0,"max_hp_loss":0.0,"gold_gain":0.0,"event_name":"FaceTrader","player_choice":"Trade","floor":8.0,"gold_loss":0.0,"damage_taken":0.0,"relics_obtained":["GremlinMask"]}],"is_beta":false,"boss_relics":[],"items_purged_floors":[],"is_endless":false,"potions_floor_spawned":[1,5,11],"killed_by":"The Guardian","ascension_level":20}