{"gold_per_floor":[117,192,192,208,208,208,208,248,248,267,285,285,309,309,309,402,402,415,314,327,65,81,81],"floor_reached":23,"playtime":659,"items_purged":["Strike_B","Strike_B"],"score":505,"play_id":"aa04d93e-f01c-429f-a2db-0e98c479c70c","local_time":"20190616225831","is_ascension_mode":true,"campfire_choices":[{"data":"Zap","floor":6,"key":"SMITH"},{"data":"Gash","floor":12,"key":"SMITH"},{"data":"Hologram","floor":15,"key":"SMITH"}],"neow_cost":"NONE","seed_source_timestamp":198552237065160,"circlet_count":0,"master_deck":["AscendersBane","Strike_B","Strike_B","Defend_B","Defend_B","Defend_B","Defend_B","Zap+1","Dualcast","Gash+1","Rebound","Go for the Eyes","Beam Cell","Hologram+1","Machine Learning","Steam","Skim","Scrape","Gash","Hologram","BootSequence"],"relics":["Cracked Core","NeowsBlessing","Golden Idol","Kunai","FossilizedHelix","Calipers","Shuriken","Orrery","Membership Card"],"potions_floor_usage":[13,16],"damage_taken":[{"damage":0,"enemies":"Jaw Worm","floor":1,"turns":1},{"damage":0,"enemies":"2 Louse","floor":4,"turns":1},{"damage":0,"enemies":"Lagavulin","floor":8,"turns":1},{"damage":0,"enemies":"Cultist","floor":10,"turns":3},{"damage":1,"enemies":"Looter","floor":11,"turns":3},{"damage":7,"enemies":"3 Louse","floor":13,"turns":3},{"damage":0,"enemies":"Slime Boss","floor":16,"turns":7},{"damage":14,"enemies":"Chosen","floor":18,"turns":5},{"damage":9,"enemies":"Spheric Guardian","floor":20,"turns":4},{"damage":18,"enemies":"Centurion and Healer","floor":22,"turns":7},{"damage":24,"enemies":"Book of Stabbing","floor":23,"turns":3}],"seed_played":"-6669554420824475425","potions_obtained":[{"floor":10,"key":"AttackPotion"},{"floor":13,"key":"PowerPotion"}],"is_trial":false,"path_per_floor":["M","?","?","M","?","R","T","E","T","M","M","R","M","?","R","B",null,"M","$","M","$","M","E"],"character_chosen":"DEFECT","items_purchased":["Gash","Membership Card"],"campfire_rested":0,"item_purchase_floors":[19,21],"current_hp_per_floor":[64,53,53,53,53,53,53,53,53,53,52,52,45,40,40,40,58,44,44,35,35,17,0],"gold":81,"neow_bonus":"THREE_ENEMY_KILL","is_prod":false,"is_daily":false,"chose_seed":false,"campfire_upgraded":3,"win_rate":0,"timestamp":1560718711,"path_taken":["M","?","?","M","?","R","?","E","T","M","M","R","?","?","R","BOSS","M","$","M","$","M","E"],"build_version":"2019-01-23","purchased_purges":2,"victory":false,"max_hp_per_floor":[71,71,64,64,64,64,64,64,64,64,64,64,64,64,64,64,64,64,64,64,64,64,64],"card_choices":[{"not_picked":["Go for the Eyes","Force Field"],"picked":"Gash","floor":1},{"not_picked":["Genetic Algorithm","Blizzard"],"picked":"Rebound","floor":4},{"not_picked":["Cold Snap","Conserve Battery"],"picked":"Go for the Eyes","floor":8},{"not_picked":["Buffer","Fusion"],"picked":"Beam Cell","floor":10},{"not_picked":["Turbo","Fusion","Streamline"],"picked":"SKIP","floor":11},{"not_picked":["Capacitor","Stack"],"picked":"Hologram","floor":13},{"not_picked":["Core Surge","Hyperbeam"],"picked":"Machine Learning","floor":16},{"not_picked":["Cold Snap","Barrage"],"picked":"Steam","floor":17},{"not_picked":["Darkness","Force Field"],"picked":"Skim","floor":17},{"not_picked":["Buffer","Steam"],"picked":"Scrape","floor":18},{"not_picked":["Ball Lightning","Compile Driver"],"picked":"Hologram","floor":20},{"not_picked":["Beam Cell","BootSequence","Storm"],"picked":"SKIP","floor":22},{"not_picked":["Beam Cell","Storm"],"picked":"BootSequence","floor":22}],"player_experience":576268,"relics_obtained":[{"floor":7,"key":"Kunai"},{"floor":8,"key":"FossilizedHelix"},{"floor":9,"key":"Calipers"}],"event_choices":[{"damage_healed":0,"gold_gain":75,"player_choice":"Gather Gold","damage_taken":11,"max_hp_gain":0,"max_hp_loss":0,"event_name":"World of Goop","floor":2,"gold_loss":0},{"damage_healed":0,"gold_gain":0,"player_choice":"Lose Max HP","damage_taken":0,"relics_obtained":["Golden Idol"],"max_hp_gain":0,"max_hp_loss":7,"event_name":"Golden Idol","floor":3,"gold_loss":0},{"damage_healed":0,"gold_gain":0,"player_choice":"Ignored","damage_taken":0,"max_hp_gain":0,"max_hp_loss":0,"event_name":"Liars Game","floor":5,"gold_loss":0},{"damage_healed":0,"gold_gain":0,"player_choice":"Success","damage_taken":5,"relics_obtained":["Shuriken"],"max_hp_gain":0,"max_hp_loss":0,"event_name":"Scrap Ooze","floor":14,"gold_loss":0}],"is_beta":false,"boss_relics":[{"not_picked":["Astrolabe","Snecko Eye"],"picked":"Orrery"}],"items_purged_floors":[19,21],"is_endless":false,"potions_floor_spawned":[10,13],"killed_by":"Book of Stabbing","ascension_level":18}