{"gold_per_floor":[115,126,144,94,94,94,105,105,105,115,134,162,174,207,207,303,303,316,327,338,338,351,351,380,380,380,395,395,426,437,437,437,533,533,543,543,543,559,273,273,300,317,317,363,373,373,387,397,397,397],"floor_reached":50,"playtime":1992,"items_purged":["Parasite"],"score":818,"play_id":"8844d5af-4b10-465a-9bc6-5031edf832b8","local_time":"20190505211814","is_ascension_mode":true,"campfire_choices":[{"data":"Bash","floor":6,"key":"SMITH"},{"data":"Flame Barrier","floor":8,"key":"SMITH"},{"data":"Inflame","floor":15,"key":"SMITH"},{"data":"Whirlwind","floor":23,"key":"SMITH"},{"data":"Flex","floor":25,"key":"SMITH"},{"data":"Twin Strike","floor":28,"key":"SMITH"},{"floor":32,"key":"REST"},{"data":"Pommel Strike","floor":40,"key":"SMITH"},{"data":"Inflame","floor":46,"key":"SMITH"},{"floor":49,"key":"REST"}],"neow_cost":"TEN_PERCENT_HP_LOSS","seed_source_timestamp":1592294509696219,"circlet_count":0,"master_deck":["AscendersBane","Strike_R","Strike_R","Defend_R","Defend_R","Bash+1","Ghostly Armor","Flex+1","Headbutt","Flame Barrier+1","Clash","Anger","Twin Strike+1","Inflame+1","Whirlwind+1","Reaper","Shrug It Off","Clash","Inflame+1","Pommel Strike+1","Pommel Strike+1","Decay","Regret","Parasite","Shrug It Off+1","Flame Barrier+1"],"relics":["Burning Blood","Ancient Tea Set","Singing Bowl","Paper Frog","Cursed Key","Shuriken","Mercury Hourglass","Bag of Preparation","Sozu","Bag of Marbles","Boot","Kunai","Potion Belt"],"potions_floor_usage":[10,12,12,24,29,33,50],"damage_taken":[{"damage":7,"enemies":"Small Slimes","floor":1,"turns":4},{"damage":0,"enemies":"Cultist","floor":2,"turns":3},{"damage":9,"enemies":"Jaw Worm","floor":3,"turns":4},{"damage":0,"enemies":"Gremlin Gang","floor":7,"turns":6},{"damage":6,"enemies":"2 Fungi Beasts","floor":10,"turns":2},{"damage":8,"enemies":"Exordium Thugs","floor":11,"turns":4},{"damage":20,"enemies":"Lagavulin","floor":12,"turns":5},{"damage":0,"enemies":"Exordium Wildlife","floor":13,"turns":3},{"damage":23,"enemies":"Gremlin Nob","floor":14,"turns":4},{"damage":22,"enemies":"Hexaghost","floor":16,"turns":7},{"damage":0,"enemies":"Chosen","floor":18,"turns":4},{"damage":6,"enemies":"Spheric Guardian","floor":19,"turns":3},{"damage":9,"enemies":"Cultist and Chosen","floor":20,"turns":5},{"damage":7,"enemies":"Chosen and Byrds","floor":22,"turns":5},{"damage":30,"enemies":"Gremlin Leader","floor":24,"turns":7},{"damage":3,"enemies":"Snecko","floor":27,"turns":3},{"damage":38,"enemies":"Slavers","floor":29,"turns":4},{"damage":12,"enemies":"Snake Plant","floor":30,"turns":4},{"damage":28,"enemies":"Collector","floor":33,"turns":5},{"damage":3,"enemies":"Orb Walker","floor":35,"turns":2},{"damage":27,"enemies":"3 Darklings","floor":38,"turns":3},{"damage":43,"enemies":"Nemesis","floor":41,"turns":5},{"damage":0,"enemies":"Jaw Worm Horde","floor":42,"turns":2},{"damage":6,"enemies":"Writhing Mass","floor":45,"turns":4},{"damage":0,"enemies":"Sphere and 2 Shapes","floor":47,"turns":3},{"damage":13,"enemies":"Maw","floor":48,"turns":5},{"damage":114,"enemies":"Time Eater","floor":50,"turns":6}],"seed_played":"5303715120959271440","potions_obtained":[{"floor":1,"key":"SteroidPotion"},{"floor":3,"key":"Fire Potion"},{"floor":10,"key":"SteroidPotion"},{"floor":22,"key":"Weak Potion"},{"floor":24,"key":"Fire Potion"},{"floor":27,"key":"Ancient Potion"},{"floor":33,"key":"Energy Potion"}],"is_trial":false,"path_per_floor":["M","M","M","?","?","R","M","R","T","M","M","E","M","E","R","B",null,"M","M","M","?","M","R","E","R","T","M","R","E","M","?","R","B",null,"M","?","?","M","$","R","E","M","T","T","M","R","M","M","R","B"],"character_chosen":"IRONCLAD","items_purchased":["Bag of Marbles","Pommel Strike"],"campfire_rested":2,"item_purchase_floors":[39,39],"current_hp_per_floor":[71,72,69,69,69,69,72,72,72,72,70,56,64,47,47,31,63,74,76,78,71,72,72,67,67,67,72,72,49,45,45,70,86,86,88,88,84,77,77,77,44,52,52,52,57,57,63,65,87,0],"gold":397,"neow_bonus":"TRANSFORM_TWO_CARDS","is_prod":false,"is_daily":false,"chose_seed":false,"campfire_upgraded":8,"win_rate":0,"timestamp":1557083894,"path_taken":["M","M","M","?","?","R","?","R","T","M","M","E","M","E","R","BOSS","M","M","?","?","?","R","E","R","T","M","R","E","M","?","R","BOSS","M","?","?","M","$","R","E","?","T","?","?","R","M","M","R","BOSS"],"build_version":"2019-01-23","purchased_purges":1,"victory":false,"max_hp_per_floor":[72,72,72,72,72,72,72,72,72,72,72,72,74,74,74,74,74,74,76,78,78,80,80,80,80,80,82,82,82,84,84,84,86,86,88,88,84,86,83,83,83,85,85,85,85,85,85,87,87,87],"card_choices":[{"not_picked":["Disarm","Rage"],"picked":"Headbutt","floor":1},{"not_picked":["Blood for Blood","True Grit"],"picked":"Flame Barrier","floor":2},{"not_picked":["Flex","Cleave"],"picked":"Clash","floor":3},{"not_picked":["Iron Wave","Searing Blow","Flex"],"picked":"SKIP","floor":7},{"not_picked":["Metallicize","Wild Strike"],"picked":"Anger","floor":10},{"not_picked":["Iron Wave","Body Slam"],"picked":"Twin Strike","floor":11},{"not_picked":["Carnage","Uppercut"],"picked":"Inflame","floor":12},{"not_picked":["Rage","Warcry","Body Slam"],"picked":"Singing Bowl","floor":13},{"not_picked":["Clothesline","Warcry"],"picked":"Whirlwind","floor":14},{"not_picked":["Fiend Fire","Brutality"],"picked":"Reaper","floor":16},{"not_picked":["Fire Breathing","Carnage"],"picked":"Shrug It Off","floor":18},{"not_picked":["Whirlwind","Intimidate","Clash"],"picked":"Singing Bowl","floor":19},{"not_picked":["Power Through","Headbutt","Pommel Strike"],"picked":"Singing Bowl","floor":20},{"not_picked":["Whirlwind","Sword Boomerang","Sever Soul"],"picked":"Singing Bowl","floor":22},{"not_picked":["Clothesline","Twin Strike"],"picked":"Clash","floor":24},{"not_picked":["Perfected Strike","Corruption","Seeing Red"],"picked":"Singing Bowl","floor":27},{"not_picked":["Heavy Blade","Flex"],"picked":"Inflame","floor":29},{"not_picked":["Sever Soul","Infernal Blade","Cleave"],"picked":"Singing Bowl","floor":30},{"not_picked":["Fiend Fire","Berserk","Dark Embrace"],"picked":"Singing Bowl","floor":33},{"not_picked":["Warcry+1","Pummel","Flame Barrier+1"],"picked":"Singing Bowl","floor":35},{"not_picked":["Sword Boomerang","Body Slam","Metallicize"],"picked":"Singing Bowl","floor":38},{"not_picked":["Clash","Offering"],"picked":"Pommel Strike+1","floor":41},{"not_picked":["Twin Strike","Sword Boomerang+1","Anger"],"picked":"Singing Bowl","floor":42},{"not_picked":["Infernal Blade+1","Sentinel+1"],"picked":"Shrug It Off+1","floor":45},{"not_picked":["Cleave+1","Shrug It Off"],"picked":"Flame Barrier+1","floor":47},{"not_picked":["Twin Strike+1","Headbutt","Armaments+1"],"picked":"Singing Bowl","floor":48}],"player_experience":242902,"relics_obtained":[{"floor":9,"key":"Ancient Tea Set"},{"floor":12,"key":"Singing Bowl"},{"floor":14,"key":"Paper Frog"},{"floor":24,"key":"Shuriken"},{"floor":26,"key":"Mercury Hourglass"},{"floor":29,"key":"Bag of Preparation"},{"floor":41,"key":"Boot"},{"floor":43,"key":"Kunai"},{"floor":44,"key":"Potion Belt"}],"event_choices":[{"cards_removed":["Defend_R"],"damage_healed":0,"gold_gain":0,"player_choice":"Card Removal","damage_taken":0,"max_hp_gain":0,"max_hp_loss":0,"event_name":"The Cleric","floor":4,"gold_loss":50},{"damage_healed":0,"gold_gain":0,"player_choice":"Bought 0 Potions","damage_taken":0,"max_hp_gain":0,"max_hp_loss":0,"event_name":"The Woman in Blue","floor":5,"gold_loss":0},{"damage_healed":0,"gold_gain":0,"player_choice":"","damage_taken":7,"max_hp_gain":0,"max_hp_loss":0,"event_name":"Knowing Skull","floor":21,"potions_obtained":[],"gold_loss":0,"cards_obtained":[]},{"cards_removed":["Strike_R"],"damage_healed":0,"gold_gain":0,"player_choice":"Elegance","damage_taken":0,"max_hp_gain":0,"max_hp_loss":0,"event_name":"Back to Basics","floor":31,"gold_loss":0},{"cards_removed":["Strike_R"],"damage_healed":0,"gold_gain":0,"player_choice":"Removed Attack","damage_taken":0,"max_hp_gain":0,"max_hp_loss":0,"event_name":"Falling","floor":36,"gold_loss":0},{"damage_healed":0,"gold_gain":0,"player_choice":"Max HP","damage_taken":0,"max_hp_gain":0,"max_hp_loss":4,"event_name":"Winding Halls","floor":37,"gold_loss":0}],"is_beta":false,"boss_relics":[{"not_picked":["Tiny House","Orrery"],"picked":"Cursed Key"},{"not_picked":["Empty Cage","Coffee Dripper"],"picked":"Sozu"}],"items_purged_floors":[39],"is_endless":false,"potions_floor_spawned":[1,3,10,22,24,27,33,35,41,42],"killed_by":"Time Eater","ascension_level":11}