{"gold_per_floor":[115,115,115,65,89,123,141,141,141,141,156,192,212,20,20,139,139,157,82,107,121,121,134,134,170,252,268,80,80,118,118,118,249,249,263,283,283,298,321,362,462,462,462,477,241,276,117,136,136,136],"floor_reached":51,"playtime":3243,"items_purged":["Strike_B","Defend_B","Defend_B"],"score":1034,"play_id":"641c7b61-3d28-4644-9383-9a7709c00314","local_time":"20190514191616","is_ascension_mode":true,"campfire_choices":[{"floor":8,"key":"REST"},{"data":"Sunder","floor":10,"key":"SMITH"},{"floor":15,"key":"REST"},{"floor":24,"key":"REST"},{"data":"Strike_B","floor":32,"key":"PURGE"},{"data":"Strike_B+1","floor":42,"key":"PURGE"},{"data":"Self Repair","floor":49,"key":"PURGE"}],"neow_cost":"NONE","seed_source_timestamp":922507220154200,"circlet_count":0,"master_deck":["Defend_B","Defend_B","Zap","Dualcast","Sunder+1","Conserve Battery","Ball Lightning","BootSequence","Go for the Eyes","Fission","Coolheaded","Echo Form","Stack+1","Glacier","Core Surge","RitualDagger+1","Defragment+1","Hologram","Apotheosis","J.A.X.","Compile Driver+1","Chill+1","Biased Cognition+1","Melter","Reinforced Body"],"relics":["Cracked Core","Golden Idol","Peace Pipe","Mango","Juzu Bracelet","ClockworkSouvenir","Sozu","Torii","Frozen Egg 2","Art of War","Philosopher\u0027s Stone","Whetstone","Incense Burner","Gremlin Horn"],"potions_floor_usage":[12],"damage_taken":[{"damage":7,"enemies":"Jaw Worm","floor":1,"turns":3},{"damage":0,"enemies":"Small Slimes","floor":5,"turns":2},{"damage":32,"enemies":"Gremlin Nob","floor":6,"turns":4},{"damage":0,"enemies":"Cultist","floor":7,"turns":2},{"damage":4,"enemies":"Looter","floor":11,"turns":3},{"damage":23,"enemies":"Lagavulin","floor":12,"turns":5},{"damage":0,"enemies":"Exordium Wildlife","floor":13,"turns":3},{"damage":27,"enemies":"The Guardian","floor":16,"turns":12},{"damage":0,"enemies":"Spheric Guardian","floor":18,"turns":3},{"damage":4,"enemies":"3 Byrds","floor":20,"turns":5},{"damage":18,"enemies":"Snake Plant","floor":21,"turns":4},{"damage":11,"enemies":"Centurion and Healer","floor":23,"turns":6},{"damage":22,"enemies":"Book of Stabbing","floor":25,"turns":7},{"damage":0,"enemies":"Shelled Parasite and Fungi","floor":27,"turns":8},{"damage":2,"enemies":"Slavers","floor":30,"turns":8},{"damage":36,"enemies":"Automaton","floor":33,"turns":9},{"damage":23,"enemies":"Orb Walker","floor":35,"turns":4},{"damage":0,"enemies":"3 Shapes","floor":36,"turns":6},{"damage":19,"enemies":"Transient","floor":38,"turns":5},{"damage":4,"enemies":"Spire Growth","floor":39,"turns":5},{"damage":39,"enemies":"Reptomancer","floor":40,"turns":9},{"damage":1,"enemies":"Maw","floor":44,"turns":8},{"damage":4,"enemies":"Nemesis","floor":46,"turns":8},{"damage":0,"enemies":"Transient","floor":48,"turns":5},{"damage":36,"enemies":"Donu and Deca","floor":50,"turns":8}],"seed_played":"-5836596595606537406","potions_obtained":[{"floor":6,"key":"Poison Potion"},{"floor":13,"key":"LiquidBronze"}],"is_trial":false,"path_per_floor":["M","?","$","?","M","E","M","R","T","R","M","E","M","$","R","B",null,"M","$","M","M","?","M","R","E","T","M","$","?","E","?","R","B",null,"M","M","?","M","M","E","?","R","T","M","$","E","$","M","R","B",null],"character_chosen":"DEFECT","items_purchased":["ClockworkSouvenir","Apotheosis","Biased Cognition+1","Reinforced Body"],"campfire_rested":3,"item_purchase_floors":[14,28,45,47],"current_hp_per_floor":[75,55,55,55,55,23,23,47,61,61,57,34,34,34,62,35,81,81,81,77,59,53,42,70,55,55,62,62,62,70,70,70,34,81,65,75,75,66,82,63,63,63,63,72,72,75,75,82,82,46],"gold":136,"neow_bonus":"TEN_PERCENT_HP_BONUS","is_prod":false,"is_daily":false,"chose_seed":false,"campfire_upgraded":1,"win_rate":0,"timestamp":1557886576,"path_taken":["M","?","?","?","M","E","?","R","T","R","?","E","M","$","R","BOSS","M","$","M","M","?","M","R","E","T","M","$","?","E","?","R","BOSS","M","M","?","M","M","E","?","R","T","M","$","E","$","M","R","BOSS"],"build_version":"2019-01-23","purchased_purges":3,"victory":true,"max_hp_per_floor":[82,82,82,82,82,82,82,82,96,96,96,96,96,96,96,96,96,96,96,96,96,96,96,96,96,96,96,96,96,96,96,96,96,96,96,96,91,91,91,91,91,91,91,91,91,91,91,91,91,91],"card_choices":[{"not_picked":["Streamline","Turbo"],"picked":"Sunder","floor":1},{"not_picked":["Streamline","Hologram"],"picked":"Conserve Battery","floor":5},{"not_picked":["Streamline","Scrape"],"picked":"Ball Lightning","floor":6},{"not_picked":["Conserve Battery","Ball Lightning"],"picked":"BootSequence","floor":7},{"not_picked":["Hologram","Stack"],"picked":"Go for the Eyes","floor":11},{"not_picked":["Redo","BootSequence","Fission"],"picked":"SKIP","floor":12},{"not_picked":["Redo","BootSequence"],"picked":"Fission","floor":12},{"not_picked":["Compile Driver","Streamline"],"picked":"Coolheaded","floor":13},{"not_picked":["Reboot","Rainbow"],"picked":"Echo Form","floor":16},{"not_picked":["Cold Snap","Redo"],"picked":"Stack+1","floor":18},{"not_picked":["Static Discharge","Genetic Algorithm"],"picked":"Glacier","floor":20},{"not_picked":["Steam","Sweeping Beam+1"],"picked":"Core Surge","floor":21},{"not_picked":["White Noise","Ball Lightning"],"picked":"Self Repair","floor":23},{"not_picked":["Capacitor","Go for the Eyes"],"picked":"Defragment+1","floor":25},{"not_picked":["Compile Driver","Recycle"],"picked":"Hologram","floor":27},{"not_picked":["Rebound+1","Rip and Tear","Leap+1"],"picked":"SKIP","floor":30},{"not_picked":["Stack","Redo+1","Leap"],"picked":"SKIP","floor":35},{"not_picked":["Go for the Eyes+1","Darkness"],"picked":"Compile Driver+1","floor":36},{"not_picked":["Compile Driver+1","Leap+1"],"picked":"Chill+1","floor":38},{"not_picked":["Compile Driver+1","Ball Lightning+1","Gash+1"],"picked":"SKIP","floor":39},{"not_picked":["Glacier+1","Rip and Tear","Steam Power"],"picked":"SKIP","floor":40},{"not_picked":["Stack+1","Go for the Eyes","Sweeping Beam"],"picked":"SKIP","floor":44},{"not_picked":["Reinforced Body","Compile Driver"],"picked":"Melter","floor":46},{"not_picked":["Sunder","Reinforced Body+1","Rip and Tear"],"picked":"SKIP","floor":48}],"player_experience":302920,"relics_obtained":[{"floor":6,"key":"Peace Pipe"},{"floor":9,"key":"Mango"},{"floor":12,"key":"Juzu Bracelet"},{"floor":25,"key":"Torii"},{"floor":26,"key":"Frozen Egg 2"},{"floor":30,"key":"Art of War"},{"floor":40,"key":"Whetstone"},{"floor":43,"key":"Incense Burner"},{"floor":46,"key":"Gremlin Horn"}],"event_choices":[{"damage_healed":0,"gold_gain":0,"player_choice":"Take Damage","damage_taken":20,"relics_obtained":["Golden Idol"],"max_hp_gain":0,"max_hp_loss":0,"event_name":"Golden Idol","floor":2,"gold_loss":0},{"cards_removed":["Strike_B"],"damage_healed":0,"gold_gain":0,"player_choice":"Card Removal","damage_taken":0,"max_hp_gain":0,"max_hp_loss":0,"event_name":"The Cleric","floor":4,"gold_loss":50},{"damage_healed":0,"gold_gain":0,"player_choice":"Joined the Cult","damage_taken":6,"max_hp_gain":0,"max_hp_loss":0,"event_name":"Nest","floor":22,"gold_loss":0,"cards_obtained":["RitualDagger"]},{"damage_healed":0,"gold_gain":0,"player_choice":"Obtain J.A.X.","damage_taken":0,"max_hp_gain":0,"max_hp_loss":0,"event_name":"Drug Dealer","floor":31,"gold_loss":0,"cards_obtained":["J.A.X."]},{"damage_healed":0,"gold_gain":0,"player_choice":"Max HP","damage_taken":0,"max_hp_gain":0,"max_hp_loss":5,"event_name":"Winding Halls","floor":37,"gold_loss":0},{"damage_healed":0,"gold_gain":100,"player_choice":"Pray","damage_taken":0,"max_hp_gain":0,"max_hp_loss":0,"event_name":"Golden Shrine","floor":41,"gold_loss":0}],"is_beta":false,"boss_relics":[{"not_picked":["Pandora\u0027s Box","Nuclear Battery"],"picked":"Sozu"},{"not_picked":["Velvet Choker","Astrolabe"],"picked":"Philosopher\u0027s Stone"}],"items_purged_floors":[19,45,47],"is_endless":false,"potions_floor_spawned":[6,13,20,21,23,35,46,48],"ascension_level":5}