{"gold_per_floor":[114,114,128,128,17,0,28,43,94,94,114,141,141,172,172,268,268,285,19,119,34,48,48,81,99,150,181,181,280,5,25,25,120,120,135,183,201,218,178,210,210,226,226,242,262,289,306,326,326,326,326,326,97,123,123],"floor_reached":55,"playtime":3722,"items_purged":["Dagger Spray"],"score":1361,"play_id":"57677e6b-d1f8-49cc-85fc-ad8204d71161","local_time":"20190403000521","is_ascension_mode":true,"campfire_choices":[{"data":"Cloak And Dagger","floor":13.0,"key":"SMITH"},{"data":"Blade Dance","floor":15.0,"key":"SMITH"},{"data":"Accuracy","floor":23.0,"key":"SMITH"},{"data":"Burst","floor":28.0,"key":"SMITH"},{"data":"Wraith Form v2","floor":32.0,"key":"SMITH"},{"data":"Accuracy","floor":41.0,"key":"SMITH"},{"floor":49.0,"key":"RECALL"},{"data":"After Image","floor":52.0,"key":"SMITH"}],"neow_cost":"NONE","seed_source_timestamp":361478756161427,"circlet_count":0,"master_deck":["Survivor","Neutralize","Cloak And Dagger+1","Blur","Accuracy+1","Tactician","Well Laid Plans","Blade Dance+1","Dagger Throw","Accuracy+1","Burst+1","Doppelganger","Corpse Explosion","Wraith Form v2+1","Terror","Calculated Gamble","After Image+1","Finisher","Calculated Gamble","Dodge and Roll","Escape Plan","Blade Dance","Backflip","Infinite Blades","Impatience","Envenom+1","Footwork"],"special_seed":0,"relics":["Ring of the Snake","NeowsBlessing","Strawberry","Oddly Smooth Stone","Matryoshka","Blood Vial","Lantern","Pandora\u0027s Box","Tiny Chest","PreservedInsect","StoneCalendar","Pantograph","Potion Belt","Tough Bandages","Ancient Tea Set","Pen Nib","Bag of Preparation","Happy Flower","White Beast Statue","Dodecahedron","Omamori","Gremlin Horn","Anchor","Snake Skull","Nunchaku"],"potions_floor_usage":[55,55,55,55,55],"damage_taken":[{"damage":0.0,"enemies":"Small Slimes","floor":1.0,"turns":1.0},{"damage":0.0,"enemies":"Cultist","floor":3.0,"turns":1.0},{"damage":0.0,"enemies":"Gremlin Nob","floor":7.0,"turns":1.0},{"damage":2.0,"enemies":"Jaw Worm","floor":8.0,"turns":8.0},{"damage":1.0,"enemies":"Blue Slaver","floor":11.0,"turns":5.0},{"damage":17.0,"enemies":"3 Sentries","floor":12.0,"turns":9.0},{"damage":7.0,"enemies":"Gremlin Nob","floor":14.0,"turns":3.0},{"damage":14.0,"enemies":"Slime Boss","floor":16.0,"turns":11.0},{"damage":0.0,"enemies":"3 Byrds","floor":18.0,"turns":2.0},{"damage":15.0,"enemies":"Colosseum Slavers","floor":20.0,"turns":5.0},{"damage":1.0,"enemies":"Colosseum Nobs","floor":20.0,"turns":3.0},{"damage":0.0,"enemies":"Spheric Guardian","floor":22.0,"turns":3.0},{"damage":28.0,"enemies":"Book of Stabbing","floor":24.0,"turns":5.0},{"damage":0.0,"enemies":"Snecko","floor":25.0,"turns":4.0},{"damage":0.0,"enemies":"Gremlin Leader","floor":27.0,"turns":3.0},{"damage":3.0,"enemies":"Shelled Parasite and Fungi","floor":31.0,"turns":2.0},{"damage":1.0,"enemies":"Champ","floor":33.0,"turns":4.0},{"damage":14.0,"enemies":"Orb Walker","floor":35.0,"turns":3.0},{"damage":4.0,"enemies":"3 Darklings","floor":37.0,"turns":5.0},{"damage":5.0,"enemies":"Sphere and 2 Shapes","floor":38.0,"turns":3.0},{"damage":0.0,"enemies":"Reptomancer","floor":40.0,"turns":3.0},{"damage":0.0,"enemies":"Spire Growth","floor":42.0,"turns":3.0},{"damage":1.0,"enemies":"Transient","floor":44.0,"turns":5.0},{"damage":16.0,"enemies":"Sphere and 2 Shapes","floor":45.0,"turns":3.0},{"damage":0.0,"enemies":"Giant Head","floor":46.0,"turns":6.0},{"damage":1.0,"enemies":"Jaw Worm Horde","floor":47.0,"turns":4.0},{"damage":0.0,"enemies":"4 Shapes","floor":48.0,"turns":3.0},{"damage":25.0,"enemies":"Awakened One","floor":50.0,"turns":11.0},{"damage":32,"enemies":"Shield and Spear","floor":54,"turns":7},{"damage":70,"enemies":"The Heart","floor":55,"turns":5}],"seed_played":"7514595863420443290","potions_obtained":[{"floor":3.0,"key":"Energy Potion"},{"floor":8.0,"key":"Block Potion"},{"floor":12.0,"key":"AttackPotion"},{"floor":16.0,"key":"PowerPotion"},{"floor":22.0,"key":"FearPotion"},{"floor":25.0,"key":"Poison Potion"},{"floor":27.0,"key":"FearPotion"},{"floor":31.0,"key":"Block Potion"},{"floor":35.0,"key":"Dexterity Potion"},{"floor":37.0,"key":"Ancient Potion"},{"floor":38.0,"key":"LiquidBronze"},{"floor":40.0,"key":"Energy Potion"},{"floor":42.0,"key":"SpeedPotion"},{"floor":46.0,"key":"LiquidBronze"},{"floor":48.0,"key":"Strength Potion"},{"floor":54,"key":"PowerPotion"}],"is_trial":false,"path_per_floor":["M","?","M","?","$","?","E","M","T","?","M","E","R","E","R","B",null,"M","$","?","?","M","R","E","M","T","E","R","?","$","M","R","B",null,"M","T","M","M","?","E","R","M","T","M","M","E","M","M","R","B",null,"R","$","E","B"],"character_chosen":"THE_SILENT","items_purchased":["Accuracy","Tactician","Tiny Chest","PreservedInsect","Infinite Blades","Happy Flower","Impatience","Snake Skull"],"campfire_rested":0,"item_purchase_floors":[5,5,19,19,30,30,30,53],"current_hp_per_floor":[63,63,63,63,63,63,70,68,68,61,60,43,43,38,38,26,64,66,66,54,54,56,56,30,32,32,34,34,34,34,33,33,59,73,61,61,59,56,56,58,58,60,60,61,47,49,50,52,52,52,71,71,71,41,0],"gold":123,"neow_bonus":"THREE_ENEMY_KILL","is_prod":false,"is_daily":false,"chose_seed":false,"campfire_upgraded":7,"win_rate":0,"timestamp":1554242721,"path_taken":["M","?","?","?","$","?","E","?","T","?","M","E","R","E","R","BOSS","M","$","?","?","M","R","E","M","T","E","R","?","$","?","R","BOSS","M","?","?","?","?","E","R","M","T","M","M","E","M","M","R","BOSS","R","$","E","BOSS"],"build_version":"2019-01-23","purchased_purges":1,"victory":false,"max_hp_per_floor":[70,70,70,70,70,70,77,77,77,77,77,77,77,77,77,77,77,77,77,77,77,77,77,77,77,77,77,77,77,77,77,77,77,77,77,77,77,77,77,77,77,77,77,77,77,77,77,77,77,77,77,77,77,77,77],"card_choices":[{"not_picked":["Terror","Deflect"],"picked":"Cloak And Dagger","floor":1.0},{"not_picked":["Dagger Throw","Dagger Spray"],"picked":"Blur","floor":3.0},{"not_picked":["Catalyst","Slice"],"picked":"Well Laid Plans","floor":7.0},{"not_picked":["Catalyst","Poisoned Stab"],"picked":"Dagger Spray","floor":8.0},{"not_picked":["Quick Slash","Underhanded Strike"],"picked":"Blade Dance","floor":11.0},{"not_picked":["Unload","Sucker Punch"],"picked":"Dagger Throw","floor":12.0},{"not_picked":["All Out Attack","Heel Hook"],"picked":"Accuracy","floor":14.0},{"not_picked":["Venomology","Unload"],"picked":"Burst","floor":16.0},{"not_picked":["Underhanded Strike+1","Acrobatics"],"picked":"Dodge and Roll","floor":18.0},{"not_picked":["Concentrate","Dagger Spray","All Out Attack"],"picked":"SKIP","floor":22.0},{"not_picked":["Deflect","Night Terror"],"picked":"Escape Plan","floor":24.0},{"not_picked":["Accuracy","Deflect"],"picked":"Blade Dance","floor":25.0},{"not_picked":["Flying Knee","Finisher"],"picked":"Backflip","floor":27.0},{"not_picked":["Dagger Spray","Flying Knee","Leg Sweep"],"picked":"SKIP","floor":31.0},{"not_picked":["Burst","Die Die Die"],"picked":"Envenom","floor":33.0},{"not_picked":["Dodge and Roll","Predator","Slice+1"],"picked":"SKIP","floor":35.0},{"not_picked":["Deadly Poison","Poisoned Stab"],"picked":"Footwork","floor":37.0},{"not_picked":["Quick Slash+1","Bane+1","All Out Attack"],"picked":"SKIP","floor":38.0},{"not_picked":["Quick Slash","Heel Hook+1","Deadly Poison+1"],"picked":"SKIP","floor":40.0},{"not_picked":["Catalyst","Finisher","Prepared+1"],"picked":"SKIP","floor":42.0},{"not_picked":["Outmaneuver+1","Skewer","Quick Slash+1"],"picked":"SKIP","floor":44.0},{"not_picked":["A Thousand Cuts","Masterful Stab","Flying Knee+1"],"picked":"SKIP","floor":45.0},{"not_picked":["Concentrate+1","Blur","Endless Agony+1"],"picked":"SKIP","floor":46.0},{"not_picked":["Blur+1","Sucker Punch","Bouncing Flask+1"],"picked":"SKIP","floor":47.0},{"not_picked":["Backflip","Poisoned Stab+1","Crippling Poison+1"],"picked":"SKIP","floor":48.0},{"not_picked":["Dodge and Roll","Predator","Caltrops+1"],"picked":"SKIP","floor":54}],"player_experience":187034,"relics_obtained":[{"floor":7.0,"key":"Strawberry"},{"floor":9.0,"key":"Oddly Smooth Stone"},{"floor":12.0,"key":"Blood Vial"},{"floor":14.0,"key":"Lantern"},{"floor":20.0,"key":"StoneCalendar"},{"floor":20.0,"key":"Pantograph"},{"floor":24.0,"key":"Tough Bandages"},{"floor":26.0,"key":"Ancient Tea Set"},{"floor":26.0,"key":"Pen Nib"},{"floor":27.0,"key":"Bag of Preparation"},{"floor":36.0,"key":"Dodecahedron"},{"floor":36.0,"key":"Omamori"},{"floor":40.0,"key":"Gremlin Horn"},{"floor":46.0,"key":"Anchor"},{"floor":54,"key":"Nunchaku"}],"event_choices":[{"cards_removed":["Defend_G"],"damage_healed":0.0,"max_hp_gain":0.0,"max_hp_loss":0.0,"gold_gain":0.0,"event_name":"Purifier","player_choice":"Purged","floor":2.0,"gold_loss":0.0,"damage_taken":0.0},{"cards_removed":["Strike_G"],"damage_healed":0.0,"max_hp_gain":0.0,"max_hp_loss":0.0,"gold_gain":0.0,"event_name":"Living Wall","player_choice":"Forget","floor":4.0,"gold_loss":0.0,"damage_taken":0.0},{"damage_healed":0.0,"max_hp_gain":0.0,"max_hp_loss":0.0,"gold_gain":0.0,"event_name":"World of Goop","player_choice":"Left Gold","floor":6.0,"gold_loss":17.0,"damage_taken":0.0},{"damage_healed":0.0,"max_hp_gain":0.0,"max_hp_loss":0.0,"gold_gain":0.0,"event_name":"Scrap Ooze","player_choice":"Success","floor":10.0,"gold_loss":0.0,"damage_taken":7.0,"relics_obtained":["Matryoshka"]},{"damage_healed":0.0,"max_hp_gain":0.0,"max_hp_loss":0.0,"gold_gain":0.0,"event_name":"Colosseum","player_choice":"Fight","floor":20.0,"gold_loss":0.0,"damage_taken":0.0},{"damage_healed":0.0,"max_hp_gain":0.0,"max_hp_loss":0.0,"gold_gain":0.0,"event_name":"Colosseum","player_choice":"Fought Nobs","floor":20.0,"gold_loss":0.0,"damage_taken":0.0},{"damage_healed":0.0,"max_hp_gain":0.0,"max_hp_loss":0.0,"gold_gain":0.0,"event_name":"Addict","player_choice":"Obtained Relic","floor":21.0,"gold_loss":85.0,"damage_taken":0.0,"relics_obtained":["Potion Belt"]},{"damage_healed":0.0,"max_hp_gain":0.0,"max_hp_loss":0.0,"gold_gain":99.0,"event_name":"Nest","player_choice":"Stole From Cult","floor":29.0,"gold_loss":0.0,"damage_taken":0.0},{"damage_healed":0.0,"max_hp_gain":0.0,"max_hp_loss":0.0,"gold_gain":0.0,"event_name":"Designer","player_choice":"Upgrade","floor":39.0,"gold_loss":40.0,"damage_taken":0.0,"cards_upgraded":["Envenom"]}],"is_beta":false,"boss_relics":[{"not_picked":["Busted Crown","Cursed Key"],"picked":"Pandora\u0027s Box"},{"not_picked":["Runic Pyramid","Tiny House"],"picked":"White Beast Statue"}],"items_purged_floors":[53],"is_endless":false,"potions_floor_spawned":[3,8,12,16,20,22,25,27,31,35,37,38,40,42,44,45,46,47,48,54],"killed_by":"The Heart","ascension_level":9}