{"gold_per_floor":[116,127,127,127,34,34,75,90,113,180,200,200,200,200,200,331,331,351,200,3,21,21,21,39,62,89,112,112,133,133,133],"floor_reached":31,"playtime":1540,"items_purged":["Strike_B"],"score":235,"play_id":"b1acc8c8-35c4-4b59-8d2a-4d64a2b94944","local_time":"20190528195903","is_ascension_mode":false,"campfire_choices":[{"data":"Zap","floor":6,"key":"SMITH"},{"floor":13,"key":"REST"},{"data":"Turbo","floor":15,"key":"SMITH"},{"data":"Fusion","floor":23,"key":"SMITH"},{"floor":28,"key":"REST"},{"floor":30,"key":"REST"}],"neow_cost":"TEN_PERCENT_HP_LOSS","seed_source_timestamp":956925822563994,"circlet_count":0,"master_deck":["Strike_B","Strike_B","Defend_B","Defend_B","Defend_B","Defend_B","Zap+1","Dualcast","Creative AI","Coolheaded","Glacier","Impatience","Turbo+1","Streamline+1","Creative AI","Core Surge+1","Fusion+1","Skim","Hologram+1","Thunder Strike+1"],"special_seed":0,"relics":["Cracked Core","Golden Idol","Happy Flower","Molten Egg 2","Anchor","Runic Dome","Frozen Eye","Art of War"],"potions_floor_usage":[16,27,31,31],"damage_taken":[{"damage":1,"enemies":"Jaw Worm","floor":1,"turns":3},{"damage":4,"enemies":"2 Louse","floor":2,"turns":3},{"damage":23,"enemies":"Gremlin Nob","floor":7,"turns":5},{"damage":5,"enemies":"Small Slimes","floor":8,"turns":4},{"damage":1,"enemies":"Looter","floor":11,"turns":3},{"damage":4,"enemies":"Hexaghost","floor":16,"turns":12},{"damage":26,"enemies":"Spheric Guardian","floor":18,"turns":5},{"damage":5,"enemies":"Chosen","floor":21,"turns":6},{"damage":19,"enemies":"Centurion and Healer","floor":24,"turns":16},{"damage":7,"enemies":"Snake Plant","floor":25,"turns":7},{"damage":9,"enemies":"Shelled Parasite and Fungi","floor":27,"turns":11},{"damage":21,"enemies":"Snecko","floor":29,"turns":5},{"damage":21,"enemies":"Book of Stabbing","floor":31,"turns":5}],"seed_played":"-3489346683420123264","potions_obtained":[{"floor":8,"key":"Weak Potion"},{"floor":22,"key":"Explosive Potion"},{"floor":22,"key":"FearPotion"},{"floor":22,"key":"SteroidPotion"},{"floor":25,"key":"FocusPotion"},{"floor":27,"key":"Swift Potion"}],"is_trial":false,"path_per_floor":["M","M","?","?","$","R","E","M","T","?","M","?","R","?","R","B",null,"M","$","$","M","?","R","M","M","T","M","R","M","R","E"],"character_chosen":"DEFECT","items_purchased":["Impatience","Fusion","Frozen Eye"],"campfire_rested":3,"item_purchase_floors":[5,19,20],"current_hp_per_floor":[67,63,46,34,34,34,11,6,6,6,5,5,25,25,25,21,68,42,42,42,37,37,37,18,11,11,2,22,1,21,0],"gold":133,"neow_bonus":"THREE_RARE_CARDS","is_prod":false,"is_daily":false,"chose_seed":false,"campfire_upgraded":3,"win_rate":0,"timestamp":1559066343,"path_taken":["M","M","?","?","$","R","E","M","T","?","?","?","R","?","R","BOSS","M","?","$","M","?","R","M","M","T","M","R","M","R","E"],"build_version":"2019-01-23","purchased_purges":1,"victory":false,"max_hp_per_floor":[68,68,68,68,68,68,68,68,68,68,68,68,68,68,68,68,68,68,68,68,68,68,68,68,68,68,68,68,68,68,68],"card_choices":[{"not_picked":["Hyperbeam","Amplify"],"picked":"Creative AI","floor":0.0},{"not_picked":["Gash","Static Discharge"],"picked":"Coolheaded","floor":1},{"not_picked":["Ball Lightning","Storm"],"picked":"Glacier","floor":2},{"not_picked":["Streamline","Tempest"],"picked":"Turbo","floor":7},{"not_picked":["Leap","Aggregate"],"picked":"Streamline+1","floor":8},{"not_picked":["Coolheaded","Hologram"],"picked":"Creative AI","floor":11},{"not_picked":["Echo Form","Rainbow"],"picked":"Core Surge+1","floor":16},{"not_picked":["Barrage+1","Scrape+1","FTL+1"],"picked":"SKIP","floor":18},{"not_picked":["Genetic Algorithm+1","Skim","Go for the Eyes+1"],"picked":"SKIP","floor":21},{"not_picked":["Genetic Algorithm+1","Go for the Eyes+1"],"picked":"Skim","floor":21},{"not_picked":["Go for the Eyes+1","Reprogram","Turbo"],"picked":"SKIP","floor":24},{"not_picked":["Cold Snap+1","Lockon+1"],"picked":"Hologram+1","floor":25},{"not_picked":["Hologram","Barrage+1","Compile Driver+1"],"picked":"SKIP","floor":27},{"not_picked":["Redo","Beam Cell+1","Thunder Strike+1"],"picked":"SKIP","floor":29},{"not_picked":["Redo","Beam Cell+1"],"picked":"Thunder Strike+1","floor":29}],"player_experience":453486,"relics_obtained":[{"floor":7,"key":"Molten Egg 2"},{"floor":9,"key":"Anchor"},{"floor":26,"key":"Art of War"}],"event_choices":[{"damage_healed":0,"gold_gain":0,"player_choice":"Take Damage","damage_taken":17,"relics_obtained":["Golden Idol"],"max_hp_gain":0,"max_hp_loss":0,"event_name":"Golden Idol","floor":3,"gold_loss":0},{"damage_healed":0,"gold_gain":0,"player_choice":"Success","damage_taken":12,"relics_obtained":["Happy Flower"],"max_hp_gain":0,"max_hp_loss":0,"event_name":"Scrap Ooze","floor":4,"gold_loss":0},{"damage_healed":0,"gold_gain":67,"player_choice":"Gained Gold","damage_taken":0,"max_hp_gain":0,"max_hp_loss":0,"event_name":"Golden Wing","floor":10,"gold_loss":0},{"damage_healed":0,"gold_gain":0,"player_choice":"Ignored","damage_taken":0,"max_hp_gain":0,"max_hp_loss":0,"event_name":"Shining Light","floor":12,"gold_loss":0},{"cards_removed":["Strike_B"],"damage_healed":0,"gold_gain":0,"player_choice":"Purged","damage_taken":0,"max_hp_gain":0,"max_hp_loss":0,"event_name":"Purifier","floor":14,"gold_loss":0},{"damage_healed":0,"gold_gain":0,"player_choice":"Got Potions","damage_taken":0,"max_hp_gain":0,"max_hp_loss":0,"event_name":"Lab","floor":22,"gold_loss":0}],"is_beta":false,"boss_relics":[{"not_picked":["Nuclear Battery","FrozenCore"],"picked":"Runic Dome"}],"items_purged_floors":[19],"is_endless":false,"potions_floor_spawned":[8,24,25,27],"killed_by":"Book of Stabbing","ascension_level":0}