{"gold_per_floor":[111,121,136,136,146,146,175,193,219,235,235,83,83,83,83,183,183,193,193,193,293,308,308,363,363,363,363],"floor_reached":27,"playtime":1009,"items_purged":[],"score":323,"play_id":"6c0d4909-1303-43c2-b5c1-57faa242b50b","local_time":"20190616171119","is_ascension_mode":true,"campfire_choices":[{"floor":6,"key":"REST"},{"floor":11,"key":"REST"},{"floor":15,"key":"REST"},{"data":"Malaise","floor":23,"key":"SMITH"},{"data":"Crippling Poison","floor":25,"key":"SMITH"}],"neow_cost":"PERCENT_DAMAGE","seed_source_timestamp":417125797158059,"circlet_count":0,"master_deck":["Defend_G","Defend_G","Defend_G","Defend_G","Strike_G+1","Strike_G+1","Strike_G","Survivor","Neutralize+1","Malaise+1","Dash","Crippling Poison+1","Slice+1","Blur","Cloak And Dagger","Infinite Blades","A Thousand Cuts","Escape Plan","Adrenaline","Escape Plan+1","Setup+1","Tools of the Trade+1","Backstab","Finisher+1"],"relics":["Ring of the Snake","Kunai","Whetstone","Bronze Scales","Astrolabe","Tiny Chest","Darkstone Periapt"],"potions_floor_usage":[8,10,24,27],"damage_taken":[{"damage":8,"enemies":"Small Slimes","floor":1,"turns":5},{"damage":0,"enemies":"Jaw Worm","floor":2,"turns":7},{"damage":0,"enemies":"2 Louse","floor":3,"turns":3},{"damage":0,"enemies":"2 Fungi Beasts","floor":5,"turns":4},{"damage":30,"enemies":"Gremlin Nob","floor":7,"turns":7},{"damage":3,"enemies":"Looter","floor":8,"turns":4},{"damage":3,"enemies":"Red Slaver","floor":10,"turns":3},{"damage":24,"enemies":"Slime Boss","floor":16,"turns":10},{"damage":0,"enemies":"Chosen","floor":18,"turns":6},{"damage":0,"enemies":"3 Byrds","floor":22,"turns":3},{"damage":10,"enemies":"Book of Stabbing","floor":24,"turns":5},{"damage":49,"enemies":"Slavers","floor":27,"turns":3}],"seed_played":"-3061864591566842065","potions_obtained":[{"floor":3,"key":"LiquidBronze"},{"floor":5,"key":"Explosive Potion"},{"floor":7,"key":"Strength Potion"},{"floor":8,"key":"GamblersBrew"},{"floor":24,"key":"SneckoOil"}],"is_trial":false,"path_per_floor":["M","M","M","?","M","R","E","M","T","M","R","$","?","$","R","B",null,"M","?","?","?","M","R","E","R","T","E"],"character_chosen":"THE_SILENT","items_purchased":["A Thousand Cuts","Escape Plan"],"campfire_rested":3,"item_purchase_floors":[12,12],"current_hp_per_floor":[37,37,37,23,23,44,14,11,11,8,29,29,26,26,47,23,58,58,58,58,58,58,58,48,48,48,0],"gold":363,"neow_bonus":"THREE_RARE_CARDS","is_prod":false,"is_daily":false,"chose_seed":false,"campfire_upgraded":2,"win_rate":0,"timestamp":1560723079,"path_taken":["M","M","M","?","M","R","E","M","T","M","R","$","?","$","R","BOSS","M","?","?","?","M","R","E","R","T","E"],"build_version":"2019-01-23","purchased_purges":0,"victory":false,"max_hp_per_floor":[70,70,70,70,70,70,70,70,70,70,70,70,70,70,70,70,70,70,70,70,70,70,70,70,70,70,70],"card_choices":[{"not_picked":["Burst","Adrenaline"],"picked":"Malaise","floor":0},{"not_picked":["Blade Dance","Outmaneuver"],"picked":"Dash","floor":1},{"not_picked":["Skewer","Outmaneuver"],"picked":"Crippling Poison","floor":2},{"not_picked":["Choke","Bane"],"picked":"Slice","floor":3},{"not_picked":["Outmaneuver","Quick Slash"],"picked":"Blur","floor":5},{"not_picked":["Slice","Envenom"],"picked":"Cloak And Dagger","floor":7},{"not_picked":["Blade Dance","Predator","Underhanded Strike"],"picked":"SKIP","floor":8},{"not_picked":["Accuracy","Slice"],"picked":"Infinite Blades","floor":10},{"not_picked":["Burst","Phantasmal Killer"],"picked":"Adrenaline","floor":16},{"not_picked":["Concentrate","Blade Dance"],"picked":"Backstab","floor":18},{"not_picked":["Acrobatics","Expertise","Slice"],"picked":"SKIP","floor":22},{"not_picked":["Acrobatics","Dash"],"picked":"Finisher+1","floor":24}],"player_experience":203317,"relics_obtained":[{"floor":7,"key":"Kunai"},{"floor":9,"key":"Whetstone"},{"floor":24,"key":"Tiny Chest"},{"floor":26,"key":"Darkstone Periapt"}],"event_choices":[{"damage_healed":0,"gold_gain":0,"player_choice":"Entered Light","damage_taken":14,"max_hp_gain":0,"max_hp_loss":0,"event_name":"Shining Light","floor":4,"gold_loss":0,"cards_upgraded":["Neutralize","Strike_G"]},{"damage_healed":0,"gold_gain":0,"player_choice":"Success","damage_taken":3,"relics_obtained":["Bronze Scales"],"max_hp_gain":0,"max_hp_loss":0,"event_name":"Scrap Ooze","floor":13,"gold_loss":0},{"damage_healed":0,"gold_gain":0,"player_choice":"Ignored","damage_taken":0,"max_hp_gain":0,"max_hp_loss":0,"event_name":"Vampires","floor":19,"gold_loss":0},{"damage_healed":0,"gold_gain":0,"player_choice":"Ignored","damage_taken":0,"max_hp_gain":0,"max_hp_loss":0,"event_name":"Beggar","floor":20,"gold_loss":0},{"damage_healed":0,"gold_gain":100,"player_choice":"Pray","damage_taken":0,"max_hp_gain":0,"max_hp_loss":0,"event_name":"Golden Shrine","floor":21,"gold_loss":0}],"is_beta":false,"boss_relics":[{"not_picked":["Ectoplasm","Pandora\u0027s Box"],"picked":"Astrolabe"}],"items_purged_floors":[],"is_endless":false,"potions_floor_spawned":[3,5,7,8,24],"killed_by":"Slavers","ascension_level":8}