{"gold_per_floor":[113,113,131,5,17,47,65,65,111,125,154,171,171,42,42,42],"floor_reached":16,"playtime":2239,"items_purged":["Strike_G","Regret"],"score":112,"play_id":"216673e1-bbdd-436b-8c9c-01b6c7f5266e","local_time":"20190525082644","is_ascension_mode":false,"campfire_choices":[{"floor":13,"key":"REST"},{"floor":15,"key":"REST"}],"neow_cost":"NONE","seed_source_timestamp":2392896646147372,"circlet_count":0,"master_deck":["Defend_G","Defend_G","Defend_G","Defend_G","Defend_G+1","Strike_G","Strike_G","Strike_G","Strike_G","Survivor","Neutralize","Flying Knee+1","Crippling Poison","Slice","Well Laid Plans","Backstab","PiercingWail","Deadly Poison","Night Terror","PiercingWail","Escape Plan"],"relics":["Ring of the Snake","Bronze Scales","Matryoshka","Ancient Tea Set","Smiling Mask","Potion Belt","The Specimen"],"potions_floor_usage":[],"damage_taken":[{"damage":0,"enemies":"2 Louse","floor":1,"turns":3},{"damage":0,"enemies":"Small Slimes","floor":3,"turns":3},{"damage":0,"enemies":"Jaw Worm","floor":5,"turns":3},{"damage":10,"enemies":"3 Sentries","floor":6,"turns":10},{"damage":2,"enemies":"Red Slaver","floor":7,"turns":3},{"damage":5,"enemies":"Exordium Thugs","floor":10,"turns":4},{"damage":18,"enemies":"Gremlin Nob","floor":11,"turns":5},{"damage":0,"enemies":"3 Louse","floor":12,"turns":3},{"damage":70,"enemies":"Slime Boss","floor":16,"turns":15}],"seed_played":"8389579495510818808","potions_obtained":[{"floor":1,"key":"FearPotion"},{"floor":6,"key":"Explosive Potion"},{"floor":10,"key":"Swift Potion"},{"floor":12,"key":"GamblersBrew"}],"is_trial":false,"path_per_floor":["M","?","M","$","M","E","M","?","T","M","E","M","R","$","R","B"],"character_chosen":"THE_SILENT","items_purchased":["Slice","Escape Plan"],"campfire_rested":2,"item_purchase_floors":[4,14],"current_hp_per_floor":[70,56,56,56,56,46,44,44,44,39,21,21,42,42,63,0],"gold":42,"neow_bonus":"RANDOM_COMMON_RELIC","is_prod":false,"is_daily":false,"chose_seed":false,"campfire_upgraded":0,"win_rate":0.0,"timestamp":1558787204,"path_taken":["M","?","M","$","M","E","M","?","T","M","E","M","R","$","R","BOSS"],"build_version":"2019-01-23","purchased_purges":2,"victory":false,"max_hp_per_floor":[70,70,70,70,70,70,70,70,70,70,70,70,70,70,70,70],"card_choices":[{"not_picked":["Distraction","Bane"],"picked":"Flying Knee","floor":1},{"not_picked":["Bouncing Flask","Choke"],"picked":"Crippling Poison","floor":3},{"not_picked":["Escape Plan","Leg Sweep"],"picked":"Well Laid Plans","floor":5},{"not_picked":["Glass Knife","Tactician"],"picked":"Backstab","floor":6},{"not_picked":["Dagger Spray","Infinite Blades"],"picked":"PiercingWail","floor":7},{"not_picked":["Cloak And Dagger","Deflect"],"picked":"Deadly Poison","floor":10},{"not_picked":["Deadly Poison","Choke"],"picked":"Night Terror","floor":11},{"not_picked":["Cloak And Dagger","Reflex"],"picked":"PiercingWail","floor":12}],"player_experience":927668,"relics_obtained":[{"floor":6,"key":"Matryoshka"},{"floor":9,"key":"Smiling Mask"},{"floor":9,"key":"Potion Belt"},{"floor":11,"key":"The Specimen"}],"event_choices":[{"damage_healed":0,"gold_gain":0,"player_choice":"Entered Light","damage_taken":14,"max_hp_gain":0,"max_hp_loss":0,"event_name":"Shining Light","floor":2,"gold_loss":0,"cards_upgraded":["Flying Knee","Defend_G"]},{"damage_healed":0,"gold_gain":0,"player_choice":"Box","damage_taken":0,"relics_obtained":["Ancient Tea Set"],"max_hp_gain":0,"max_hp_loss":0,"event_name":"Big Fish","floor":8,"gold_loss":0,"cards_obtained":["Regret"]}],"is_beta":false,"boss_relics":[],"items_purged_floors":[4,14],"is_endless":false,"potions_floor_spawned":[1,6,10,12],"killed_by":"Slime Boss","ascension_level":0}