{"gold_per_floor":[109,121,141,141,158,158,177,177,252,285,295,327,327,338,338,441,441,460,375,395,410,135,163,163,197,197,252,252,280,380,380,380,478,478,489,34,46,46,56,83,83,109,148,212,224,271,283,322,334,346,358,370,26,58,58],"floor_reached":55,"playtime":2882,"items_purged":["Strike_R","Strike_R"],"score":1118,"play_id":"96a3f532-f3e5-494b-b8b9-a4d1b54a2d60","local_time":"20190306215027","is_ascension_mode":true,"campfire_choices":[{"data":"Searing Blow","floor":6,"key":"SMITH"},{"data":"Searing Blow+1","floor":8,"key":"SMITH"},{"data":"Searing Blow+2","floor":15,"key":"SMITH"},{"data":"Searing Blow+3","floor":24,"key":"SMITH"},{"data":"Searing Blow+4","floor":28,"key":"SMITH"},{"data":"Searing Blow+5","floor":32,"key":"SMITH"},{"data":"Searing Blow+6","floor":41,"key":"SMITH"},{"floor":47,"key":"RECALL"},{"data":"Searing Blow+7","floor":49,"key":"SMITH"},{"data":"Searing Blow+8","floor":52,"key":"SMITH"}],"neow_cost":"PERCENT_DAMAGE","seed_source_timestamp":424662263799331,"circlet_count":0,"master_deck":["Defend_R","Defend_R","Defend_R","Bash","Rage","Berserk","Clothesline","Searing Blow+9","Thunderclap","Headbutt","Whirlwind","Armaments+1","Feed","Clothesline","Double Tap","Dropkick","Demon Form+1","Barricade+1","Whirlwind+1"],"special_seed":0,"relics":["Burning Blood","Frozen Egg 2","Incense Burner","PreservedInsect","Snecko Eye","Question Card","Chemical X","WingedGreaves","Girya","Sundial","Tiny Chest","Shuriken","Nunchaku","Kunai","Sozu","Toolbox","Bag of Preparation","Ginger","MawBank","Vajra","Pear","Unceasing Top","Molten Egg 2","Medical Kit","Orichalcum","Bronze Scales"],"potions_floor_usage":[18,27,29,33,50,50],"damage_taken":[{"damage":1.0,"enemies":"Cultist","floor":1.0,"turns":4.0},{"damage":0.0,"enemies":"2 Louse","floor":2.0,"turns":3.0},{"damage":5.0,"enemies":"Jaw Worm","floor":3.0,"turns":4.0},{"damage":3,"enemies":"2 Fungi Beasts","floor":5,"turns":4},{"damage":1,"enemies":"Blue Slaver","floor":7,"turns":3},{"damage":15,"enemies":"Gremlin Nob","floor":10,"turns":4},{"damage":5,"enemies":"Red Slaver","floor":11,"turns":5},{"damage":10,"enemies":"3 Sentries","floor":12,"turns":6},{"damage":2,"enemies":"Exordium Wildlife","floor":14,"turns":4},{"damage":26,"enemies":"Hexaghost","floor":16,"turns":9},{"damage":0,"enemies":"Spheric Guardian","floor":18,"turns":3},{"damage":12,"enemies":"Shell Parasite","floor":20,"turns":6},{"damage":7,"enemies":"Snecko","floor":21,"turns":4},{"damage":0,"enemies":"Gremlin Leader","floor":23,"turns":3},{"damage":0,"enemies":"Book of Stabbing","floor":25,"turns":4},{"damage":10,"enemies":"Slavers","floor":27,"turns":6},{"damage":13,"enemies":"Gremlin Leader","floor":29,"turns":3},{"damage":5,"enemies":"Colosseum Slavers","floor":30,"turns":3},{"damage":5,"enemies":"Colosseum Nobs","floor":30,"turns":3},{"damage":18,"enemies":"Champ","floor":33,"turns":6},{"damage":1,"enemies":"Orb Walker","floor":35,"turns":3},{"damage":2,"enemies":"3 Darklings","floor":37,"turns":3},{"damage":1,"enemies":"Transient","floor":39,"turns":5},{"damage":0,"enemies":"Reptomancer","floor":40,"turns":3},{"damage":3,"enemies":"Giant Head","floor":42,"turns":4},{"damage":30,"enemies":"Nemesis","floor":46,"turns":3},{"damage":3,"enemies":"Reptomancer","floor":48,"turns":2},{"damage":40,"enemies":"Donu and Deca","floor":50,"turns":6},{"damage":0,"enemies":"Shield and Spear","floor":54,"turns":2},{"damage":127,"enemies":"The Heart","floor":55,"turns":5}],"seed_played":"4089517043225621007","potions_obtained":[{"floor":2.0,"key":"SmokeBomb"},{"floor":5,"key":"GamblersBrew"},{"floor":11,"key":"GamblersBrew"},{"floor":12,"key":"Poison Potion"},{"floor":20,"key":"Poison Potion"},{"floor":27,"key":"SteroidPotion"},{"floor":29,"key":"SteroidPotion"}],"is_trial":false,"path_per_floor":["M","M","M","?","M","R","M","R","T","E","M","E","?","M","R","B",null,"M","?","M","M","$","E","R","E","T","E","R","E","?","?","R","B",null,"M","$","M","?","M","E","R","E","T","T","T","E","R","E","R","B",null,"R","$","E","B"],"character_chosen":"IRONCLAD","items_purchased":["Chemical X","Toolbox","Bag of Preparation","Medical Kit","Orichalcum"],"campfire_rested":0,"item_purchase_floors":[22,36,36,53,53],"current_hp_per_floor":[61,67,68,68,71,71,76,76,76,67,68,64,64,68,68,48,80,80,80,78,81,81,90,90,95,95,94,94,87,93,93,93,81,102,102,102,105,105,105,108,108,111,111,111,121,97,97,103,103,72,127,127,127,127,0],"gold":58,"neow_bonus":"TRANSFORM_TWO_CARDS","is_prod":false,"is_daily":false,"chose_seed":false,"campfire_upgraded":9,"win_rate":0,"timestamp":1551905427,"path_taken":["M","?","M","?","M","R","?","R","T","E","M","E","?","M","R","BOSS","M","?","M","M","$","E","R","E","T","E","R","E","?","?","R","BOSS","M","$","M","?","?","E","R","E","T","?","?","E","R","E","R","BOSS","R","$","E","BOSS"],"build_version":"2019-01-23","purchased_purges":2,"victory":false,"max_hp_per_floor":[80,80,80,80,80,80,80,80,80,80,80,80,80,80,80,80,80,80,80,84,88,88,91,91,95,95,98,98,98,102,102,102,102,102,102,102,105,105,105,108,108,111,111,111,121,121,121,124,124,127,127,127,127,127,127],"card_choices":[{"not_picked":["Sword Boomerang","True Grit"],"picked":"Clothesline","floor":1.0},{"not_picked":["Anger","Thunderclap"],"picked":"Searing Blow","floor":2.0},{"not_picked":["Anger","Clothesline"],"picked":"Thunderclap","floor":3.0},{"not_picked":["Seeing Red","Cleave"],"picked":"Headbutt","floor":5},{"not_picked":["Reckless Charge","Cleave"],"picked":"Whirlwind","floor":7},{"not_picked":["Impervious","Power Through","Fiend Fire"],"picked":"SKIP","floor":10},{"not_picked":["Heavy Blade","Shrug It Off"],"picked":"Armaments","floor":11},{"not_picked":["Fire Breathing+1","Body Slam","Sword Boomerang"],"picked":"SKIP","floor":12},{"not_picked":["Reckless Charge","Anger","Twin Strike"],"picked":"SKIP","floor":14},{"not_picked":["Fiend Fire","Berserk+1"],"picked":"Feed","floor":16},{"not_picked":["Flex","Heavy Blade","Clash"],"picked":"SKIP","floor":18},{"not_picked":["Body Slam+1","Disarm","Entrench"],"picked":"Clothesline","floor":20},{"not_picked":["Heavy Blade","Infernal Blade","Second Wind","Corruption+1"],"picked":"SKIP","floor":21},{"not_picked":["Burning Pact","Headbutt","Spot Weakness+1","Armaments"],"picked":"SKIP","floor":23},{"not_picked":["Metallicize+1","Pommel Strike+1","Inflame+1","Blood for Blood"],"picked":"SKIP","floor":25},{"not_picked":["Bloodletting","Thunderclap","Anger","Corruption+1"],"picked":"SKIP","floor":27},{"not_picked":["Shrug It Off+1","Intimidate","Hemokinesis"],"picked":"Double Tap","floor":29},{"not_picked":["Juggernaut+1","Barricade+1","Feed"],"picked":"Demon Form+1","floor":33},{"not_picked":["Spot Weakness","Body Slam+1","Intimidate+1","Headbutt"],"picked":"SKIP","floor":35},{"not_picked":["Clash+1","Hemokinesis+1","Blood for Blood","Armaments+1"],"picked":"SKIP","floor":37},{"not_picked":["Iron Wave+1","Flex","Thunderclap","True Grit+1"],"picked":"SKIP","floor":39},{"not_picked":["Rampage","Battle Trance+1","Body Slam+1","Perfected Strike"],"picked":"SKIP","floor":40},{"not_picked":["Dropkick","Bloodletting+1","Twin Strike"],"picked":"Barricade+1","floor":42},{"not_picked":["Power Through","Spot Weakness","Headbutt","Armaments+1"],"picked":"SKIP","floor":46},{"not_picked":["Twin Strike+1","Sword Boomerang","Rupture+1"],"picked":"Whirlwind","floor":48},{"not_picked":["Infernal Blade","Warcry","Shrug It Off","Metallicize+1"],"picked":"SKIP","floor":54}],"player_experience":16054,"relics_obtained":[{"floor":9,"key":"Frozen Egg 2"},{"floor":10,"key":"Incense Burner"},{"floor":12,"key":"PreservedInsect"},{"floor":23,"key":"WingedGreaves"},{"floor":25,"key":"Girya"},{"floor":26,"key":"Sundial"},{"floor":27,"key":"Tiny Chest"},{"floor":29,"key":"Shuriken"},{"floor":30,"key":"Nunchaku"},{"floor":30,"key":"Kunai"},{"floor":40,"key":"Ginger"},{"floor":42,"key":"MawBank"},{"floor":44,"key":"Vajra"},{"floor":45,"key":"Pear"},{"floor":46,"key":"Unceasing Top"},{"floor":48,"key":"Molten Egg 2"},{"floor":54,"key":"Bronze Scales"}],"event_choices":[{"cards_removed":["Strike_R"],"damage_healed":0.0,"max_hp_gain":0.0,"max_hp_loss":0.0,"gold_gain":0.0,"event_name":"Wheel of Change","player_choice":"Card Removal","floor":4.0,"gold_loss":0.0,"damage_taken":0.0},{"damage_healed":0,"gold_gain":0,"player_choice":"Grow","damage_taken":0,"max_hp_gain":0,"max_hp_loss":0,"event_name":"Living Wall","floor":13,"gold_loss":0,"cards_upgraded":["Armaments"]},{"damage_healed":0,"gold_gain":0,"player_choice":"Obtained Relic","damage_taken":0,"relics_obtained":["Question Card"],"max_hp_gain":0,"max_hp_loss":0,"event_name":"Addict","floor":19,"gold_loss":85},{"damage_healed":0,"gold_gain":0,"player_choice":"Fight","damage_taken":0,"max_hp_gain":0,"max_hp_loss":0,"event_name":"Colosseum","floor":30,"gold_loss":0},{"damage_healed":0,"gold_gain":0,"player_choice":"Fought Nobs","damage_taken":0,"max_hp_gain":0,"max_hp_loss":0,"event_name":"Colosseum","floor":30,"gold_loss":0},{"damage_healed":0,"gold_gain":0,"player_choice":"Read","damage_taken":0,"max_hp_gain":0,"max_hp_loss":0,"event_name":"The Library","floor":31,"gold_loss":0,"cards_obtained":["Dropkick"]},{"cards_removed":["Strike_R"],"damage_healed":0,"gold_gain":0,"player_choice":"Purged","damage_taken":0,"max_hp_gain":0,"max_hp_loss":0,"event_name":"Purifier","floor":38,"gold_loss":0}],"is_beta":false,"boss_relics":[{"not_picked":["Runic Dome","Eternal Feather"],"picked":"Snecko Eye"},{"not_picked":["Velvet Choker","Cursed Key"],"picked":"Sozu"}],"items_purged_floors":[22,36],"is_endless":false,"potions_floor_spawned":[2,5,11,12,16,20,25,27,29,35,42,46],"killed_by":"The Heart","ascension_level":1}