{"gold_per_floor":[12,12,30,30,46,46,11,11,11,11,24,74,113,38,38,127,127,140,140,3,23,38,38,38,38,106,106,106],"floor_reached":28,"playtime":664,"items_purged":["Strike_B","Streamline"],"score":407,"play_id":"91c621eb-edec-4508-ad06-073c2ca146be","local_time":"20190617194301","is_ascension_mode":true,"campfire_choices":[{"data":"Doom and Gloom","floor":6.0,"key":"SMITH"},{"data":"Darkness","floor":8.0,"key":"SMITH"},{"floor":15.0,"key":"REST"},{"data":"Fission","floor":23,"key":"SMITH"},{"data":"Loop","floor":27,"key":"SMITH"}],"neow_cost":"NO_GOLD","seed_source_timestamp":273187673895453,"circlet_count":0,"master_deck":["AscendersBane","Strike_B","Defend_B","Defend_B","Defend_B","Defend_B","Zap","Dualcast","Doom and Gloom+1","Darkness+1","Parasite","Reboot","Fission+1","Ghostly","Ghostly","Ghostly","Loop+1","Undo","Auto Shields"],"special_seed":0,"relics":["Cracked Core","Golden Idol","Art of War","Pear","Nuclear Battery","Pantograph"],"potions_floor_usage":[],"damage_taken":[{"damage":3.0,"enemies":"2 Louse","floor":1.0,"turns":3.0},{"damage":4.0,"enemies":"Jaw Worm","floor":3.0,"turns":3.0},{"damage":16.0,"enemies":"Small Slimes","floor":5.0,"turns":4.0},{"damage":13.0,"enemies":"Red Slaver","floor":11.0,"turns":3.0},{"damage":43.0,"enemies":"Gremlin Nob","floor":13.0,"turns":4.0},{"damage":18.0,"enemies":"The Guardian","floor":16.0,"turns":7.0},{"damage":22.0,"enemies":"Spheric Guardian","floor":18.0,"turns":4.0},{"damage":15.0,"enemies":"Chosen","floor":21.0,"turns":6.0},{"damage":8,"enemies":"Shelled Parasite and Fungi","floor":22,"turns":5},{"damage":16,"enemies":"Snake Plant","floor":28,"turns":1}],"seed_played":"4519601530680209098","potions_obtained":[{"floor":3.0,"key":"SteroidPotion"},{"floor":13.0,"key":"Energy Potion"},{"floor":22,"key":"SpeedPotion"}],"is_trial":false,"path_per_floor":["M","?","M","?","M","R","?","R","T","?","M","?","E","$","R","B",null,"M","?","$","M","M","R","?","?","T","R","M"],"character_chosen":"DEFECT","items_purchased":["Loop"],"campfire_rested":1,"item_purchase_floors":[20],"current_hp_per_floor":[61,61,57,57,41,41,57,57,57,57,44,44,11,11,33,15,59,37,37,37,22,14,14,14,14,14,14,0],"gold":106,"neow_bonus":"REMOVE_TWO","is_prod":false,"is_daily":false,"chose_seed":false,"campfire_upgraded":4,"win_rate":0,"timestamp":1560793381,"path_taken":["M","?","M","?","M","R","?","R","T","?","?","?","E","?","R","BOSS","M","?","$","M","M","R","?","?","T","R","M"],"build_version":"2019-01-23","purchased_purges":2,"victory":false,"max_hp_per_floor":[71,71,71,64,64,64,64,64,64,64,64,64,74,74,74,74,74,74,37,37,37,37,37,37,37,37,37,37],"card_choices":[{"not_picked":["Turbo","Consume"],"picked":"Streamline","floor":1.0},{"not_picked":["Leap","Static Discharge"],"picked":"Doom and Gloom","floor":3.0},{"not_picked":["Recycle","Go for the Eyes"],"picked":"Darkness","floor":5.0},{"not_picked":["Skim","Barrage","Doom and Gloom"],"picked":"SKIP","floor":11.0},{"not_picked":["Genetic Algorithm","Reboot","Aggregate"],"picked":"SKIP","floor":13.0},{"not_picked":["Genetic Algorithm","Aggregate"],"picked":"Reboot","floor":13.0},{"not_picked":["Thunder Strike","Reboot"],"picked":"Fission","floor":16.0},{"not_picked":["Cold Snap","Steam Power","Ball Lightning"],"picked":"SKIP","floor":18.0},{"not_picked":["Gash","Leap"],"picked":"Undo","floor":21.0},{"not_picked":["Leap","Streamline"],"picked":"Auto Shields","floor":22}],"player_experience":592056,"relics_obtained":[{"floor":9.0,"key":"Art of War"},{"floor":13.0,"key":"Pear"},{"floor":26,"key":"Pantograph"}],"event_choices":[{"damage_healed":0.0,"max_hp_gain":0.0,"max_hp_loss":0.0,"gold_gain":0.0,"event_name":"Liars Game","player_choice":"Ignored","floor":2.0,"gold_loss":0.0,"damage_taken":0.0},{"damage_healed":0.0,"max_hp_gain":0.0,"max_hp_loss":7.0,"gold_gain":0.0,"event_name":"Golden Idol","player_choice":"Lose Max HP","floor":4.0,"gold_loss":0.0,"damage_taken":0.0,"relics_obtained":["Golden Idol"]},{"damage_healed":16.0,"max_hp_gain":0.0,"max_hp_loss":0.0,"gold_gain":0.0,"event_name":"The Cleric","player_choice":"Healed","floor":7.0,"gold_loss":35.0,"damage_taken":0.0},{"damage_healed":0.0,"max_hp_gain":0.0,"max_hp_loss":0.0,"gold_gain":0.0,"event_name":"Match and Keep!","player_choice":"1 cards matched","floor":10.0,"gold_loss":0.0,"damage_taken":0.0,"cards_obtained":["Parasite"]},{"damage_healed":0.0,"max_hp_gain":0.0,"max_hp_loss":0.0,"gold_gain":50.0,"event_name":"Golden Shrine","player_choice":"Pray","floor":12.0,"gold_loss":0.0,"damage_taken":0.0},{"damage_healed":0.0,"max_hp_gain":0.0,"max_hp_loss":37.0,"gold_gain":0.0,"event_name":"Ghosts","player_choice":"Became a Ghost","floor":19.0,"gold_loss":0.0,"damage_taken":0.0,"cards_obtained":["Ghostly","Ghostly","Ghostly"]},{"damage_healed":0,"gold_gain":0,"player_choice":"Ignored","damage_taken":0,"max_hp_gain":0,"max_hp_loss":0,"event_name":"Vampires","floor":24,"gold_loss":0},{"damage_healed":0,"gold_gain":0,"player_choice":"Ignored","damage_taken":0,"max_hp_gain":0,"max_hp_loss":0,"event_name":"Beggar","floor":25,"gold_loss":0}],"is_beta":false,"boss_relics":[{"not_picked":["Astrolabe","Philosopher\u0027s Stone"],"picked":"Nuclear Battery"}],"items_purged_floors":[14,20],"is_endless":false,"potions_floor_spawned":[3,13,22],"killed_by":"Snake Plant","ascension_level":18}