{"gold_per_floor":[116,126,126,126,136,163,163,182,205,7,27,54,71,84,84,186,186,200,200,47,66,78,108,127,140,140,40,40,40,60,71,71,173,173,192,202,212,134,146,177,177,187,187,207,134,147,147,0,0,0],"floor_reached":51,"playtime":3489,"items_purged":["Hello World","Strike_B"],"score":959,"play_id":"d63ff77b-b26e-4d28-a8c8-8672bda81375","local_time":"20190630062345","is_ascension_mode":true,"campfire_choices":[{"floor":15.0,"key":"REST"},{"floor":28.0,"key":"REST"},{"floor":32.0,"key":"REST"},{"floor":41,"key":"REST"},{"floor":47,"key":"REST"},{"floor":49,"key":"REST"}],"neow_cost":"NONE","seed_source_timestamp":0,"circlet_count":0,"master_deck":["Strike_B","Defend_B","Defend_B+1","Defend_B","Defend_B","Zap+1","Dualcast+1","Core Surge","Coolheaded","Apotheosis+1","Undo","FTL","Cold Snap","Genetic Algorithm","All For One","Hologram+1","Streamline","Capacitor","Gash+1","Defragment+1","Electrodynamics","Glacier","Parasite","Sunder+1","Capacitor"],"special_seed":0,"relics":["Cracked Core","Letter Opener","Bronze Scales","Potion Belt","Gremlin Horn","Sozu","DataDisk","Gambling Chip","Busted Crown","Centennial Puzzle","Mummified Hand","Red Mask"],"potions_floor_usage":[],"damage_taken":[{"damage":0.0,"enemies":"Small Slimes","floor":1.0,"turns":3.0},{"damage":0.0,"enemies":"Jaw Worm","floor":2.0,"turns":4.0},{"damage":0.0,"enemies":"2 Louse","floor":5.0,"turns":4.0},{"damage":23.0,"enemies":"Gremlin Nob","floor":6.0,"turns":5.0},{"damage":0.0,"enemies":"Gremlin Gang","floor":8.0,"turns":3.0},{"damage":3.0,"enemies":"Large Slime","floor":11.0,"turns":4.0},{"damage":2.0,"enemies":"3 Sentries","floor":12.0,"turns":4.0},{"damage":12.0,"enemies":"Lots of Slimes","floor":13.0,"turns":2.0},{"damage":0.0,"enemies":"Looter","floor":14.0,"turns":2.0},{"damage":2.0,"enemies":"Slime Boss","floor":16.0,"turns":8.0},{"damage":0.0,"enemies":"3 Byrds","floor":18.0,"turns":2.0},{"damage":12.0,"enemies":"2 Thieves","floor":21.0,"turns":4.0},{"damage":1.0,"enemies":"Sentry and Sphere","floor":22.0,"turns":5.0},{"damage":3.0,"enemies":"Book of Stabbing","floor":23.0,"turns":6.0},{"damage":0.0,"enemies":"Centurion and Healer","floor":24.0,"turns":6.0},{"damage":16.0,"enemies":"Snake Plant","floor":25.0,"turns":2.0},{"damage":12.0,"enemies":"Snecko","floor":30.0,"turns":5.0},{"damage":12.0,"enemies":"Shelled Parasite and Fungi","floor":31.0,"turns":4.0},{"damage":5.0,"enemies":"Champ","floor":33.0,"turns":9.0},{"damage":3,"enemies":"Orb Walker","floor":35,"turns":3},{"damage":17,"enemies":"3 Darklings","floor":36,"turns":2},{"damage":0,"enemies":"Maw","floor":37,"turns":6},{"damage":7,"enemies":"Writhing Mass","floor":39,"turns":5},{"damage":1,"enemies":"Giant Head","floor":40,"turns":9},{"damage":0,"enemies":"Sphere and 2 Shapes","floor":42,"turns":3},{"damage":13,"enemies":"Maw","floor":44,"turns":8},{"damage":20,"enemies":"Jaw Worm Horde","floor":46,"turns":3},{"damage":40,"enemies":"Donu and Deca","floor":50,"turns":9}],"seed_played":"6904797552543219089","potions_obtained":[{"floor":2.0,"key":"Fire Potion"},{"floor":6.0,"key":"EssenceOfSteel"},{"floor":12.0,"key":"PowerPotion"},{"floor":14.0,"key":"SpeedPotion"},{"floor":16.0,"key":"Weak Potion"}],"is_trial":false,"path_per_floor":["M","M","?","T","M","E","?","M","T","$","M","E","M","M","R","B",null,"M","?","$","M","M","E","M","M","T","$","R","?","M","M","R","B",null,"M","M","M","$","M","E","R","M","T","M","$","M","R","?","R","B",null],"character_chosen":"DEFECT","items_purchased":["Apotheosis","Undo","Capacitor","Glacier","Capacitor"],"campfire_rested":6,"item_purchase_floors":[10,10,20,38,45],"current_hp_per_floor":[68,68,53,53,53,30,30,30,30,30,27,25,13,13,35,33,65,65,65,65,53,52,49,49,33,33,33,55,55,43,31,53,48,68,65,48,48,48,41,40,62,62,62,49,49,29,51,51,73,33],"gold":0,"neow_bonus":"ONE_RANDOM_RARE_CARD","is_prod":false,"is_daily":false,"chose_seed":false,"campfire_upgraded":0,"win_rate":0,"timestamp":1561901025,"path_taken":["M","M","?","?","M","E","?","M","T","$","M","E","?","M","R","BOSS","M","?","$","M","M","E","M","M","T","$","R","?","M","M","R","BOSS","M","?","M","$","M","E","R","M","T","M","$","M","R","?","R","BOSS"],"build_version":"2019-01-23","purchased_purges":2,"victory":true,"max_hp_per_floor":[75,75,75,75,75,75,75,75,75,75,75,75,75,75,75,75,75,75,75,75,75,75,75,75,75,75,75,75,75,75,75,75,75,75,75,75,75,75,75,75,75,75,75,75,75,75,75,75,75,75],"card_choices":[{"not_picked":["Rebound","Gash"],"picked":"Coolheaded","floor":1.0},{"not_picked":["Steam Power","Melter","Barrage"],"picked":"SKIP","floor":2.0},{"not_picked":["BootSequence","Streamline","Blizzard"],"picked":"SKIP","floor":5.0},{"not_picked":["Blizzard","Consume","Stack"],"picked":"SKIP","floor":6.0},{"not_picked":["Scrape","Leap","Rip and Tear"],"picked":"SKIP","floor":8.0},{"not_picked":["Double Energy","Beam Cell"],"picked":"FTL","floor":11.0},{"not_picked":["Rebound","Barrage","Chaos"],"picked":"SKIP","floor":12.0},{"not_picked":["Redo","Turbo"],"picked":"Cold Snap","floor":13.0},{"not_picked":["Sweeping Beam","Steam Power"],"picked":"Genetic Algorithm","floor":14.0},{"not_picked":["Core Surge","Reboot"],"picked":"All For One","floor":16.0},{"not_picked":["Compile Driver","Sunder"],"picked":"Hologram+1","floor":18.0},{"not_picked":["Go for the Eyes+1","Sunder"],"picked":"Gash+1","floor":21.0},{"not_picked":["Sweeping Beam+1","Streamline","Loop"],"picked":"SKIP","floor":22.0},{"not_picked":["Conserve Battery","Darkness+1","Doom and Gloom+1"],"picked":"SKIP","floor":23.0},{"not_picked":["Cold Snap","Turbo","All For One"],"picked":"SKIP","floor":24.0},{"not_picked":["Hologram","Rebound+1","Gash"],"picked":"SKIP","floor":25.0},{"not_picked":["Ball Lightning","Beam Cell"],"picked":"Defragment+1","floor":30.0},{"not_picked":["Ball Lightning+1","Auto Shields","Coolheaded"],"picked":"SKIP","floor":31.0},{"not_picked":["Multi-Cast","Core Surge"],"picked":"Electrodynamics","floor":33.0},{"not_picked":["Stack+1"],"picked":"SKIP","floor":35},{"not_picked":["Genetic Algorithm"],"picked":"SKIP","floor":36},{"not_picked":["Beam Cell"],"picked":"SKIP","floor":37},{"not_picked":["Leap+1"],"picked":"SKIP","floor":39},{"not_picked":[],"picked":"Sunder+1","floor":40},{"not_picked":["Redo"],"picked":"SKIP","floor":42},{"not_picked":["Gash"],"picked":"SKIP","floor":44},{"not_picked":["Redo+1"],"picked":"SKIP","floor":46}],"player_experience":378217,"relics_obtained":[{"floor":4.0,"key":"Letter Opener"},{"floor":6.0,"key":"Bronze Scales"},{"floor":9.0,"key":"Potion Belt"},{"floor":12.0,"key":"Gremlin Horn"},{"floor":23.0,"key":"DataDisk"},{"floor":26.0,"key":"Gambling Chip"},{"floor":40,"key":"Centennial Puzzle"},{"floor":43,"key":"Mummified Hand"}],"event_choices":[{"damage_healed":0.0,"max_hp_gain":0.0,"max_hp_loss":0.0,"gold_gain":0.0,"event_name":"Shining Light","player_choice":"Entered Light","floor":3.0,"gold_loss":0.0,"damage_taken":15.0,"cards_upgraded":["Zap","Defend_B"]},{"damage_healed":0.0,"max_hp_gain":0.0,"max_hp_loss":0.0,"gold_gain":0.0,"event_name":"Upgrade Shrine","player_choice":"Upgraded","floor":7.0,"gold_loss":0.0,"damage_taken":0.0,"cards_upgraded":["Dualcast"]},{"damage_healed":0.0,"max_hp_gain":0.0,"max_hp_loss":0.0,"gold_gain":0.0,"cards_transformed":["Strike_B","Strike_B"],"event_name":"Drug Dealer","player_choice":"Became Test Subject","floor":19.0,"gold_loss":0.0,"damage_taken":0.0,"cards_obtained":["Streamline","Hello World"]},{"damage_healed":0.0,"max_hp_gain":0.0,"max_hp_loss":0.0,"gold_gain":0.0,"event_name":"Accursed Blacksmith","player_choice":"Forge","floor":29.0,"gold_loss":0.0,"damage_taken":0.0,"cards_upgraded":["Apotheosis"]},{"damage_healed":0,"gold_gain":0,"player_choice":"Paid","damage_taken":0,"relics_obtained":["Red Mask"],"max_hp_gain":0,"max_hp_loss":0,"event_name":"Tomb of Lord Red Mask","floor":48,"gold_loss":147}],"is_beta":false,"boss_relics":[{"not_picked":["Empty Cage","Fusion Hammer"],"picked":"Sozu"},{"not_picked":["Nuclear Battery","Eternal Feather"],"picked":"Busted Crown"}],"items_purged_floors":[20,27],"is_endless":false,"potions_floor_spawned":[2,6,12,14,16,18,23,30,33,36,39],"ascension_level":8}