{"gold_per_floor":[114,114,131,49,69,69,98,98,145,179,201,213,244,244,244,322,372,391,391,403,51,66,66],"floor_reached":23,"playtime":979,"items_purged":["Writhe"],"score":355,"play_id":"bd31ba6e-0cf2-4f8f-90dd-be885d8c1240","local_time":"20190525015515","is_ascension_mode":true,"campfire_choices":[{"data":"Predator","floor":6.0,"key":"SMITH"},{"data":"Skewer","floor":8.0,"key":"SMITH"},{"floor":15.0,"key":"REST"}],"neow_cost":"NONE","seed_source_timestamp":633097461162125,"circlet_count":0,"master_deck":["AscendersBane","Defend_G","Defend_G","Defend_G","Defend_G","Defend_G","Strike_G","Strike_G","Strike_G","Strike_G","Strike_G","Survivor+1","Neutralize","Noxious Fumes","Underhanded Strike","Terror","Predator+1","Skewer+1","Footwork","Escape Plan","Dodge and Roll","Deflect","Leg Sweep","Dagger Spray"],"special_seed":0,"relics":["Cursed Key","Vajra","Anchor","Girya","Odd Mushroom","Regal Pillow","Tiny House","Blood Vial"],"potions_floor_usage":[22,22,22],"damage_taken":[{"damage":0.0,"enemies":"2 Louse","floor":1.0,"turns":3.0},{"damage":1.0,"enemies":"Small Slimes","floor":3.0,"turns":4.0},{"damage":2.0,"enemies":"Jaw Worm","floor":5.0,"turns":3.0},{"damage":25.0,"enemies":"3 Sentries","floor":7.0,"turns":7.0},{"damage":11.0,"enemies":"Lagavulin","floor":10.0,"turns":4.0},{"damage":13.0,"enemies":"The Mushroom Lair","floor":11.0,"turns":4.0},{"damage":0.0,"enemies":"2 Fungi Beasts","floor":12.0,"turns":2.0},{"damage":5.0,"enemies":"Gremlin Nob","floor":13.0,"turns":3.0},{"damage":18,"enemies":"The Guardian","floor":16,"turns":9},{"damage":21,"enemies":"Shell Parasite","floor":18,"turns":5},{"damage":21,"enemies":"3 Byrds","floor":20,"turns":8},{"damage":3,"enemies":"3 Cultists","floor":22,"turns":6},{"damage":13,"enemies":"Book of Stabbing","floor":23,"turns":4}],"seed_played":"5249610195830663814","potions_obtained":[{"floor":1.0,"key":"SkillPotion"},{"floor":3.0,"key":"Strength Potion"},{"floor":10.0,"key":"SteroidPotion"},{"floor":13.0,"key":"Fruit Juice"},{"floor":17,"key":"EntropicBrew"},{"floor":20,"key":"AttackPotion"}],"is_trial":false,"path_per_floor":["M","?","M","$","M","R","E","R","T","E","?","M","E","T","R","B",null,"M","?","M","$","M","E"],"character_chosen":"THE_SILENT","items_purchased":["Terror","Blood Vial","Leg Sweep","Dagger Spray"],"campfire_rested":1,"item_purchase_floors":[4,21,21,21],"current_hp_per_floor":[59,59,58,58,56,56,31,31,31,20,7,7,2,7,43,25,65,44,30,9,9,8,0],"gold":66,"neow_bonus":"BOSS_RELIC","is_prod":false,"is_daily":false,"chose_seed":false,"campfire_upgraded":2,"win_rate":0,"timestamp":1558742115,"path_taken":["M","?","M","$","M","R","E","R","T","E","?","M","E","?","R","BOSS","M","?","M","$","M","E"],"build_version":"2019-01-23","purchased_purges":1,"victory":false,"max_hp_per_floor":[66,66,66,66,66,66,66,66,66,66,66,66,66,71,71,71,76,76,81,81,81,81,81],"card_choices":[{"not_picked":["Deadly Poison","Slice"],"picked":"Noxious Fumes","floor":1.0},{"not_picked":["Eviscerate","Blade Dance"],"picked":"Underhanded Strike","floor":3.0},{"not_picked":["PiercingWail","Bane"],"picked":"Predator","floor":5.0},{"not_picked":["All Out Attack","Backflip"],"picked":"Skewer","floor":7.0},{"not_picked":["Eviscerate","PiercingWail"],"picked":"Footwork","floor":10.0},{"not_picked":["Sucker Punch","Flying Knee"],"picked":"Escape Plan","floor":11.0},{"not_picked":["Tactician","Underhanded Strike","Glass Knife"],"picked":"SKIP","floor":12.0},{"not_picked":["Poisoned Stab","Bane","Reflex"],"picked":"SKIP","floor":13.0},{"not_picked":["Quick Slash","Deflect"],"picked":"Dodge and Roll","floor":17},{"not_picked":["Eviscerate","Outmaneuver"],"picked":"Deflect","floor":18},{"not_picked":["Blade Dance","Deflect","Heel Hook"],"picked":"SKIP","floor":20},{"not_picked":["Prepared+1","Bane+1","Slice"],"picked":"SKIP","floor":22}],"player_experience":404412,"relics_obtained":[{"floor":7.0,"key":"Vajra"},{"floor":9.0,"key":"Anchor"},{"floor":10.0,"key":"Girya"},{"floor":11.0,"key":"Odd Mushroom"},{"floor":13.0,"key":"Regal Pillow"}],"event_choices":[{"damage_healed":0.0,"max_hp_gain":0.0,"max_hp_loss":0.0,"gold_gain":0.0,"event_name":"The Cleric","player_choice":"Leave","floor":2.0,"gold_loss":0.0,"damage_taken":0.0},{"damage_healed":0.0,"max_hp_gain":0.0,"max_hp_loss":0.0,"gold_gain":0.0,"event_name":"Mushrooms","player_choice":"Fought Mushrooms","floor":11.0,"gold_loss":0.0,"damage_taken":0.0},{"damage_healed":0,"gold_gain":0,"player_choice":"Shed Blood","damage_taken":19,"max_hp_gain":5,"max_hp_loss":0,"event_name":"Forgotten Altar","floor":19,"gold_loss":0}],"is_beta":false,"boss_relics":[{"not_picked":["Runic Pyramid","Pandora\u0027s Box"],"picked":"Tiny House"}],"items_purged_floors":[21],"is_endless":false,"potions_floor_spawned":[1,3,10,13,20],"killed_by":"Book of Stabbing","ascension_level":14}