{"gold_per_floor":[118,118,118,136,149,149,180,192,192,192,73,90,104,121,121,121],"floor_reached":16,"playtime":416,"items_purged":[],"score":192,"play_id":"bb7cf9d4-63b9-44e7-b2bb-f489635ee81c","local_time":"20190531215312","is_ascension_mode":true,"campfire_choices":[{"data":"Zap","floor":6,"key":"SMITH"},{"data":"Beam Cell","floor":10,"key":"SMITH"},{"data":"Meteor Strike","floor":15,"key":"SMITH"}],"neow_cost":"NONE","seed_source_timestamp":1224146643604683,"circlet_count":0,"master_deck":["AscendersBane","Strike_B","Strike_B","Strike_B","Strike_B","Defend_B","Defend_B","Defend_B","Defend_B","Zap+1","Dualcast","Meteor Strike+1","Sweeping Beam","Beam Cell+1","Steam","Core Surge","Turbo","Double Energy","Sunder","Conserve Battery","Recycle"],"relics":["Cracked Core","Pear","Mercury Hourglass","Du-Vu Doll"],"potions_floor_usage":[7,14],"damage_taken":[{"damage":0,"enemies":"Cultist","floor":1,"turns":3},{"damage":4,"enemies":"Jaw Worm","floor":4,"turns":3},{"damage":10,"enemies":"Small Slimes","floor":5,"turns":3},{"damage":24,"enemies":"Gremlin Nob","floor":7,"turns":4},{"damage":14,"enemies":"Red Slaver","floor":8,"turns":3},{"damage":8,"enemies":"Blue Slaver","floor":12,"turns":3},{"damage":0,"enemies":"Looter","floor":13,"turns":2},{"damage":9,"enemies":"Large Slime","floor":14,"turns":4},{"damage":13,"enemies":"Hexaghost","floor":16,"turns":4}],"seed_played":"-8752487470564332531","potions_obtained":[{"floor":1,"key":"Swift Potion"},{"floor":12,"key":"EssenceOfSteel"}],"is_trial":false,"path_per_floor":["M","?","T","M","M","R","E","M","T","R","$","M","M","M","R","B"],"character_chosen":"DEFECT","items_purchased":["Double Energy","Sunder"],"campfire_rested":0,"item_purchase_floors":[11,11],"current_hp_per_floor":[64,69,79,75,65,65,41,27,27,27,27,19,19,10,10,0],"gold":121,"neow_bonus":"ONE_RANDOM_RARE_CARD","is_prod":false,"is_daily":false,"chose_seed":false,"campfire_upgraded":3,"win_rate":0,"timestamp":1559332392,"path_taken":["M","?","?","M","M","R","E","M","T","R","$","M","M","?","R","BOSS"],"build_version":"2019-01-23","purchased_purges":0,"victory":false,"max_hp_per_floor":[71,76,86,86,86,86,86,86,86,86,86,86,86,86,86,86],"card_choices":[{"not_picked":["Tempest","Hologram"],"picked":"Sweeping Beam","floor":1},{"not_picked":["Cold Snap","Rebound"],"picked":"Beam Cell","floor":4},{"not_picked":["Compile Driver","Gash"],"picked":"Steam","floor":5},{"not_picked":["Gash","Amplify"],"picked":"Core Surge","floor":7},{"not_picked":["Steam Power","Rebound"],"picked":"Turbo","floor":8},{"not_picked":["Streamline","Lockon","Sweeping Beam"],"picked":"SKIP","floor":12},{"not_picked":["Ball Lightning","Glacier"],"picked":"Conserve Battery","floor":13},{"not_picked":["Glacier","Beam Cell"],"picked":"Recycle","floor":14}],"player_experience":488660,"relics_obtained":[{"floor":3,"key":"Pear"},{"floor":7,"key":"Mercury Hourglass"},{"floor":9,"key":"Du-Vu Doll"}],"event_choices":[{"damage_healed":0,"gold_gain":0,"player_choice":"Donut","damage_taken":0,"max_hp_gain":5,"max_hp_loss":0,"event_name":"Big Fish","floor":2,"gold_loss":0}],"is_beta":false,"boss_relics":[],"items_purged_floors":[],"is_endless":false,"potions_floor_spawned":[1,12],"killed_by":"Hexaghost","ascension_level":17}