{"gold_per_floor":[117,117,117,130,16,16,51,51,51,66,42,53,53],"floor_reached":13,"playtime":1301,"items_purged":["Defend_R"],"score":87,"play_id":"0ccafb2a-82d2-4452-8116-77d3dc33f044","local_time":"20190620222947","is_ascension_mode":true,"campfire_choices":[{"floor":6,"key":"REST"}],"neow_cost":"PERCENT_DAMAGE","seed_source_timestamp":1051022959056770,"circlet_count":0,"master_deck":["Strike_R","Defend_R","Defend_R","Defend_R","Bash","Demon Form","Blood for Blood","Disarm","Anger","Combust","True Grit","Carnage","Armaments","Heavy Blade"],"relics":["Burning Blood","Boot","Magic Flower"],"potions_floor_usage":[12,13],"damage_taken":[{"damage":15,"enemies":"Jaw Worm","floor":1,"turns":5},{"damage":7,"enemies":"2 Louse","floor":4,"turns":4},{"damage":43,"enemies":"3 Sentries","floor":7,"turns":6},{"damage":4,"enemies":"Small Slimes","floor":10,"turns":3},{"damage":14,"enemies":"3 Louse","floor":12,"turns":3},{"damage":26,"enemies":"Gremlin Nob","floor":13,"turns":3}],"seed_played":"6702261597966129880","potions_obtained":[{"floor":4,"key":"Energy Potion"},{"floor":10,"key":"SkillPotion"},{"floor":12,"key":"SpeedPotion"}],"is_trial":false,"path_per_floor":["M","?","?","M","$","R","E","?","T","M","$","M","E"],"character_chosen":"IRONCLAD","items_purchased":["Combust","Armaments"],"campfire_rested":1,"item_purchase_floors":[5,11],"current_hp_per_floor":[47,47,40,39,39,63,26,26,26,31,31,26,0],"gold":53,"neow_bonus":"TRANSFORM_TWO_CARDS","is_prod":false,"is_daily":false,"chose_seed":false,"campfire_upgraded":0,"win_rate":0,"timestamp":1561084187,"path_taken":["M","?","?","M","$","R","E","?","T","M","$","M","E"],"build_version":"2019-01-23","purchased_purges":1,"victory":false,"max_hp_per_floor":[80,80,80,80,80,80,80,80,80,80,80,80,80],"card_choices":[{"not_picked":["Havoc","Thunderclap"],"picked":"Disarm","floor":1},{"not_picked":["Heavy Blade","Warcry"],"picked":"Anger","floor":4},{"not_picked":["Carnage","Sentinel"],"picked":"True Grit","floor":7},{"not_picked":["Power Through","Perfected Strike"],"picked":"Carnage","floor":10},{"not_picked":["Wild Strike","Havoc"],"picked":"Heavy Blade","floor":12}],"player_experience":1182412,"relics_obtained":[{"floor":7,"key":"Boot"},{"floor":9,"key":"Magic Flower"}],"event_choices":[{"cards_removed":["Strike_R"],"damage_healed":0,"gold_gain":0,"player_choice":"Forget","damage_taken":0,"max_hp_gain":0,"max_hp_loss":0,"event_name":"Living Wall","floor":2,"gold_loss":0},{"cards_removed":["Strike_R"],"damage_healed":0,"gold_gain":0,"player_choice":"Card Removal","damage_taken":7,"max_hp_gain":0,"max_hp_loss":0,"event_name":"Golden Wing","floor":3,"gold_loss":0},{"damage_healed":0,"gold_gain":0,"player_choice":"Searched \u00270\u0027 times","damage_taken":0,"max_hp_gain":0,"max_hp_loss":0,"event_name":"Dead Adventurer","floor":8,"gold_loss":0}],"is_beta":false,"boss_relics":[],"items_purged_floors":[5],"is_endless":false,"potions_floor_spawned":[4,10,12],"killed_by":"Gremlin Nob","ascension_level":1}