{"gold_per_floor":[112,112,124,138,151,180,197,209,209,209,227,4,69,69,69,69],"floor_reached":16,"playtime":2097,"items_purged":["Strike_R"],"score":109,"play_id":"7089dcfb-71f0-47f2-80ca-4ef83ed44041","local_time":"20190615214856","is_ascension_mode":true,"campfire_choices":[{"floor":10,"key":"REST"},{"floor":15,"key":"REST"}],"neow_cost":"PERCENT_DAMAGE","seed_source_timestamp":615787607249521,"circlet_count":0,"master_deck":["Strike_R","Defend_R","Defend_R","Defend_R","Defend_R","Bash","Twin Strike","Pommel Strike","Headbutt","Seeing Red","Dual Wield","Barricade","Flex","Iron Wave","Iron Wave","Iron Wave","Bloodletting","Flex","Ghostly Armor","Parasite"],"relics":["Burning Blood","Prayer Wheel","Shuriken","Happy Flower"],"potions_floor_usage":[6,6,13,13,13],"damage_taken":[{"damage":6,"enemies":"Cultist","floor":1,"turns":4},{"damage":6,"enemies":"2 Louse","floor":3,"turns":3},{"damage":2,"enemies":"Jaw Worm","floor":4,"turns":5},{"damage":8,"enemies":"Large Slime","floor":5,"turns":6},{"damage":21,"enemies":"Lagavulin","floor":6,"turns":5},{"damage":14,"enemies":"Red Slaver","floor":7,"turns":5},{"damage":16,"enemies":"Blue Slaver","floor":8,"turns":6},{"damage":22,"enemies":"Exordium Thugs","floor":11,"turns":4},{"damage":37,"enemies":"Lagavulin Event","floor":13,"turns":7},{"damage":58,"enemies":"Hexaghost","floor":16,"turns":16}],"seed_played":"-3649529904269878969","potions_obtained":[{"floor":1,"key":"PowerPotion"},{"floor":3,"key":"AttackPotion"},{"floor":5,"key":"Poison Potion"},{"floor":8,"key":"Poison Potion"}],"is_trial":false,"path_per_floor":["M","?","M","M","M","E","M","M","T","R","M","$","?","?","R","B"],"character_chosen":"IRONCLAD","items_purchased":["Flex","Regen Potion","Energy Potion"],"campfire_rested":2,"item_purchase_floors":[12,12,12],"current_hp_per_floor":[56,56,56,60,58,43,35,25,25,49,33,33,14,34,58,0],"gold":69,"neow_bonus":"REMOVE_TWO","is_prod":false,"is_daily":false,"chose_seed":false,"campfire_upgraded":0,"win_rate":0,"timestamp":1560649736,"path_taken":["M","?","M","?","?","E","M","M","T","R","M","?","?","?","R","BOSS"],"build_version":"2019-01-23","purchased_purges":1,"victory":false,"max_hp_per_floor":[80,80,80,80,80,80,80,80,80,80,80,80,80,80,80,80],"card_choices":[{"not_picked":["Entrench","Warcry"],"picked":"Twin Strike","floor":1},{"not_picked":["Shrug It Off","Second Wind"],"picked":"Pommel Strike","floor":3},{"not_picked":["Wild Strike","Havoc"],"picked":"Headbutt","floor":4},{"not_picked":["Pummel","Sever Soul"],"picked":"Seeing Red","floor":5},{"not_picked":["Intimidate","Heavy Blade"],"picked":"Dual Wield","floor":6},{"not_picked":["Perfected Strike","Heavy Blade"],"picked":"Barricade","floor":7},{"not_picked":["Heavy Blade","Searing Blow"],"picked":"Flex","floor":7},{"not_picked":["Sever Soul","Pommel Strike"],"picked":"Iron Wave","floor":8},{"not_picked":["Body Slam","Anger"],"picked":"Iron Wave","floor":8},{"not_picked":["Reckless Charge","Havoc"],"picked":"Iron Wave","floor":11},{"not_picked":["Sword Boomerang","Combust"],"picked":"Bloodletting","floor":11},{"not_picked":["Havoc","Shrug It Off"],"picked":"Ghostly Armor","floor":13}],"player_experience":1166376,"relics_obtained":[{"floor":6,"key":"Prayer Wheel"},{"floor":9,"key":"Shuriken"},{"floor":13,"key":"Happy Flower"}],"event_choices":[{"cards_removed":["Strike_R"],"damage_healed":0,"gold_gain":0,"player_choice":"Offered Basic","damage_taken":0,"max_hp_gain":0,"max_hp_loss":0,"event_name":"Bonfire Elementals","floor":2,"gold_loss":0},{"damage_healed":0,"gold_gain":0,"player_choice":"Searched \u00271\u0027 times","damage_taken":0,"max_hp_gain":0,"max_hp_loss":0,"event_name":"Dead Adventurer","floor":13,"gold_loss":0},{"damage_healed":20,"gold_gain":0,"player_choice":"Healed and dodged fight","damage_taken":0,"max_hp_gain":0,"max_hp_loss":0,"event_name":"Mushrooms","floor":14,"gold_loss":0,"cards_obtained":["Parasite"]}],"is_beta":false,"boss_relics":[],"items_purged_floors":[12],"is_endless":false,"potions_floor_spawned":[1,3,5,8],"killed_by":"Hexaghost","ascension_level":1}