{"gold_per_floor":[111,127,142,142,157,183,183,108,108,108,141,141,121,138,138,212,212,222,236,284,296,318,330,352,364,376,388,297,309,340,364,376,388],"floor_reached":33,"playtime":1544,"items_purged":["Strike_G"],"score":514,"play_id":"3e24b497-b4aa-4825-9cb2-9a8ab7dc5549","local_time":"20190617165326","is_ascension_mode":true,"campfire_choices":[{"data":"After Image","floor":7,"key":"SMITH"},{"floor":10,"key":"REST"},{"floor":12,"key":"REST"},{"data":"Blade Dance","floor":15,"key":"SMITH"},{"data":"After Image","floor":23,"key":"SMITH"},{"data":"Malaise","floor":25,"key":"SMITH"},{"data":"Terror","floor":27,"key":"SMITH"},{"floor":29,"key":"REST"},{"data":"Cloak And Dagger","floor":32,"key":"SMITH"}],"neow_cost":"NONE","seed_source_timestamp":262167492117899,"circlet_count":0,"master_deck":["AscendersBane","Defend_G","Defend_G","Defend_G","Defend_G","Defend_G","Strike_G","Strike_G","Strike_G","Strike_G","Survivor","Neutralize","After Image+1","Blade Dance+1","Skewer","Slice","Backflip","After Image+1","Terror+1","Malaise+1","Caltrops","Deflect","Backflip","Cloak And Dagger+1"],"relics":["Ring of the Snake","GremlinMask","Matryoshka","Snake Skull","Shuriken","Mercury Hourglass","Sozu","MawBank","PreservedInsect","Sundial","Frozen Egg 2"],"potions_floor_usage":[6,11,16,16],"damage_taken":[{"damage":1,"enemies":"Jaw Worm","floor":1,"turns":7},{"damage":0,"enemies":"Cultist","floor":2,"turns":4},{"damage":4,"enemies":"Small Slimes","floor":3,"turns":4},{"damage":1,"enemies":"Red Slaver","floor":5,"turns":5},{"damage":33,"enemies":"3 Sentries","floor":6,"turns":14},{"damage":22,"enemies":"Gremlin Nob","floor":11,"turns":4},{"damage":3,"enemies":"Exordium Thugs","floor":14,"turns":3},{"damage":16,"enemies":"The Guardian","floor":16,"turns":11},{"damage":0,"enemies":"Shell Parasite","floor":18,"turns":6},{"damage":3,"enemies":"Spheric Guardian","floor":19,"turns":6},{"damage":11,"enemies":"Colosseum Slavers","floor":21,"turns":6},{"damage":18,"enemies":"Centurion and Healer","floor":22,"turns":5},{"damage":0,"enemies":"Snake Plant","floor":24,"turns":6},{"damage":3,"enemies":"Sentry and Sphere","floor":30,"turns":5},{"damage":0,"enemies":"Snecko","floor":31,"turns":7},{"damage":64,"enemies":"Collector","floor":33,"turns":9}],"seed_played":"-8383010623921141724","potions_obtained":[{"floor":2,"key":"SkillPotion"},{"floor":6,"key":"Poison Potion"},{"floor":13,"key":"Dexterity Potion"},{"floor":14,"key":"Swift Potion"}],"is_trial":false,"path_per_floor":["M","M","M","?","M","E","R","$","T","R","E","R","?","M","R","B",null,"M","M","T","?","M","R","M","R","T","R","?","R","M","M","R","B"],"character_chosen":"THE_SILENT","items_purchased":[],"campfire_rested":3,"item_purchase_floors":[],"current_hp_per_floor":[58,58,54,54,53,20,20,20,20,39,17,36,36,33,33,17,54,54,51,51,40,22,22,22,22,22,22,22,41,38,38,38,0],"gold":388,"neow_bonus":"ONE_RANDOM_RARE_CARD","is_prod":false,"is_daily":false,"chose_seed":false,"campfire_upgraded":6,"win_rate":0,"timestamp":1560783206,"path_taken":["M","M","M","?","?","E","R","?","T","R","E","R","?","M","R","BOSS","M","M","?","?","M","R","M","R","T","R","?","R","M","M","R","BOSS"],"build_version":"2019-01-23","purchased_purges":1,"victory":false,"max_hp_per_floor":[66,66,66,66,66,66,66,66,66,66,66,66,66,66,66,66,66,66,66,66,66,66,66,66,66,66,66,66,66,66,66,66,66],"card_choices":[{"not_picked":["Underhanded Strike","Deadly Poison"],"picked":"Blade Dance","floor":1},{"not_picked":["Dodge and Roll","Poisoned Stab"],"picked":"Skewer","floor":2},{"not_picked":["Unload","Acrobatics"],"picked":"Slice","floor":3},{"not_picked":["Deflect","Dodge and Roll"],"picked":"Backflip","floor":5},{"not_picked":["Well Laid Plans","Concentrate"],"picked":"After Image","floor":6},{"not_picked":["Setup","Dagger Spray"],"picked":"Terror","floor":11},{"not_picked":["Flying Knee","Crippling Poison","Dash"],"picked":"SKIP","floor":14},{"not_picked":["Burst","Bullet Time"],"picked":"Malaise","floor":16},{"not_picked":["Masterful Stab","Catalyst"],"picked":"Caltrops","floor":18},{"not_picked":["Poisoned Stab","Accuracy+1"],"picked":"Deflect","floor":19},{"not_picked":["Outmaneuver","Prepared","Calculated Gamble"],"picked":"SKIP","floor":22},{"not_picked":["Sucker Punch","Dagger Spray"],"picked":"Backflip","floor":24},{"not_picked":["Noxious Fumes+1","Adrenaline"],"picked":"Cloak And Dagger","floor":30},{"not_picked":["Prepared","Finisher","Expertise"],"picked":"SKIP","floor":31}],"player_experience":584098,"relics_obtained":[{"floor":6,"key":"Matryoshka"},{"floor":9,"key":"Snake Skull"},{"floor":9,"key":"Shuriken"},{"floor":11,"key":"Mercury Hourglass"},{"floor":20,"key":"MawBank"},{"floor":20,"key":"PreservedInsect"},{"floor":26,"key":"Sundial"}],"event_choices":[{"damage_healed":0,"gold_gain":0,"player_choice":"Trade","damage_taken":0,"relics_obtained":["GremlinMask"],"max_hp_gain":0,"max_hp_loss":0,"event_name":"FaceTrader","floor":4,"gold_loss":0},{"damage_healed":0,"gold_gain":0,"player_choice":"Bought 1 Potion","damage_taken":0,"max_hp_gain":0,"max_hp_loss":0,"event_name":"The Woman in Blue","floor":13,"gold_loss":0},{"damage_healed":0,"gold_gain":0,"player_choice":"Fight","damage_taken":0,"max_hp_gain":0,"max_hp_loss":0,"event_name":"Colosseum","floor":21,"gold_loss":0},{"damage_healed":0,"gold_gain":0,"player_choice":"Fled From Nobs","damage_taken":0,"max_hp_gain":0,"max_hp_loss":0,"event_name":"Colosseum","floor":21,"gold_loss":0},{"damage_healed":0,"gold_gain":0,"player_choice":"Paid Gold","damage_taken":0,"relics_obtained":["Frozen Egg 2"],"max_hp_gain":0,"max_hp_loss":0,"event_name":"WeMeetAgain","floor":28,"gold_loss":103}],"is_beta":false,"boss_relics":[{"not_picked":["Eternal Feather","Orrery"],"picked":"Sozu"}],"items_purged_floors":[8],"is_endless":false,"potions_floor_spawned":[2,6,14,22,30,31],"killed_by":"Collector","ascension_level":20}