{"gold_per_floor":[113,133,8,20,20,51,61,6,6,6,21,21,39,85,85,190,240,250,1,1,15,25,25,52,52,52,62,62],"floor_reached":28,"playtime":3852,"items_purged":["Strike_G"],"score":240,"play_id":"ff61f50f-ac5f-4ff1-8909-8663f48ac62b","local_time":"20190605235835","is_ascension_mode":false,"campfire_choices":[{"floor":10,"key":"REST"},{"floor":12,"key":"REST"},{"data":"Blur","floor":15,"key":"SMITH"},{"floor":23,"key":"REST"},{"floor":25,"key":"REST"}],"neow_cost":"NONE","seed_source_timestamp":3397572259478133,"circlet_count":0,"master_deck":["Defend_G+1","Defend_G","Defend_G","Defend_G","Defend_G","Strike_G","Strike_G","Strike_G","Survivor","Neutralize","Blur+1","Flying Knee","Poisoned Stab","Caltrops","Outmaneuver","Grand Finale","Night Terror","Deadly Poison","PiercingWail","Catalyst","Outmaneuver","Outmaneuver"],"relics":["Ring of the Snake","Anchor","Unceasing Top","Mercury Hourglass","WingedGreaves","Happy Flower","Tiny House","Molten Egg 2","Pen Nib","Boot","Shuriken"],"potions_floor_usage":[6,18,22,24],"damage_taken":[{"damage":0,"enemies":"Small Slimes","floor":1,"turns":5},{"damage":0,"enemies":"2 Louse","floor":2,"turns":5},{"damage":0,"enemies":"Cultist","floor":4,"turns":3},{"damage":29,"enemies":"Lagavulin","floor":6,"turns":10},{"damage":4,"enemies":"Exordium Thugs","floor":7,"turns":6},{"damage":9,"enemies":"3 Louse","floor":11,"turns":2},{"damage":0,"enemies":"Looter","floor":13,"turns":3},{"damage":65,"enemies":"Slime Boss","floor":16,"turns":14},{"damage":7,"enemies":"3 Byrds","floor":18,"turns":4},{"damage":4,"enemies":"Shell Parasite","floor":21,"turns":6},{"damage":51,"enemies":"Chosen and Byrds","floor":22,"turns":8},{"damage":26,"enemies":"Book of Stabbing","floor":24,"turns":8},{"damage":11,"enemies":"Snecko","floor":27,"turns":6},{"damage":33,"enemies":"Cultist and Chosen","floor":28,"turns":9}],"seed_played":"6638434431589428586","potions_obtained":[{"floor":1,"key":"SteroidPotion"},{"floor":13,"key":"FairyPotion"},{"floor":16,"key":"Energy Potion"},{"floor":17,"key":"Regen Potion"},{"floor":22,"key":"Block Potion"}],"is_trial":false,"path_per_floor":["M","M","$","M","?","E","M","?","T","R","M","R","M","T","R","B",null,"M","$","?","M","M","R","E","R","T","M","M"],"character_chosen":"THE_SILENT","items_purchased":["Poisoned Stab","Molten Egg 2"],"campfire_rested":4,"item_purchase_floors":[3,19],"current_hp_per_floor":[70,70,70,70,63,34,30,30,30,51,42,63,63,63,63,7,75,68,68,68,64,25,47,21,43,43,32,0],"gold":62,"neow_bonus":"RANDOM_COMMON_RELIC","is_prod":false,"is_daily":false,"chose_seed":false,"campfire_upgraded":1,"win_rate":0.0,"timestamp":1559793515,"path_taken":["M","M","$","M","?","E","M","?","T","R","M","R","?","?","R","BOSS","M","$","?","M","M","R","E","R","T","M","M"],"build_version":"2019-01-23","purchased_purges":1,"victory":false,"max_hp_per_floor":[70,70,70,70,70,70,70,70,70,70,70,70,70,70,70,70,75,75,75,75,75,75,75,75,75,75,75,75],"card_choices":[{"not_picked":["Cloak And Dagger","Prepared"],"picked":"Blur","floor":1},{"not_picked":["PiercingWail","Outmaneuver"],"picked":"Flying Knee","floor":2},{"not_picked":["Sucker Punch","Dagger Spray","Tactician"],"picked":"SKIP","floor":4},{"not_picked":["Prepared","Doppelganger"],"picked":"Caltrops","floor":6},{"not_picked":["Dash","Dagger Throw"],"picked":"Outmaneuver","floor":7},{"not_picked":["Bane","Endless Agony"],"picked":"Grand Finale","floor":11},{"not_picked":["Deflect","Dodge and Roll","Acrobatics"],"picked":"SKIP","floor":13},{"not_picked":["Glass Knife","Unload"],"picked":"Night Terror","floor":16},{"not_picked":["Prepared","Predator"],"picked":"Deadly Poison","floor":17},{"not_picked":["Blade Dance","Leg Sweep+1","Prepared"],"picked":"SKIP","floor":18},{"not_picked":["Dodge and Roll+1","Accuracy"],"picked":"PiercingWail","floor":21},{"not_picked":["Blade Dance","Acrobatics"],"picked":"Catalyst","floor":22},{"not_picked":["Flying Knee+1","Underhanded Strike+1"],"picked":"Outmaneuver","floor":24},{"not_picked":["Cloak And Dagger","Blade Dance"],"picked":"Outmaneuver","floor":27}],"player_experience":1111989,"relics_obtained":[{"floor":6,"key":"Unceasing Top"},{"floor":9,"key":"WingedGreaves"},{"floor":14,"key":"Happy Flower"},{"floor":24,"key":"Boot"},{"floor":26,"key":"Shuriken"}],"event_choices":[{"cards_removed":["Strike_G"],"damage_healed":0,"gold_gain":0,"player_choice":"Card Removal","damage_taken":7,"max_hp_gain":0,"max_hp_loss":0,"event_name":"Golden Wing","floor":5,"gold_loss":0},{"damage_healed":0,"gold_gain":0,"player_choice":"Paid Gold","damage_taken":0,"relics_obtained":["Mercury Hourglass"],"max_hp_gain":0,"max_hp_loss":0,"event_name":"WeMeetAgain","floor":8,"gold_loss":55},{"damage_healed":0,"gold_gain":0,"player_choice":"Opened","damage_taken":0,"relics_obtained":["Pen Nib"],"max_hp_gain":0,"max_hp_loss":0,"event_name":"The Mausoleum","floor":20,"gold_loss":0}],"is_beta":false,"boss_relics":[{"not_picked":["Fusion Hammer","WristBlade"],"picked":"Tiny House"}],"items_purged_floors":[3],"is_endless":false,"potions_floor_spawned":[1,13,16,22],"killed_by":"Cultist and Chosen","ascension_level":0}