{"gold_per_floor":[115,40,40,40,40,40,65,65,65,65,75,104,104,119,119,190,190,207,207,207,220,239,239,254,254,254,254,285,285,185,210,222,234],"floor_reached":33,"playtime":1097,"items_purged":["Strike_B","Strike_B"],"score":578,"play_id":"bfc7a7b7-1061-4cc8-a4a5-17315da5f6e3","local_time":"20190616162854","is_ascension_mode":true,"campfire_choices":[{"data":"Chaos","floor":6,"key":"SMITH"},{"floor":8,"key":"REST"},{"data":"Doom and Gloom","floor":13,"key":"SMITH"},{"floor":15,"key":"REST"},{"data":"Glacier","floor":23,"key":"SMITH"},{"data":"Defend_B","floor":27,"key":"SMITH"},{"floor":32,"key":"REST"}],"neow_cost":"NONE","seed_source_timestamp":174732989960382,"circlet_count":0,"master_deck":["AscendersBane","Defend_B+1","Defend_B","Defend_B","Defend_B","Zap+1","Dualcast","Chaos+1","Doom and Gloom+1","Core Surge","Coolheaded+1","Glacier+1","Doom and Gloom+1"],"relics":["Cracked Core","Odd Mushroom","Gremlin Horn","Bottled Flame","Velvet Choker","Pen Nib","PreservedInsect","Lantern","Blue Candle","MawBank"],"potions_floor_usage":[16,18,28,28,33],"damage_taken":[{"damage":7,"enemies":"Small Slimes","floor":1,"turns":3},{"damage":18,"enemies":"The Mushroom Lair","floor":7,"turns":5},{"damage":0,"enemies":"2 Louse","floor":11,"turns":2},{"damage":23,"enemies":"3 Sentries","floor":12,"turns":9},{"damage":7,"enemies":"Jaw Worm","floor":14,"turns":3},{"damage":15,"enemies":"Slime Boss","floor":16,"turns":6},{"damage":8,"enemies":"3 Byrds","floor":18,"turns":3},{"damage":3,"enemies":"Chosen","floor":21,"turns":4},{"damage":4,"enemies":"Sentry and Sphere","floor":22,"turns":7},{"damage":4,"enemies":"Cultist and Chosen","floor":24,"turns":5},{"damage":0,"enemies":"Book of Stabbing","floor":28,"turns":5},{"damage":11,"enemies":"Slavers","floor":31,"turns":2},{"damage":68,"enemies":"Automaton","floor":33,"turns":8}],"seed_played":"1198998237362409898","potions_obtained":[{"floor":1,"key":"Ancient Potion"},{"floor":12,"key":"PowerPotion"},{"floor":14,"key":"Swift Potion"},{"floor":18,"key":"Fire Potion"},{"floor":22,"key":"GamblersBrew"},{"floor":31,"key":"FocusPotion"}],"is_trial":false,"path_per_floor":["M","$","?","?","?","R","?","R","T","$","M","E","R","M","R","B",null,"M","?","?","M","M","R","M","T","T","R","E","?","$","E","R","B"],"character_chosen":"DEFECT","items_purchased":[],"campfire_rested":3,"item_purchase_floors":[],"current_hp_per_floor":[57,57,57,50,50,50,32,53,53,53,53,30,30,23,44,29,61,53,67,67,64,60,60,56,56,56,56,56,56,56,45,66,0],"gold":234,"neow_bonus":"REMOVE_CARD","is_prod":false,"is_daily":false,"chose_seed":false,"campfire_upgraded":4,"win_rate":0,"timestamp":1560695334,"path_taken":["M","$","?","?","?","R","?","R","T","$","M","E","R","?","R","BOSS","M","?","?","M","?","R","M","?","T","R","E","?","$","E","R","BOSS"],"build_version":"2019-01-23","purchased_purges":2,"victory":false,"max_hp_per_floor":[71,71,71,71,71,71,71,71,71,71,71,71,71,71,71,71,71,71,71,71,71,71,71,71,71,71,71,71,71,71,71,71,71],"card_choices":[{"not_picked":["Rebound","Hologram"],"picked":"Chaos","floor":1},{"not_picked":["Recycle","Double Energy"],"picked":"Barrage","floor":11},{"not_picked":["Turbo","Sweeping Beam"],"picked":"Doom and Gloom","floor":12},{"not_picked":["Stack","Aggregate","Recycle"],"picked":"SKIP","floor":14},{"not_picked":["Rainbow","Buffer"],"picked":"Core Surge","floor":16},{"not_picked":["Heatsinks","Streamline"],"picked":"Coolheaded+1","floor":18},{"not_picked":["Hello World","Stack"],"picked":"Glacier","floor":21},{"not_picked":["Stack","Go for the Eyes","Sweeping Beam"],"picked":"SKIP","floor":22},{"not_picked":["Static Discharge","FTL","Leap"],"picked":"SKIP","floor":24},{"not_picked":["Fission","Conserve Battery+1","Cold Snap"],"picked":"SKIP","floor":28},{"not_picked":["Streamline+1","Steam Power+1","Leap"],"picked":"SKIP","floor":31}],"player_experience":569340,"relics_obtained":[{"floor":7,"key":"Odd Mushroom"},{"floor":9,"key":"Gremlin Horn"},{"floor":12,"key":"Bottled Flame"},{"floor":25,"key":"PreservedInsect"},{"floor":26,"key":"Lantern"},{"floor":28,"key":"Blue Candle"},{"floor":31,"key":"MawBank"}],"event_choices":[{"damage_healed":0,"gold_gain":0,"player_choice":"Grow","damage_taken":0,"max_hp_gain":0,"max_hp_loss":0,"event_name":"Living Wall","floor":3,"gold_loss":0,"cards_upgraded":["Zap"]},{"cards_removed":["Strike_B"],"damage_healed":0,"gold_gain":0,"player_choice":"Card Removal","damage_taken":7,"max_hp_gain":0,"max_hp_loss":0,"event_name":"Golden Wing","floor":4,"gold_loss":0},{"damage_healed":0,"gold_gain":0,"player_choice":"Ignored","damage_taken":0,"max_hp_gain":0,"max_hp_loss":0,"event_name":"Liars Game","floor":5,"gold_loss":0},{"damage_healed":0,"gold_gain":0,"player_choice":"Fought Mushrooms","damage_taken":0,"max_hp_gain":0,"max_hp_loss":0,"event_name":"Mushrooms","floor":7,"gold_loss":0},{"damage_healed":14,"gold_gain":0,"player_choice":"Heal","damage_taken":0,"max_hp_gain":0,"max_hp_loss":0,"event_name":"The Library","floor":19,"gold_loss":0},{"cards_removed":["Barrage"],"damage_healed":0,"gold_gain":0,"player_choice":"Gave Card","damage_taken":0,"relics_obtained":["Pen Nib"],"max_hp_gain":0,"max_hp_loss":0,"event_name":"WeMeetAgain","floor":20,"gold_loss":0},{"damage_healed":0,"gold_gain":0,"player_choice":"Copied","damage_taken":0,"max_hp_gain":0,"max_hp_loss":0,"event_name":"Duplicator","floor":29,"gold_loss":0,"cards_obtained":["Doom and Gloom"]}],"is_beta":false,"boss_relics":[{"not_picked":["Pandora\u0027s Box","Snecko Eye"],"picked":"Velvet Choker"}],"items_purged_floors":[2,30],"is_endless":false,"potions_floor_spawned":[1,12,14,18,22,31],"killed_by":"Automaton","ascension_level":18}