{"gold_per_floor":[109,184,184,204,215,215,235,235,235,235,254,280,280,293,293,372,372,386,37,37,51,101,101,113,113],"floor_reached":25,"playtime":1029,"items_purged":["Bludgeon"],"score":406,"play_id":"c16d4f1b-5a12-4c87-84de-b46406409c30","local_time":"20190630124858","is_ascension_mode":true,"campfire_choices":[{"data":"Entrench","floor":6.0,"key":"SMITH"},{"data":"Whirlwind","floor":8.0,"key":"SMITH"},{"floor":13.0,"key":"REST"},{"data":"True Grit","floor":15.0,"key":"SMITH"},{"floor":23,"key":"REST"}],"neow_cost":"NONE","seed_source_timestamp":421235529274613,"circlet_count":0,"master_deck":["AscendersBane","Bash","Shrug It Off","Entrench+1","Cleave","Whirlwind+1","True Grit+1","Evolve","Barricade","Burning Pact","Infernal Blade","Rampage","Infernal Blade","Entrench","Havoc","Power Through","PanicButton","Iron Wave","Dark Embrace","Shrug It Off+1"],"special_seed":0,"relics":["Lizard Tail","Question Card","NlothsMask","Mercury Hourglass","Pandora\u0027s Box","Bag of Preparation"],"potions_floor_usage":[],"damage_taken":[{"damage":0.0,"enemies":"2 Louse","floor":1.0,"turns":3.0},{"damage":9.0,"enemies":"Jaw Worm","floor":4.0,"turns":4.0},{"damage":1.0,"enemies":"Cultist","floor":5.0,"turns":4.0},{"damage":9.0,"enemies":"Blue Slaver","floor":7.0,"turns":6.0},{"damage":6.0,"enemies":"Exordium Thugs","floor":11.0,"turns":8.0},{"damage":8.0,"enemies":"3 Sentries","floor":12.0,"turns":6.0},{"damage":0.0,"enemies":"3 Louse","floor":14.0,"turns":2.0},{"damage":34.0,"enemies":"Slime Boss","floor":16.0,"turns":9.0},{"damage":30,"enemies":"Shell Parasite","floor":18,"turns":8},{"damage":22,"enemies":"Spheric Guardian","floor":21,"turns":16},{"damage":61,"enemies":"Cultist and Chosen","floor":24,"turns":7},{"damage":8,"enemies":"Slavers","floor":25,"turns":3}],"seed_played":"-2404016896173753451","potions_obtained":[{"floor":5.0,"key":"SpeedPotion"},{"floor":7.0,"key":"PowerPotion"}],"is_trial":false,"path_per_floor":["M","?","?","M","M","R","M","R","T","?","M","E","R","M","R","B",null,"M","$","?","M","?","R","M","E"],"character_chosen":"IRONCLAD","items_purchased":["PanicButton","Bag of Preparation"],"campfire_rested":2,"item_purchase_floors":[19,19],"current_hp_per_floor":[68,57,57,48,47,47,38,38,38,38,32,24,46,46,46,12,59,29,29,29,7,7,29,8,0],"gold":113,"neow_bonus":"BOSS_RELIC","is_prod":false,"is_daily":false,"chose_seed":false,"campfire_upgraded":3,"win_rate":0,"timestamp":1561891738,"path_taken":["M","?","?","M","?","R","M","R","T","?","M","E","R","?","R","BOSS","M","$","?","M","?","R","M","E"],"build_version":"2019-01-23","purchased_purges":1,"victory":false,"max_hp_per_floor":[75,75,75,75,75,75,75,75,75,75,75,75,75,75,75,75,75,75,75,75,75,75,75,75,75],"card_choices":[{"not_picked":["Heavy Blade","Reckless Charge"],"picked":"Shrug It Off","floor":1.0},{"not_picked":["Metallicize","Havoc"],"picked":"Entrench","floor":4.0},{"not_picked":["Heavy Blade","Anger"],"picked":"Cleave","floor":5.0},{"not_picked":["Clash","Sword Boomerang"],"picked":"Whirlwind","floor":7.0},{"not_picked":["Hemokinesis","Armaments","Pommel Strike"],"picked":"True Grit","floor":11.0},{"not_picked":["Power Through","Whirlwind","Corruption"],"picked":"Burning Pact","floor":12.0},{"not_picked":["Pommel Strike","Shrug It Off","Uppercut"],"picked":"Evolve","floor":14.0},{"not_picked":["Limit Break","Offering","Reaper"],"picked":"Barricade","floor":16.0},{"not_picked":["Cleave","Anger","Reckless Charge"],"picked":"Power Through","floor":18},{"not_picked":["Thunderclap","Inflame","Sever Soul"],"picked":"Shrug It Off+1","floor":21},{"not_picked":["Fire Breathing","Dual Wield","Clothesline","Uppercut"],"picked":"SKIP","floor":24}],"player_experience":687131,"relics_obtained":[{"floor":9.0,"key":"Question Card"},{"floor":12.0,"key":"Mercury Hourglass"}],"event_choices":[{"damage_healed":0.0,"max_hp_gain":0.0,"max_hp_loss":0.0,"gold_gain":75.0,"event_name":"World of Goop","player_choice":"Gather Gold","floor":2.0,"gold_loss":0.0,"damage_taken":11.0},{"cards_removed":["Strike_R"],"damage_healed":0.0,"max_hp_gain":0.0,"max_hp_loss":0.0,"gold_gain":0.0,"event_name":"Wheel of Change","player_choice":"Card Removal","floor":3.0,"gold_loss":0.0,"damage_taken":0.0},{"damage_healed":0.0,"max_hp_gain":0.0,"max_hp_loss":0.0,"gold_gain":0.0,"event_name":"FaceTrader","player_choice":"Trade","floor":10.0,"gold_loss":0.0,"damage_taken":0.0,"relics_obtained":["NlothsMask"]},{"damage_healed":0,"gold_gain":0,"cards_transformed":["Burning Pact","Double Tap"],"player_choice":"Became Test Subject","damage_taken":0,"max_hp_gain":0,"max_hp_loss":0,"event_name":"Drug Dealer","floor":20,"gold_loss":0,"cards_obtained":["Iron Wave","Dark Embrace"]},{"damage_healed":0,"gold_gain":100,"player_choice":"Bet on Murderer","damage_taken":0,"max_hp_gain":0,"max_hp_loss":0,"event_name":"The Joust","floor":22,"gold_loss":50}],"is_beta":false,"boss_relics":[{"not_picked":["Black Star","Runic Pyramid"],"picked":"Pandora\u0027s Box"}],"items_purged_floors":[19],"is_endless":false,"potions_floor_spawned":[5,7,11],"killed_by":"Slavers","ascension_level":20}