{"gold_per_floor":[114,114,114,128,128,128,148,183,183,50,50,64,77,77],"floor_reached":14,"playtime":296,"items_purged":["Pain"],"score":171,"play_id":"309c9f65-321a-4538-ba45-3be8fa0ca041","local_time":"20190616170837","is_ascension_mode":true,"campfire_choices":[{"data":"Zap","floor":6,"key":"SMITH"},{"floor":11,"key":"DIG"}],"neow_cost":"PERCENT_DAMAGE","seed_source_timestamp":177924371432078,"circlet_count":0,"master_deck":["AscendersBane","Strike_B","Strike_B","Strike_B","Defend_B","Defend_B","Defend_B","Defend_B","Zap+1","Dualcast","Ball Lightning","Tempest","Cold Snap","White Noise"],"relics":["Cracked Core","Shovel","Golden Idol","WarpedTongs","Lantern","Symbiotic Virus","Bottled Lightning"],"potions_floor_usage":[8],"damage_taken":[{"damage":4,"enemies":"Small Slimes","floor":1,"turns":3},{"damage":4,"enemies":"2 Louse","floor":4,"turns":3},{"damage":1,"enemies":"Cultist","floor":7,"turns":3},{"damage":18,"enemies":"3 Sentries","floor":8,"turns":4},{"damage":0,"enemies":"Looter","floor":12,"turns":2},{"damage":9,"enemies":"Red Slaver","floor":13,"turns":2},{"damage":13,"enemies":"Exordium Wildlife","floor":14,"turns":1}],"seed_played":"548412514569339218","potions_obtained":[{"floor":7,"key":"Explosive Potion"},{"floor":8,"key":"Strength Potion"}],"is_trial":false,"path_per_floor":["M","?","?","M","?","R","M","E","T","$","R","M","M","M"],"character_chosen":"DEFECT","items_purchased":["Cold Snap"],"campfire_rested":0,"item_purchase_floors":[10],"current_hp_per_floor":[42,42,42,38,38,38,37,19,19,19,19,19,10,0],"gold":77,"neow_bonus":"ONE_RARE_RELIC","is_prod":false,"is_daily":false,"chose_seed":false,"campfire_upgraded":1,"win_rate":0,"timestamp":1560697717,"path_taken":["M","?","?","?","?","R","M","E","T","$","R","M","M","?"],"build_version":"2019-01-23","purchased_purges":1,"victory":false,"max_hp_per_floor":[71,64,64,64,64,64,64,64,64,64,64,64,64,64],"card_choices":[{"not_picked":["Reprogram","Stack"],"picked":"Ball Lightning","floor":1},{"not_picked":["Aggregate","Streamline","Compile Driver"],"picked":"SKIP","floor":4},{"not_picked":["Streamline","Gash"],"picked":"Tempest","floor":7},{"not_picked":["Barrage","Rebound","Reboot"],"picked":"SKIP","floor":8},{"not_picked":["Skim","Compile Driver"],"picked":"White Noise","floor":12},{"not_picked":["Rebound","Stack","Melter"],"picked":"SKIP","floor":13}],"player_experience":572102,"relics_obtained":[{"floor":8,"key":"Lantern"},{"floor":9,"key":"Symbiotic Virus"},{"floor":11,"key":"Bottled Lightning"}],"event_choices":[{"damage_healed":0,"gold_gain":0,"player_choice":"Lose Max HP","damage_taken":0,"relics_obtained":["Golden Idol"],"max_hp_gain":0,"max_hp_loss":7,"event_name":"Golden Idol","floor":2,"gold_loss":0},{"cards_removed":["Strike_B"],"damage_healed":0,"gold_gain":0,"player_choice":"Purged","damage_taken":0,"max_hp_gain":0,"max_hp_loss":0,"event_name":"Purifier","floor":3,"gold_loss":0},{"damage_healed":0,"gold_gain":0,"player_choice":"Rummage","damage_taken":0,"relics_obtained":["WarpedTongs"],"max_hp_gain":0,"max_hp_loss":0,"event_name":"Accursed Blacksmith","floor":5,"gold_loss":0,"cards_obtained":["Pain"]}],"is_beta":false,"boss_relics":[],"items_purged_floors":[10],"is_endless":false,"potions_floor_spawned":[7,8],"killed_by":"Exordium Wildlife","ascension_level":18}