{"gold_per_floor":[113,113,34,109,122,122,157,178,178,198,214,235,44,63,63,152,152,173,194,194,215,105,105,33,33,33,33,33],"floor_reached":28,"playtime":1328,"items_purged":["Terror"],"score":363,"play_id":"7d874c41-422d-40dd-84e9-a8e718270457","local_time":"20190510013312","is_ascension_mode":true,"campfire_choices":[{"data":"Sucker Punch","floor":6,"key":"SMITH"},{"floor":15,"key":"REST"},{"data":"Catalyst","floor":23,"key":"SMITH"},{"data":"Footwork","floor":25,"key":"SMITH"},{"floor":27,"key":"REST"}],"neow_cost":"NONE","seed_source_timestamp":1953895919618412,"circlet_count":0,"master_deck":["AscendersBane","Defend_G","Defend_G","Defend_G","Defend_G","Defend_G","Strike_G","Strike_G","Strike_G","Strike_G","Strike_G","Survivor","Neutralize","Catalyst+1","Sucker Punch+1","Acrobatics","Dagger Throw","Bouncing Flask","Burst","Deadly Poison","Footwork+1"],"relics":["Busted Crown","Golden Idol","Darkstone Periapt","Centennial Puzzle","Snake Skull","Black Star","Dream Catcher"],"potions_floor_usage":[7,14,21,21],"damage_taken":[{"damage":0,"enemies":"Jaw Worm","floor":1,"turns":6},{"damage":8,"enemies":"2 Louse","floor":5,"turns":4},{"damage":21,"enemies":"3 Sentries","floor":7,"turns":13},{"damage":0,"enemies":"Small Slimes","floor":8,"turns":4},{"damage":7,"enemies":"Exordium Thugs","floor":10,"turns":6},{"damage":4,"enemies":"Large Slime","floor":11,"turns":10},{"damage":5,"enemies":"Gremlin Gang","floor":12,"turns":7},{"damage":0,"enemies":"Blue Slaver","floor":14,"turns":2},{"damage":5,"enemies":"The Guardian","floor":16,"turns":8},{"damage":0,"enemies":"Chosen","floor":18,"turns":4},{"damage":10,"enemies":"Spheric Guardian","floor":19,"turns":5},{"damage":10,"enemies":"Cultist and Chosen","floor":21,"turns":7},{"damage":47,"enemies":"Chosen and Byrds","floor":28,"turns":7}],"seed_played":"-6316580903604915778","potions_obtained":[{"floor":5,"key":"Block Potion"},{"floor":12,"key":"SkillPotion"},{"floor":18,"key":"GhostInAJar"},{"floor":19,"key":"Poison Potion"}],"is_trial":false,"path_per_floor":["M","?","$","?","M","R","E","M","T","M","M","M","$","M","R","B",null,"M","M","?","M","$","R","?","R","T","R","M"],"character_chosen":"THE_SILENT","items_purchased":["Catalyst","Bouncing Flask","Snake Skull","Footwork"],"campfire_rested":2,"item_purchase_floors":[3,13,13,22],"current_hp_per_floor":[63,63,63,52,44,44,23,23,23,16,12,7,7,7,26,21,54,54,44,38,28,28,28,28,28,28,47,0],"gold":33,"neow_bonus":"BOSS_RELIC","is_prod":false,"is_daily":false,"chose_seed":false,"campfire_upgraded":3,"win_rate":0,"timestamp":1557444792,"path_taken":["M","?","$","?","M","R","E","M","T","M","M","M","$","M","R","BOSS","M","M","?","M","?","R","?","R","T","R","?"],"build_version":"2019-01-23","purchased_purges":1,"victory":false,"max_hp_per_floor":[70,65,65,65,65,65,65,65,65,65,65,65,65,65,65,65,65,65,65,65,65,65,65,65,65,65,65,65],"card_choices":[{"not_picked":["Dagger Throw"],"picked":"SKIP","floor":1},{"not_picked":[],"picked":"Sucker Punch","floor":5},{"not_picked":["Sucker Punch"],"picked":"SKIP","floor":7},{"not_picked":["Slice"],"picked":"SKIP","floor":8},{"not_picked":[],"picked":"Acrobatics","floor":10},{"not_picked":[],"picked":"Terror","floor":11},{"not_picked":[],"picked":"Dagger Throw","floor":12},{"not_picked":["Deflect"],"picked":"SKIP","floor":14},{"not_picked":[],"picked":"Burst","floor":16},{"not_picked":[],"picked":"Deadly Poison","floor":18},{"not_picked":["Underhanded Strike"],"picked":"SKIP","floor":19},{"not_picked":["Deadly Poison"],"picked":"SKIP","floor":21}],"player_experience":300795,"relics_obtained":[{"floor":7,"key":"Darkstone Periapt"},{"floor":9,"key":"Centennial Puzzle"}],"event_choices":[{"damage_healed":0,"gold_gain":0,"player_choice":"Lose Max HP","damage_taken":0,"relics_obtained":["Golden Idol"],"max_hp_gain":0,"max_hp_loss":5,"event_name":"Golden Idol","floor":2,"gold_loss":0},{"damage_healed":0,"gold_gain":75,"player_choice":"Gather Gold","damage_taken":11,"max_hp_gain":0,"max_hp_loss":0,"event_name":"World of Goop","floor":4,"gold_loss":0},{"damage_healed":0,"gold_gain":0,"player_choice":"","damage_taken":6,"max_hp_gain":0,"max_hp_loss":0,"event_name":"Knowing Skull","floor":20,"potions_obtained":[],"gold_loss":0,"cards_obtained":[]},{"damage_healed":0,"gold_gain":0,"player_choice":"Paid Gold","damage_taken":0,"relics_obtained":["Dream Catcher"],"max_hp_gain":0,"max_hp_loss":0,"event_name":"WeMeetAgain","floor":24,"gold_loss":72}],"is_beta":false,"boss_relics":[{"not_picked":["Coffee Dripper","Runic Dome"],"picked":"Black Star"}],"items_purged_floors":[22],"is_endless":false,"potions_floor_spawned":[5,12,18,19],"killed_by":"Chosen and Byrds","ascension_level":13}