{"gold_per_floor":[117,192,192,192,33,60,60,90,142,161,193,193,207,42,42,42],"floor_reached":16,"playtime":334,"items_purged":[],"score":332,"play_id":"b93f4903-c9bf-4beb-963f-3b9bf40893d5","local_time":"20190529175758","is_ascension_mode":true,"campfire_choices":[{"data":"Limit Break","floor":7,"key":"SMITH"},{"data":"Whirlwind","floor":12,"key":"SMITH"},{"data":"True Grit","floor":15,"key":"SMITH"}],"neow_cost":"NONE","seed_source_timestamp":1037290608566091,"circlet_count":0,"master_deck":["AscendersBane","Strike_R","Strike_R+1","Strike_R+1","Strike_R","Strike_R","Defend_R+1","Defend_R","Defend_R","Defend_R","Bash+1","Uppercut+1","Inflame","Limit Break+1","Whirlwind+1","True Grit+1"],"relics":["Burning Blood","NeowsBlessing","Strawberry","Ginger","Art of War","Boot","Whetstone"],"potions_floor_usage":[16,16],"damage_taken":[{"damage":0,"enemies":"Jaw Worm","floor":1,"turns":1},{"damage":0,"enemies":"Gremlin Nob","floor":6,"turns":1},{"damage":0,"enemies":"Lagavulin","floor":8,"turns":1},{"damage":0,"enemies":"2 Louse","floor":10,"turns":2},{"damage":24,"enemies":"Gremlin Nob","floor":11,"turns":4},{"damage":6,"enemies":"Cultist","floor":13,"turns":3},{"damage":61,"enemies":"Hexaghost","floor":16,"turns":11}],"seed_played":"-7905404431676170609","potions_obtained":[{"floor":6,"key":"Regen Potion"},{"floor":8,"key":"SpeedPotion"}],"is_trial":false,"path_per_floor":["M","?","?","?","$","E","R","E","T","M","E","R","M","$","R","B"],"character_chosen":"IRONCLAD","items_purchased":["Inflame","Limit Break","Whetstone"],"campfire_rested":0,"item_purchase_floors":[5,5,14],"current_hp_per_floor":[74,63,63,40,40,53,53,59,59,65,47,47,47,47,47,0],"gold":42,"neow_bonus":"THREE_ENEMY_KILL","is_prod":false,"is_daily":false,"chose_seed":false,"campfire_upgraded":3,"win_rate":0,"timestamp":1559145478,"path_taken":["M","?","?","?","?","E","R","E","T","?","E","R","M","$","R","BOSS"],"build_version":"2019-01-23","purchased_purges":0,"victory":false,"max_hp_per_floor":[75,75,75,75,75,82,82,82,82,82,82,82,82,82,82,82],"card_choices":[{"not_picked":["Warcry","Armaments"],"picked":"Uppercut","floor":1},{"not_picked":["Pommel Strike","Flex","Fire Breathing"],"picked":"SKIP","floor":6},{"not_picked":["Combust","Armaments"],"picked":"Whirlwind","floor":8},{"not_picked":["Havoc","Dual Wield","Clothesline"],"picked":"SKIP","floor":10},{"not_picked":["Metallicize","Juggernaut"],"picked":"True Grit","floor":11},{"not_picked":["Cleave","Iron Wave","Entrench"],"picked":"SKIP","floor":13}],"player_experience":456705,"relics_obtained":[{"floor":6,"key":"Strawberry"},{"floor":8,"key":"Ginger"},{"floor":9,"key":"Art of War"},{"floor":11,"key":"Boot"}],"event_choices":[{"damage_healed":0,"gold_gain":75,"player_choice":"Gather Gold","damage_taken":11,"max_hp_gain":0,"max_hp_loss":0,"event_name":"World of Goop","floor":2,"gold_loss":0},{"damage_healed":0,"gold_gain":0,"player_choice":"Grow","damage_taken":0,"max_hp_gain":0,"max_hp_loss":0,"event_name":"Living Wall","floor":3,"gold_loss":0,"cards_upgraded":["Bash"]},{"damage_healed":0,"gold_gain":0,"player_choice":"Entered Light","damage_taken":23,"max_hp_gain":0,"max_hp_loss":0,"event_name":"Shining Light","floor":4,"gold_loss":0,"cards_upgraded":["Strike_R","Defend_R"]}],"is_beta":false,"boss_relics":[],"items_purged_floors":[],"is_endless":false,"potions_floor_spawned":[6,8,13],"killed_by":"Hexaghost","ascension_level":20}