{"gold_per_floor":[109,121,46,63,10,10,10,10,33,51,51,51,79,79,79,79],"floor_reached":16,"playtime":401,"items_purged":["Injury"],"score":196,"play_id":"0882f76b-00f6-442e-bbb7-c52aaa5311dd","local_time":"20190524000019","is_ascension_mode":true,"campfire_choices":[{"data":"Barricade","floor":6.0,"key":"SMITH"},{"data":"Body Slam","floor":8.0,"key":"SMITH"},{"floor":12.0,"key":"REST"},{"floor":15,"key":"REST"}],"neow_cost":"CURSE","seed_source_timestamp":540506163446570,"circlet_count":0,"master_deck":["AscendersBane","Strike_R","Strike_R","Strike_R","Defend_R","Defend_R","Defend_R","Defend_R","Barricade+1","Rampage","Disarm","Body Slam+1","Anger","Juggernaut"],"special_seed":0,"relics":["Burning Blood","Juzu Bracelet","Centennial Puzzle"],"potions_floor_usage":[13,13],"damage_taken":[{"damage":1.0,"enemies":"2 Louse","floor":1.0,"turns":3.0},{"damage":7.0,"enemies":"Cultist","floor":2.0,"turns":4.0},{"damage":15.0,"enemies":"Jaw Worm","floor":4.0,"turns":5.0},{"damage":56.0,"enemies":"Gremlin Gang","floor":10.0,"turns":8.0},{"damage":33,"enemies":"Gremlin Nob","floor":13,"turns":4},{"damage":31,"enemies":"Hexaghost","floor":16,"turns":9}],"seed_played":"1767786606201844264","potions_obtained":[{"floor":1.0,"key":"Strength Potion"},{"floor":10.0,"key":"Fire Potion"}],"is_trial":false,"path_per_floor":["M","M","$","M","$","R","?","R","T","M","?","R","E","?","R","B"],"character_chosen":"IRONCLAD","items_purchased":["Body Slam"],"campfire_rested":2,"item_purchase_floors":[5],"current_hp_per_floor":[73,72,72,63,63,63,63,63,63,13,13,35,8,8,30,0],"gold":79,"neow_bonus":"THREE_RARE_CARDS","is_prod":false,"is_daily":false,"chose_seed":false,"campfire_upgraded":2,"win_rate":0,"timestamp":1558648819,"path_taken":["M","M","$","M","$","R","?","R","T","M","?","R","E","?","R","BOSS"],"build_version":"2019-01-23","purchased_purges":1,"victory":false,"max_hp_per_floor":[75,75,75,75,75,75,75,75,75,75,75,75,75,75,75,75],"card_choices":[{"not_picked":["Feed","Offering"],"picked":"Barricade","floor":0.0},{"not_picked":["Flex","Metallicize"],"picked":"Rampage","floor":1.0},{"not_picked":["Cleave","True Grit"],"picked":"Disarm","floor":2.0},{"not_picked":["Warcry","Thunderclap","Evolve"],"picked":"SKIP","floor":4.0},{"not_picked":["Rampage","Warcry","Dropkick"],"picked":"SKIP","floor":10.0},{"not_picked":["Iron Wave","Anger","Uppercut"],"picked":"SKIP","floor":13},{"not_picked":["Iron Wave","Uppercut"],"picked":"Anger","floor":13}],"player_experience":378470,"relics_obtained":[{"floor":9.0,"key":"Juzu Bracelet"},{"floor":13,"key":"Centennial Puzzle"}],"event_choices":[{"cards_removed":["Strike_R"],"damage_healed":0.0,"max_hp_gain":0.0,"max_hp_loss":0.0,"gold_gain":0.0,"event_name":"Living Wall","player_choice":"Forget","floor":7.0,"gold_loss":0.0,"damage_taken":0.0},{"cards_removed":["Bash"],"damage_healed":0.0,"max_hp_gain":0.0,"max_hp_loss":0.0,"gold_gain":0.0,"event_name":"Bonfire Elementals","player_choice":"Offered Basic","floor":11.0,"gold_loss":0.0,"damage_taken":0.0},{"damage_healed":0,"gold_gain":0,"cards_transformed":["Strike_R"],"player_choice":"Transformed","damage_taken":0,"max_hp_gain":0,"max_hp_loss":0,"event_name":"Transmorgrifier","floor":14,"gold_loss":0,"cards_obtained":["Juggernaut"]}],"is_beta":false,"boss_relics":[],"items_purged_floors":[3],"is_endless":false,"potions_floor_spawned":[1,10],"killed_by":"Hexaghost","ascension_level":20}