{"gold_per_floor":[116,116,131,19,31,31,41,41,41,54,54,54,18,57,57,57],"floor_reached":16,"playtime":1168,"items_purged":["Defend_G"],"score":100,"play_id":"77d15de3-5f96-47ad-92cd-24764cbb604f","local_time":"20190609214352","is_ascension_mode":false,"campfire_choices":[{"data":"Caltrops","floor":6,"key":"SMITH"},{"floor":12,"key":"REST"},{"floor":15,"key":"REST"}],"neow_cost":"NONE","seed_source_timestamp":98016477554564,"circlet_count":0,"master_deck":["Defend_G","Defend_G","Defend_G","Defend_G","Strike_G","Strike_G","Strike_G","Strike_G","Survivor","Neutralize","Cloak And Dagger","Predator","Caltrops+1","Bouncing Flask","Pain","Outmaneuver","Setup","Underhanded Strike+1"],"relics":["Ring of the Snake","WarpedTongs","Molten Egg 2","Golden Idol","Potion Belt"],"potions_floor_usage":[14],"damage_taken":[{"damage":0,"enemies":"2 Louse","floor":1,"turns":3},{"damage":1,"enemies":"Cultist","floor":3,"turns":4},{"damage":1,"enemies":"Small Slimes","floor":5,"turns":3},{"damage":31,"enemies":"Gremlin Gang","floor":7,"turns":4},{"damage":20,"enemies":"2 Fungi Beasts","floor":10,"turns":4},{"damage":24,"enemies":"Gremlin Nob","floor":14,"turns":4},{"damage":32,"enemies":"The Guardian","floor":16,"turns":6}],"seed_played":"-8295549657057806841","potions_obtained":[{"floor":10,"key":"Fire Potion"},{"floor":14,"key":"SpeedPotion"}],"is_trial":false,"path_per_floor":["M","?","M","$","M","R","M","?","T","M","?","R","$","E","R","B"],"character_chosen":"THE_SILENT","items_purchased":["Predator","Setup"],"campfire_rested":2,"item_purchase_floors":[4,13],"current_hp_per_floor":[70,80,79,79,78,78,47,47,47,27,7,31,31,7,31,0],"gold":57,"neow_bonus":"TRANSFORM_CARD","is_prod":false,"is_daily":false,"chose_seed":false,"campfire_upgraded":1,"win_rate":0.0,"timestamp":1560131032,"path_taken":["M","?","M","$","?","R","M","?","T","?","?","R","?","E","R","BOSS"],"build_version":"2019-01-23","purchased_purges":1,"victory":false,"max_hp_per_floor":[70,80,80,80,80,80,80,80,80,80,80,80,80,80,80,80],"card_choices":[{"not_picked":["Slice","Skewer","Dagger Throw"],"picked":"SKIP","floor":1},{"not_picked":["Quick Slash","Sucker Punch"],"picked":"Cloak And Dagger","floor":3},{"not_picked":["Catalyst","Sucker Punch"],"picked":"Caltrops","floor":5},{"not_picked":["Dagger Throw","Concentrate"],"picked":"Bouncing Flask","floor":7},{"not_picked":["Dodge and Roll","Doppelganger"],"picked":"Outmaneuver","floor":10},{"not_picked":["Finisher+1","Adrenaline"],"picked":"Underhanded Strike+1","floor":14}],"player_experience":1121566,"relics_obtained":[{"floor":9,"key":"Molten Egg 2"},{"floor":14,"key":"Potion Belt"}],"event_choices":[{"cards_removed":["Wraith Form v2"],"damage_healed":0,"gold_gain":0,"player_choice":"Offered Rare","damage_taken":0,"max_hp_gain":10,"max_hp_loss":0,"event_name":"Bonfire Elementals","floor":2,"gold_loss":0},{"damage_healed":0,"gold_gain":0,"player_choice":"Rummage","damage_taken":0,"relics_obtained":["WarpedTongs"],"max_hp_gain":0,"max_hp_loss":0,"event_name":"Accursed Blacksmith","floor":8,"gold_loss":0,"cards_obtained":["Pain"]},{"damage_healed":0,"gold_gain":0,"player_choice":"Take Damage","damage_taken":20,"relics_obtained":["Golden Idol"],"max_hp_gain":0,"max_hp_loss":0,"event_name":"Golden Idol","floor":11,"gold_loss":0}],"is_beta":false,"boss_relics":[],"items_purged_floors":[4],"is_endless":false,"potions_floor_spawned":[10,14],"killed_by":"The Guardian","ascension_level":0}