{"gold_per_floor":[111,61,236,248,248,248,282,282,282,292,292,303,338,338,338,338],"floor_reached":16,"playtime":1570,"items_purged":[],"score":133,"play_id":"8ec76da8-03a3-451f-8bbf-bbf1d2148f11","local_time":"20190424224051","is_ascension_mode":false,"campfire_choices":[{"data":"Defend_G","floor":6,"key":"SMITH"},{"floor":15,"key":"REST"}],"neow_cost":"NONE","seed_source_timestamp":1036500137582085,"circlet_count":0,"master_deck":["Defend_G","Defend_G","Defend_G+1","Defend_G","Defend_G","Strike_G","Strike_G","Survivor","Neutralize","Backflip","Doubt","Dagger Spray","Blade Dance+1","Outmaneuver+1","Deflect+1","Noxious Fumes","Parasite"],"relics":["Ring of the Snake","NeowsBlessing","Toxic Egg 2","Blood Vial","Bird Faced Urn","Boot"],"potions_floor_usage":[12,13],"damage_taken":[{"damage":0,"enemies":"Jaw Worm","floor":1,"turns":1},{"damage":0,"enemies":"2 Louse","floor":4,"turns":1},{"damage":0,"enemies":"Gremlin Nob","floor":7,"turns":1},{"damage":0,"enemies":"Small Slimes","floor":10,"turns":2},{"damage":14,"enemies":"3 Louse","floor":12,"turns":2},{"damage":26,"enemies":"3 Sentries","floor":13,"turns":7},{"damage":69,"enemies":"The Guardian","floor":16,"turns":12}],"seed_played":"7349023611774105449","potions_obtained":[{"floor":1,"key":"AttackPotion"},{"floor":12,"key":"Explosive Potion"}],"is_trial":false,"path_per_floor":["M","?","?","M","?","R","E","?","T","M","?","M","E","?","R","B"],"character_chosen":"THE_SILENT","items_purchased":[],"campfire_rested":1,"item_purchase_floors":[],"current_hp_per_floor":[70,70,70,70,45,45,45,38,38,40,40,28,4,21,42,0],"gold":338,"neow_bonus":"THREE_ENEMY_KILL","is_prod":false,"is_daily":false,"chose_seed":false,"campfire_upgraded":1,"win_rate":0.0,"timestamp":1556160051,"path_taken":["M","?","?","M","?","R","E","?","T","M","?","?","E","?","R","BOSS"],"build_version":"2019-01-23","purchased_purges":0,"victory":false,"max_hp_per_floor":[70,70,70,70,70,70,70,70,70,70,70,70,70,70,70,70],"card_choices":[{"not_picked":["Quick Slash","Acrobatics"],"picked":"Backflip","floor":1},{"not_picked":["PiercingWail","Poisoned Stab"],"picked":"Dagger Spray","floor":4},{"not_picked":["Deflect+1","Sucker Punch"],"picked":"Blade Dance+1","floor":7},{"not_picked":["Quick Slash","Heel Hook"],"picked":"Outmaneuver+1","floor":10},{"not_picked":["Dagger Throw","Riddle With Holes"],"picked":"Deflect+1","floor":12},{"not_picked":["Quick Slash","Backflip+1"],"picked":"Noxious Fumes","floor":13}],"player_experience":36740,"relics_obtained":[{"floor":7,"key":"Blood Vial"},{"floor":9,"key":"Bird Faced Urn"},{"floor":13,"key":"Boot"}],"event_choices":[{"cards_removed":["Strike_G"],"damage_healed":0,"gold_gain":0,"player_choice":"Card Removal","damage_taken":0,"max_hp_gain":0,"max_hp_loss":0,"event_name":"The Cleric","floor":2,"gold_loss":50},{"damage_healed":0,"gold_gain":175,"player_choice":"AGREE","damage_taken":0,"max_hp_gain":0,"max_hp_loss":0,"event_name":"Liars Game","floor":3,"gold_loss":0,"cards_obtained":["Doubt"]},{"damage_healed":0,"gold_gain":0,"player_choice":"Success","damage_taken":25,"relics_obtained":["Toxic Egg 2"],"max_hp_gain":0,"max_hp_loss":0,"event_name":"Scrap Ooze","floor":5,"gold_loss":0},{"cards_removed":["Strike_G"],"damage_healed":0,"gold_gain":0,"player_choice":"Card Removal","damage_taken":7,"max_hp_gain":0,"max_hp_loss":0,"event_name":"Golden Wing","floor":8,"gold_loss":0},{"cards_removed":["Strike_G"],"damage_healed":0,"gold_gain":0,"player_choice":"Forget","damage_taken":0,"max_hp_gain":0,"max_hp_loss":0,"event_name":"Living Wall","floor":11,"gold_loss":0},{"damage_healed":17,"gold_gain":0,"player_choice":"Healed and dodged fight","damage_taken":0,"max_hp_gain":0,"max_hp_loss":0,"event_name":"Mushrooms","floor":14,"gold_loss":0,"cards_obtained":["Parasite"]}],"is_beta":false,"boss_relics":[],"items_purged_floors":[],"is_endless":false,"potions_floor_spawned":[1,12],"killed_by":"The Guardian","ascension_level":0}