{"gold_per_floor":[116,116,8,21,33,59,59,59,106,133,133,133,58,91,91,169,169,184,40,40,40,40],"floor_reached":22,"playtime":1059,"items_purged":["Strike_R","Strike_R"],"score":400,"play_id":"88ab2367-f28b-449f-82ba-c5377c535a81","local_time":"20190628141509","is_ascension_mode":true,"campfire_choices":[{"data":"Corruption","floor":7.0,"key":"SMITH"},{"floor":12,"key":"REST"},{"data":"Anger","floor":15,"key":"SMITH"}],"neow_cost":"NONE","seed_source_timestamp":740551357410000,"circlet_count":0,"master_deck":["AscendersBane","Strike_R","Strike_R","Strike_R","Defend_R","Defend_R","Defend_R","Defend_R","Bash","Shrug It Off","Combust+1","Anger+1","Pommel Strike","Infernal Blade","Corruption+1","Shrug It Off","Shrug It Off","Shockwave","Battle Trance","Exhume","Hemokinesis","Inflame","Flame Barrier"],"special_seed":0,"relics":["Orrery","Juzu Bracelet","Red Skull","Kunai","Orichalcum","Runic Cube","Enchiridion"],"potions_floor_usage":[16,20],"damage_taken":[{"damage":2.0,"enemies":"2 Louse","floor":1.0,"turns":2.0},{"damage":0.0,"enemies":"Small Slimes","floor":4.0,"turns":4.0},{"damage":1.0,"enemies":"Cultist","floor":5.0,"turns":4.0},{"damage":13.0,"enemies":"Lagavulin","floor":6.0,"turns":6.0},{"damage":54,"enemies":"Gremlin Nob","floor":10,"turns":5},{"damage":8,"enemies":"3 Sentries","floor":14,"turns":7},{"damage":18,"enemies":"Hexaghost","floor":16,"turns":9},{"damage":8,"enemies":"Shell Parasite","floor":18,"turns":4},{"damage":22,"enemies":"2 Thieves","floor":20,"turns":4},{"damage":17,"enemies":"Centurion and Healer","floor":22,"turns":1}],"seed_played":"7951932448871991439","potions_obtained":[{"floor":1.0,"key":"SteroidPotion"},{"floor":6.0,"key":"SmokeBomb"},{"floor":10,"key":"EntropicBrew"}],"is_trial":false,"path_per_floor":["M","?","$","M","M","E","R","?","T","E","?","R","$","E","R","B",null,"M","$","M","?","M"],"character_chosen":"IRONCLAD","items_purchased":["Shrug It Off","AttackPotion","Inflame"],"campfire_rested":1,"item_purchase_floors":[3,3,19],"current_hp_per_floor":[66,71,71,71,70,57,57,57,57,3,3,27,27,19,19,1,60,52,52,30,9,0],"gold":40,"neow_bonus":"BOSS_RELIC","is_prod":false,"is_daily":false,"chose_seed":false,"campfire_upgraded":2,"win_rate":0,"timestamp":1561745709,"path_taken":["M","?","$","M","M","E","R","?","T","E","?","R","$","E","R","BOSS","M","$","M","?","M"],"build_version":"2019-01-23","purchased_purges":2,"victory":false,"max_hp_per_floor":[75,80,80,80,80,80,80,80,80,80,80,80,80,80,80,80,80,80,80,80,80,80],"card_choices":[{"not_picked":["Perfected Strike","Corruption"],"picked":"Shrug It Off","floor":0.0},{"not_picked":["Wild Strike","True Grit"],"picked":"Combust","floor":0.0},{"not_picked":["Iron Wave","Shockwave"],"picked":"Anger","floor":0.0},{"not_picked":["Headbutt","Ghostly Armor"],"picked":"Pommel Strike","floor":0.0},{"not_picked":["Perfected Strike","Hemokinesis"],"picked":"Infernal Blade","floor":0.0},{"not_picked":["Wild Strike","Twin Strike"],"picked":"Corruption","floor":1.0},{"not_picked":["Havoc","Perfected Strike","Entrench"],"picked":"SKIP","floor":4.0},{"not_picked":["Ghostly Armor","Corruption"],"picked":"Shrug It Off","floor":5.0},{"not_picked":["Thunderclap","Searing Blow"],"picked":"Shockwave","floor":6.0},{"not_picked":["Clash","Limit Break"],"picked":"Battle Trance","floor":10},{"not_picked":["Shockwave","Flex","Cleave"],"picked":"SKIP","floor":14},{"not_picked":["Bludgeon","Offering"],"picked":"Exhume","floor":16},{"not_picked":["Hemokinesis","Iron Wave","Thunderclap"],"picked":"SKIP","floor":18},{"not_picked":["Iron Wave","Thunderclap"],"picked":"Hemokinesis","floor":18},{"not_picked":["Shrug It Off","Power Through"],"picked":"Flame Barrier","floor":20}],"player_experience":510221,"relics_obtained":[{"floor":6.0,"key":"Juzu Bracelet"},{"floor":9.0,"key":"Red Skull"},{"floor":10,"key":"Kunai"},{"floor":14,"key":"Orichalcum"},{"floor":21,"key":"Enchiridion"}],"event_choices":[{"damage_healed":0.0,"max_hp_gain":5.0,"max_hp_loss":0.0,"gold_gain":0.0,"event_name":"Big Fish","player_choice":"Donut","floor":2.0,"gold_loss":0.0,"damage_taken":0.0},{"damage_healed":0.0,"max_hp_gain":0.0,"max_hp_loss":0.0,"gold_gain":0.0,"event_name":"Upgrade Shrine","player_choice":"Upgraded","floor":8.0,"gold_loss":0.0,"damage_taken":0.0,"cards_upgraded":["Combust"]},{"damage_healed":0,"gold_gain":0,"player_choice":"Ignored","damage_taken":0,"max_hp_gain":0,"max_hp_loss":0,"event_name":"Golden Wing","floor":11,"gold_loss":0},{"damage_healed":0,"gold_gain":0,"player_choice":"Obtained Book","damage_taken":21,"max_hp_gain":0,"max_hp_loss":0,"event_name":"Cursed Tome","floor":21,"gold_loss":0}],"is_beta":false,"boss_relics":[{"not_picked":["Coffee Dripper","Runic Dome"],"picked":"Runic Cube"}],"items_purged_floors":[13,19],"is_endless":false,"potions_floor_spawned":[1,6,10,18],"killed_by":"Centurion and Healer","ascension_level":20}