{"gold_per_floor":[113,113,113,188,208,243,258,258,258,258,273,273,289,62,62,181,181,194,194,40,60,70,70,102,136,136,136,148,166,43,53,53,149,149,163,217,12,30,30,55,55,55],"floor_reached":42,"playtime":2808,"items_purged":["Strike_G","Strike_G","Defend_G"],"score":637,"play_id":"a335541d-6d58-43d8-a658-3693ea8ac18d","local_time":"20190516190756","is_ascension_mode":true,"campfire_choices":[{"data":"Dagger Spray","floor":8,"key":"SMITH"},{"data":"Neutralize","floor":10,"key":"SMITH"},{"floor":15,"key":"REST"},{"data":"Adrenaline","floor":23,"key":"SMITH"},{"data":"Accuracy","floor":32,"key":"SMITH"},{"data":"Footwork","floor":41,"key":"SMITH"}],"neow_cost":"NONE","seed_source_timestamp":7182281500800,"circlet_count":0,"master_deck":["Defend_G","Defend_G","Defend_G+1","Defend_G","Strike_G","Strike_G+1","Survivor","Neutralize+1","Escape Plan","Dagger Spray+1","Poisoned Stab","Accuracy+1","Deflect","Adrenaline+1","Well Laid Plans","Finisher","Cloak And Dagger","Bane","Burst","PiercingWail","Infinite Blades","Prepared","Crippling Poison","Adrenaline","PiercingWail+1","Cloak And Dagger","Infinite Blades","Blur","Cloak And Dagger","Blade Dance+1","Die Die Die+1","Unload+1","PiercingWail+1","Footwork+1","Escape Plan","Slice+1","Writhe"],"relics":["Ring of the Snake","NeowsBlessing","Bloody Idol","Meat on the Bone","Sundial","WristBlade","Red Mask","Prayer Wheel","Molten Egg 2","Philosopher\u0027s Stone","Nunchaku","Ancient Tea Set"],"potions_floor_usage":[22,24,28,31,33,33,33,35,36,42],"damage_taken":[{"damage":0,"enemies":"Jaw Worm","floor":1,"turns":1},{"damage":0,"enemies":"2 Louse","floor":5,"turns":1},{"damage":0,"enemies":"3 Sentries","floor":6,"turns":1},{"damage":2,"enemies":"Small Slimes","floor":7,"turns":2},{"damage":1,"enemies":"Blue Slaver","floor":11,"turns":3},{"damage":13,"enemies":"Large Slime","floor":13,"turns":7},{"damage":31,"enemies":"Slime Boss","floor":16,"turns":16},{"damage":3,"enemies":"Shell Parasite","floor":18,"turns":4},{"damage":0,"enemies":"Chosen","floor":21,"turns":4},{"damage":33,"enemies":"Sentry and Sphere","floor":22,"turns":6},{"damage":16,"enemies":"Masked Bandits","floor":24,"turns":6},{"damage":24,"enemies":"Book of Stabbing","floor":25,"turns":6},{"damage":28,"enemies":"3 Cultists","floor":28,"turns":6},{"damage":0,"enemies":"Snecko","floor":29,"turns":3},{"damage":6,"enemies":"Centurion and Healer","floor":31,"turns":6},{"damage":35,"enemies":"Collector","floor":33,"turns":8},{"damage":4,"enemies":"3 Shapes","floor":35,"turns":4},{"damage":33,"enemies":"2 Orb Walkers","floor":36,"turns":5},{"damage":7,"enemies":"3 Darklings","floor":38,"turns":4},{"damage":29,"enemies":"Reptomancer","floor":40,"turns":7},{"damage":68,"enemies":"Nemesis","floor":42,"turns":7}],"seed_played":"-2479715514740767392","potions_obtained":[{"floor":6,"key":"EssenceOfSteel"},{"floor":13,"key":"EssenceOfSteel"},{"floor":21,"key":"FearPotion"},{"floor":22,"key":"Energy Potion"},{"floor":25,"key":"Fruit Juice"},{"floor":29,"key":"EntropicBrew"},{"floor":36,"key":"Strength Potion"}],"is_trial":false,"path_per_floor":["M","?","?","?","M","E","M","R","T","R","M","?","M","$","R","B",null,"M","?","$","M","M","R","?","E","T","?","M","M","$","M","R","B",null,"M","?","$","M","?","E","R","E"],"character_chosen":"THE_SILENT","items_purchased":["Well Laid Plans","Finisher","Cloak And Dagger","Bane","Infinite Blades","Cloak And Dagger","Escape Plan"],"campfire_rested":1,"item_purchase_floors":[14,14,14,14,20,30,37],"current_hp_per_floor":[63,63,46,35,35,35,45,45,45,45,44,30,29,29,50,31,60,57,57,57,62,46,46,47,40,40,70,52,57,57,56,56,38,66,67,51,51,49,68,44,44,0],"gold":55,"neow_bonus":"THREE_ENEMY_KILL","is_prod":false,"is_daily":false,"chose_seed":false,"campfire_upgraded":5,"win_rate":0,"timestamp":1558058876,"path_taken":["M","?","?","?","M","E","M","R","T","R","M","?","M","$","R","BOSS","M","?","$","M","M","R","?","E","T","?","M","?","$","M","R","BOSS","M","?","$","M","?","E","R","E"],"build_version":"2019-01-23","purchased_purges":3,"victory":false,"max_hp_per_floor":[70,70,70,70,70,70,70,70,70,70,70,70,70,70,70,70,70,70,70,70,70,70,70,70,70,70,70,75,75,75,75,75,75,75,75,75,75,75,75,75,75,75],"card_choices":[{"not_picked":["Acrobatics","Dodge and Roll"],"picked":"Escape Plan","floor":1},{"not_picked":["Riddle With Holes","Dagger Throw"],"picked":"Dagger Spray","floor":5},{"not_picked":["Dodge and Roll","Quick Slash"],"picked":"Poisoned Stab","floor":6},{"not_picked":["Backstab","Blade Dance"],"picked":"Accuracy","floor":7},{"not_picked":["Dodge and Roll","Sucker Punch"],"picked":"Deflect","floor":11},{"not_picked":["Outmaneuver","Prepared"],"picked":"Adrenaline","floor":13},{"not_picked":["Doppelganger","Night Terror"],"picked":"Burst","floor":16},{"not_picked":["Poisoned Stab","Skewer+1"],"picked":"PiercingWail","floor":18},{"not_picked":["Poisoned Stab","Burst","Deflect"],"picked":"SKIP","floor":21},{"not_picked":["Sucker Punch+1","Eviscerate"],"picked":"Prepared","floor":22},{"not_picked":["Sucker Punch","Deflect"],"picked":"Crippling Poison","floor":24},{"not_picked":["Bane","Dagger Throw+1"],"picked":"Adrenaline","floor":25},{"not_picked":["Reflex","Acrobatics"],"picked":"PiercingWail+1","floor":28},{"not_picked":["Sucker Punch+1","Calculated Gamble"],"picked":"Cloak And Dagger","floor":28},{"not_picked":["Backflip","Catalyst"],"picked":"Infinite Blades","floor":29},{"not_picked":["Concentrate+1","Masterful Stab+1"],"picked":"Blur","floor":29},{"not_picked":["Underhanded Strike+1","PiercingWail"],"picked":"Blade Dance+1","floor":31},{"not_picked":["Crippling Poison","Blade Dance"],"picked":"Die Die Die+1","floor":31},{"not_picked":["Adrenaline","Wraith Form v2"],"picked":"Unload+1","floor":33},{"not_picked":["Deadly Poison+1","Eviscerate+1"],"picked":"PiercingWail+1","floor":35},{"not_picked":["Terror","Bane+1","Sucker Punch+1"],"picked":"SKIP","floor":35},{"not_picked":["Deadly Poison+1","Tactician+1"],"picked":"Footwork","floor":36},{"not_picked":["Corpse Explosion","Eviscerate+1"],"picked":"Slice+1","floor":38},{"not_picked":["Skewer+1","Backflip","PiercingWail"],"picked":"SKIP","floor":38},{"not_picked":["Dodge and Roll","Tactician+1","Doppelganger"],"picked":"SKIP","floor":40}],"player_experience":324643,"relics_obtained":[{"floor":6,"key":"Meat on the Bone"},{"floor":9,"key":"Sundial"},{"floor":24,"key":"Red Mask"},{"floor":25,"key":"Prayer Wheel"},{"floor":26,"key":"Molten Egg 2"},{"floor":36,"key":"Nunchaku"},{"floor":40,"key":"Ancient Tea Set"}],"event_choices":[{"cards_removed":["Strike_G"],"damage_healed":0,"gold_gain":0,"player_choice":"Forget","damage_taken":0,"max_hp_gain":0,"max_hp_loss":0,"event_name":"Living Wall","floor":2,"gold_loss":0},{"damage_healed":0,"gold_gain":0,"player_choice":"Take Damage","damage_taken":17,"relics_obtained":["Golden Idol"],"max_hp_gain":0,"max_hp_loss":0,"event_name":"Golden Idol","floor":3,"gold_loss":0},{"damage_healed":0,"gold_gain":75,"player_choice":"Gather Gold","damage_taken":11,"max_hp_gain":0,"max_hp_loss":0,"event_name":"World of Goop","floor":4,"gold_loss":0},{"damage_healed":0,"gold_gain":0,"player_choice":"Entered Light","damage_taken":14,"max_hp_gain":0,"max_hp_loss":0,"event_name":"Shining Light","floor":12,"gold_loss":0,"cards_upgraded":["Strike_G","Defend_G"]},{"damage_healed":0,"gold_gain":0,"player_choice":"Gave Idol","damage_taken":0,"relics_obtained":["Bloody Idol"],"max_hp_gain":0,"max_hp_loss":0,"event_name":"Forgotten Altar","floor":19,"relics_lost":["Golden Idol"],"gold_loss":0},{"damage_healed":0,"gold_gain":0,"player_choice":"Fought Bandits","damage_taken":0,"max_hp_gain":0,"max_hp_loss":0,"event_name":"Masked Bandits","floor":24,"gold_loss":0},{"damage_healed":30,"gold_gain":0,"player_choice":"Full Heal","damage_taken":0,"max_hp_gain":0,"max_hp_loss":0,"event_name":"Wheel of Change","floor":27,"gold_loss":0},{"damage_healed":0,"gold_gain":0,"player_choice":"Fight","damage_taken":0,"max_hp_gain":0,"max_hp_loss":0,"event_name":"Mysterious Sphere","floor":36,"gold_loss":0},{"damage_healed":19,"gold_gain":0,"player_choice":"Writhe","damage_taken":0,"max_hp_gain":0,"max_hp_loss":0,"event_name":"Winding Halls","floor":39,"gold_loss":0,"cards_obtained":["Writhe"]}],"is_beta":false,"boss_relics":[{"not_picked":["Cursed Key","Astrolabe"],"picked":"WristBlade"},{"not_picked":["Coffee Dripper","HoveringKite"],"picked":"Philosopher\u0027s Stone"}],"items_purged_floors":[20,30,37],"is_endless":false,"potions_floor_spawned":[6,13,21,22,25,29,36],"killed_by":"Nemesis","ascension_level":6}