{"gold_per_floor":[211,221,221,321,332,332,346,372,372,402,402,429,429,429],"floor_reached":14,"playtime":663,"items_purged":[],"score":196,"play_id":"09d63b22-d45c-4c25-b5c6-85ffc7059eb1","local_time":"20190630184851","is_ascension_mode":true,"campfire_choices":[{"data":"Bash","floor":6.0,"key":"SMITH"},{"data":"Carnage","floor":11.0,"key":"SMITH"}],"neow_cost":"NONE","seed_source_timestamp":443115785424275,"circlet_count":0,"master_deck":["AscendersBane","Strike_R","Strike_R","Strike_R","Strike_R+1","Strike_R","Defend_R","Defend_R","Defend_R","Defend_R","Bash+1","Shrug It Off+1","Carnage+1","Anger","Iron Wave","Twin Strike+1","Shockwave"],"special_seed":0,"relics":["Burning Blood","Bird Faced Urn","Molten Egg 2","Pear","Odd Mushroom"],"potions_floor_usage":[14,14],"damage_taken":[{"damage":9.0,"enemies":"2 Louse","floor":1.0,"turns":3.0},{"damage":4.0,"enemies":"Jaw Worm","floor":2.0,"turns":5.0},{"damage":1.0,"enemies":"Cultist","floor":5.0,"turns":4.0},{"damage":7.0,"enemies":"Exordium Wildlife","floor":7.0,"turns":6.0},{"damage":37.0,"enemies":"3 Sentries","floor":8.0,"turns":9.0},{"damage":31.0,"enemies":"Gremlin Nob","floor":10.0,"turns":4.0},{"damage":4.0,"enemies":"The Mushroom Lair","floor":12.0,"turns":4.0},{"damage":5,"enemies":"3 Sentries","floor":14,"turns":6}],"seed_played":"-7321963310623181895","potions_obtained":[{"floor":1.0,"key":"SpeedPotion"},{"floor":12.0,"key":"Energy Potion"}],"is_trial":false,"path_per_floor":["M","M","?","?","M","R","M","E","T","E","R","?","?","E"],"character_chosen":"IRONCLAD","items_purchased":[],"campfire_rested":0,"item_purchase_floors":[],"current_hp_per_floor":[65,67,72,72,77,77,76,45,45,30,30,32,5,0],"gold":429,"neow_bonus":"HUNDRED_GOLD","is_prod":false,"is_daily":false,"chose_seed":false,"campfire_upgraded":2,"win_rate":0,"timestamp":1561913331,"path_taken":["M","M","?","?","?","R","M","E","T","E","R","?","?","E"],"build_version":"2019-01-23","purchased_purges":0,"victory":false,"max_hp_per_floor":[75,75,80,80,80,80,80,80,80,90,90,90,90,90],"card_choices":[{"not_picked":["Iron Wave","Body Slam"],"picked":"Shrug It Off","floor":1.0},{"not_picked":["Intimidate","Evolve","Thunderclap"],"picked":"SKIP","floor":2.0},{"not_picked":["Intimidate","Headbutt"],"picked":"Carnage","floor":5.0},{"not_picked":["Thunderclap","Flex"],"picked":"Anger","floor":7.0},{"not_picked":["Impervious","Anger"],"picked":"Iron Wave","floor":8.0},{"not_picked":["Second Wind","Flex"],"picked":"Twin Strike+1","floor":10.0},{"not_picked":["Wild Strike+1","Intimidate"],"picked":"Shockwave","floor":12.0}],"player_experience":688160,"relics_obtained":[{"floor":8.0,"key":"Bird Faced Urn"},{"floor":9.0,"key":"Molten Egg 2"},{"floor":10.0,"key":"Pear"},{"floor":12.0,"key":"Odd Mushroom"}],"event_choices":[{"damage_healed":0.0,"max_hp_gain":5.0,"max_hp_loss":0.0,"gold_gain":0.0,"event_name":"Big Fish","player_choice":"Donut","floor":3.0,"gold_loss":0.0,"damage_taken":0.0},{"damage_healed":0.0,"max_hp_gain":0.0,"max_hp_loss":0.0,"gold_gain":100.0,"event_name":"Wheel of Change","player_choice":"Gold","floor":4.0,"gold_loss":0.0,"damage_taken":0.0},{"damage_healed":0.0,"max_hp_gain":0.0,"max_hp_loss":0.0,"gold_gain":0.0,"event_name":"Mushrooms","player_choice":"Fought Mushrooms","floor":12.0,"gold_loss":0.0,"damage_taken":0.0},{"damage_healed":0.0,"max_hp_gain":0.0,"max_hp_loss":0.0,"gold_gain":0.0,"event_name":"Shining Light","player_choice":"Entered Light","floor":13.0,"gold_loss":0.0,"damage_taken":27.0,"cards_upgraded":["Strike_R","Shrug It Off"]}],"is_beta":false,"boss_relics":[],"items_purged_floors":[],"is_endless":false,"potions_floor_spawned":[1,12],"killed_by":"3 Sentries","ascension_level":20}