{"gold_per_floor":[115,115,115,115,35,35,46,46,96,115,115,115,125,139,139,236,236,256,256,230,155,168,0,11,11,11,11,28,47,47,64,64,164,164,179,198,198,198,198,217,217],"floor_reached":41,"playtime":1337,"items_purged":["Strike_R"],"score":385,"play_id":"37350bce-65d8-4aef-94cc-c5e1c1bb99d8","local_time":"20190531131109","is_ascension_mode":false,"campfire_choices":[{"data":"Bash","floor":6,"key":"SMITH"},{"data":"Rampage","floor":8,"key":"SMITH"},{"data":"Flame Barrier","floor":11,"key":"SMITH"},{"floor":15,"key":"REST"},{"data":"Defend_R","floor":25,"key":"SMITH"},{"floor":30,"key":"REST"},{"floor":32,"key":"REST"}],"neow_cost":"NONE","seed_source_timestamp":1191890852677716,"circlet_count":0,"master_deck":["Strike_R","Strike_R","Strike_R+1","Defend_R+1","Defend_R","Defend_R","Defend_R+1","Bash+1","Cleave","Rampage+1","Flame Barrier+1","Headbutt","Impervious","Double Tap+1","Uppercut+1","Dropkick+1","Inflame+1","Parasite"],"relics":["Mark of Pain"],"potions_floor_usage":[18,20,22,33,33,33,40,41],"damage_taken":[{"damage":10,"enemies":"Small Slimes","floor":1,"turns":4},{"damage":0,"enemies":"2 Louse","floor":7,"turns":2},{"damage":11,"enemies":"Jaw Worm","floor":10,"turns":2},{"damage":0,"enemies":"Looter","floor":13,"turns":2},{"damage":7,"enemies":"2 Fungi Beasts","floor":14,"turns":3},{"damage":37,"enemies":"The Guardian","floor":16,"turns":9},{"damage":8,"enemies":"3 Byrds","floor":18,"turns":4},{"damage":18,"enemies":"2 Thieves","floor":20,"turns":5},{"damage":11,"enemies":"Snake Plant","floor":22,"turns":4},{"damage":6,"enemies":"Centurion and Healer","floor":24,"turns":6},{"damage":0,"enemies":"Cultist and Chosen","floor":28,"turns":4},{"damage":9,"enemies":"Shelled Parasite and Fungi","floor":29,"turns":4},{"damage":2,"enemies":"Centurion and Healer","floor":31,"turns":5},{"damage":77,"enemies":"Automaton","floor":33,"turns":13},{"damage":10,"enemies":"Orb Walker","floor":35,"turns":3},{"damage":46,"enemies":"3 Darklings","floor":36,"turns":10},{"damage":15,"enemies":"Writhing Mass","floor":40,"turns":4},{"damage":21,"enemies":"Jaw Worm Horde","floor":41,"turns":3}],"seed_played":"-5842184056947725518","potions_obtained":[{"floor":7,"key":"Dexterity Potion"},{"floor":14,"key":"Energy Potion"},{"floor":16,"key":"EssenceOfSteel"},{"floor":20,"key":"Dexterity Potion"},{"floor":22,"key":"SteroidPotion"},{"floor":29,"key":"AttackPotion"},{"floor":31,"key":"Dexterity Potion"},{"floor":36,"key":"Strength Potion"},{"floor":40,"key":"Swift Potion"}],"is_trial":false,"path_per_floor":["M","?","?","?","$","R","M","R","T","M","R","?","M","M","R","B",null,"M","?","M","$","M","?","M","R","T","$","M","M","R","M","R","B",null,"M","M","?","?","?","M","M"],"character_chosen":"IRONCLAD","items_purchased":["Rampage"],"campfire_rested":3,"item_purchase_floors":[5],"current_hp_per_floor":[70,75,58,51,51,51,51,51,51,40,40,37,37,30,55,18,85,77,77,59,59,48,48,42,42,42,42,42,33,58,56,81,4,85,75,29,29,29,29,14,0],"gold":217,"neow_bonus":"BOSS_RELIC","is_prod":false,"is_daily":false,"chose_seed":false,"campfire_upgraded":4,"win_rate":0,"timestamp":1559301069,"path_taken":["M","?","?","?","$","R","M","R","T","?","R","?","M","M","R","BOSS","M","?","?","$","M","?","M","R","T","$","M","M","R","M","R","BOSS","M","M","?","?","?","M","?"],"build_version":"2019-01-23","purchased_purges":1,"victory":false,"max_hp_per_floor":[80,85,85,85,85,85,85,85,85,85,85,85,85,85,85,85,85,85,85,85,85,85,85,85,85,85,85,85,85,85,85,85,85,85,85,85,85,81,81,81,81],"card_choices":[{"not_picked":["Thunderclap","Flex"],"picked":"Cleave","floor":1},{"not_picked":["Sword Boomerang","Whirlwind","Blood for Blood"],"picked":"SKIP","floor":7},{"not_picked":["Twin Strike","Body Slam"],"picked":"Flame Barrier","floor":10},{"not_picked":["Body Slam","Heavy Blade"],"picked":"Headbutt","floor":13},{"not_picked":["Heavy Blade","Iron Wave"],"picked":"Impervious","floor":14},{"not_picked":["Dark Embrace","Juggernaut"],"picked":"Double Tap","floor":16},{"not_picked":["Armaments+1","Clash","Heavy Blade"],"picked":"SKIP","floor":18},{"not_picked":["Wild Strike","Heavy Blade"],"picked":"Uppercut+1","floor":20},{"not_picked":["Entrench+1","Heavy Blade+1"],"picked":"Dropkick+1","floor":22},{"not_picked":["Body Slam","Burning Pact","Sever Soul+1"],"picked":"SKIP","floor":24},{"not_picked":["Body Slam","Burning Pact","Sever Soul+1"],"picked":"SKIP","floor":24},{"not_picked":["Twin Strike","Entrench+1","Perfected Strike"],"picked":"SKIP","floor":28},{"not_picked":["Reckless Charge","Offering","Clothesline+1"],"picked":"SKIP","floor":29},{"not_picked":["Fire Breathing","Anger","Infernal Blade"],"picked":"SKIP","floor":31},{"not_picked":["Heavy Blade+1","Pommel Strike"],"picked":"Inflame","floor":35},{"not_picked":["Sever Soul+1","Heavy Blade+1","Thunderclap+1"],"picked":"SKIP","floor":36},{"not_picked":["Headbutt","Sever Soul+1","Infernal Blade+1"],"picked":"SKIP","floor":40}],"player_experience":483644,"relics_obtained":[],"event_choices":[{"damage_healed":0,"gold_gain":0,"player_choice":"Donut","damage_taken":0,"max_hp_gain":5,"max_hp_loss":0,"event_name":"Big Fish","floor":2,"gold_loss":0},{"damage_healed":0,"gold_gain":0,"player_choice":"Entered Light","damage_taken":17,"max_hp_gain":0,"max_hp_loss":0,"event_name":"Shining Light","floor":3,"gold_loss":0,"cards_upgraded":["Strike_R","Defend_R"]},{"cards_removed":["Strike_R"],"damage_healed":0,"gold_gain":0,"player_choice":"Card Removal","damage_taken":7,"max_hp_gain":0,"max_hp_loss":0,"event_name":"Golden Wing","floor":4,"gold_loss":0},{"damage_healed":0,"gold_gain":0,"player_choice":"Fled","damage_taken":3,"max_hp_gain":0,"max_hp_loss":0,"event_name":"Scrap Ooze","floor":12,"gold_loss":0},{"damage_healed":0,"gold_gain":0,"player_choice":"Upgraded","damage_taken":0,"max_hp_gain":0,"max_hp_loss":0,"event_name":"Upgrade Shrine","floor":19,"gold_loss":0,"cards_upgraded":["Double Tap"]},{"damage_healed":0,"gold_gain":0,"player_choice":"Paid Fearfully","damage_taken":0,"max_hp_gain":0,"max_hp_loss":0,"event_name":"Masked Bandits","floor":23,"gold_loss":168},{"damage_healed":0,"gold_gain":0,"player_choice":"Ignored","damage_taken":0,"max_hp_gain":0,"max_hp_loss":0,"event_name":"Tomb of Lord Red Mask","floor":37,"gold_loss":0},{"damage_healed":0,"gold_gain":0,"player_choice":"Max HP","damage_taken":0,"max_hp_gain":0,"max_hp_loss":4,"event_name":"Winding Halls","floor":38,"gold_loss":0},{"damage_healed":0,"gold_gain":0,"player_choice":"Upgraded","damage_taken":0,"max_hp_gain":0,"max_hp_loss":0,"event_name":"Upgrade Shrine","floor":39,"gold_loss":0,"cards_upgraded":["Inflame"]}],"is_beta":false,"boss_relics":[{"not_picked":["White Beast Statue","Calling Bell","Empty Cage"]},{"not_picked":["Eternal Feather","Astrolabe","Fusion Hammer"]}],"items_purged_floors":[21],"is_endless":false,"potions_floor_spawned":[7,14,16,20,22,29,31,36,40],"killed_by":"Jaw Worm Horde","ascension_level":0}