{"gold_per_floor":[119,119,119,189,204,204,217,233,233,246,246,273,273,273,273,351,351,361,411,426,325,342,342,367,379,379,394,309,309,339,357,357,436,436,450,24,24,35,50,80,90,90,90,90,125,125,139,171,171,171],"floor_reached":51,"playtime":2857,"items_purged":["Corpse Explosion","Poisoned Stab"],"score":1638,"play_id":"6cd15c49-46c1-4fea-b944-769436fd07bc","local_time":"20190604193820","is_ascension_mode":true,"campfire_choices":[{"data":"Terror","floor":6.0,"key":"SMITH"},{"data":"Neutralize","floor":11.0,"key":"SMITH"},{"data":"Glass Knife","floor":15.0,"key":"SMITH"},{"data":"Bullet Time","floor":23.0,"key":"SMITH"},{"data":"Blade Dance","floor":29.0,"key":"SMITH"},{"data":"Setup","floor":32.0,"key":"SMITH"},{"data":"Reflex","floor":42,"key":"SMITH"},{"data":"Tools of the Trade","floor":44,"key":"SMITH"},{"floor":49,"key":"REST"}],"neow_cost":"NONE","seed_source_timestamp":75752678763582,"circlet_count":0,"master_deck":["AscendersBane","Survivor+1","Neutralize+1","Riddle With Holes+1","Terror+1","Backflip+1","Deflect+1","PiercingWail+1","Glass Knife+1","Corpse Explosion+1","Acrobatics+1","Doppelganger+1","Concentrate+1","Setup+1","Bullet Time+1","Leg Sweep+1","Backflip+1","Flying Knee+1","Reflex+1","Underhanded Strike+1","Deflect+1","Blade Dance+1","Tools of the Trade+1","Backflip+1","Slice+1","Concentrate+1","Blur+1","Leg Sweep+1"],"special_seed":0,"relics":["Ring of the Snake","Gremlin Horn","Unceasing Top","Shuriken","Tough Bandages","Pandora\u0027s Box","Question Card","Frozen Egg 2","Ice Cream","Paper Crane","Lizard Tail","Incense Burner","Turnip","Ancient Tea Set","Regal Pillow","Mark of the Bloom","Bag of Marbles"],"potions_floor_usage":[50,50],"damage_taken":[{"damage":1.0,"enemies":"Jaw Worm","floor":1.0,"turns":5.0},{"damage":0.0,"enemies":"Cultist","floor":5.0,"turns":2.0},{"damage":0.0,"enemies":"2 Louse","floor":7.0,"turns":2.0},{"damage":0.0,"enemies":"Large Slime","floor":8.0,"turns":5.0},{"damage":0.0,"enemies":"Looter","floor":10.0,"turns":3.0},{"damage":13.0,"enemies":"3 Sentries","floor":12.0,"turns":12.0},{"damage":16.0,"enemies":"The Guardian","floor":16.0,"turns":10.0},{"damage":0.0,"enemies":"2 Thieves","floor":18.0,"turns":2.0},{"damage":0.0,"enemies":"Spheric Guardian","floor":20.0,"turns":1.0},{"damage":0.0,"enemies":"Snake Plant","floor":22.0,"turns":3.0},{"damage":2.0,"enemies":"Slavers","floor":24.0,"turns":3.0},{"damage":0.0,"enemies":"Centurion and Healer","floor":25.0,"turns":3.0},{"damage":2.0,"enemies":"Snecko","floor":27.0,"turns":4.0},{"damage":0.0,"enemies":"Gremlin Leader","floor":30.0,"turns":4.0},{"damage":0.0,"enemies":"Cultist and Chosen","floor":31.0,"turns":3.0},{"damage":9.0,"enemies":"Champ","floor":33.0,"turns":8.0},{"damage":0.0,"enemies":"3 Darklings","floor":35.0,"turns":3.0},{"damage":0.0,"enemies":"3 Shapes","floor":38.0,"turns":3.0},{"damage":3.0,"enemies":"Maw","floor":39.0,"turns":6.0},{"damage":11.0,"enemies":"Giant Head","floor":40.0,"turns":5.0},{"damage":0,"enemies":"Transient","floor":41,"turns":6},{"damage":0,"enemies":"Reptomancer","floor":45,"turns":4},{"damage":0,"enemies":"Writhing Mass","floor":47,"turns":4},{"damage":0,"enemies":"Giant Head","floor":48,"turns":5},{"damage":17,"enemies":"Donu and Deca","floor":50,"turns":8}],"seed_played":"3554890011250212562","potions_obtained":[{"floor":1.0,"key":"Ancient Potion"},{"floor":10.0,"key":"GhostInAJar"},{"floor":24.0,"key":"Energy Potion"}],"is_trial":false,"path_per_floor":["M","?","?","T","M","R","M","M","T","M","R","E","?","?","R","B",null,"M","?","M","$","M","R","E","M","T","M","?","R","E","M","R","B",null,"M","$","?","M","M","E","M","R","T","R","E","?","M","E","R","B",null],"character_chosen":"THE_SILENT","items_purchased":["Underhanded Strike","Incense Burner"],"campfire_rested":1,"item_purchase_floors":[21,36],"current_hp_per_floor":[58,51,51,51,51,51,51,51,51,51,51,38,27,27,27,11,52,52,52,52,52,52,52,50,50,50,48,48,48,48,48,48,39,59,59,59,59,59,56,45,45,45,45,45,45,45,45,45,45,28],"gold":171,"neow_bonus":"TRANSFORM_CARD","is_prod":false,"is_daily":false,"chose_seed":false,"campfire_upgraded":8,"win_rate":0,"timestamp":1559669900,"path_taken":["M","?","?","?","M","R","M","M","T","?","R","E","?","?","R","BOSS","M","?","?","$","M","R","E","M","T","M","?","R","E","M","R","BOSS","M","$","?","M","?","E","M","R","T","R","E","?","M","E","R","BOSS"],"build_version":"2019-01-23","purchased_purges":2,"victory":true,"max_hp_per_floor":[66,66,66,66,66,66,66,66,66,66,66,66,66,66,66,66,66,66,66,66,66,66,66,66,66,66,66,66,66,66,66,66,66,66,66,66,66,66,66,66,66,66,66,66,66,66,66,66,66,66],"card_choices":[{"not_picked":["Distraction","Deflect"],"picked":"Riddle With Holes","floor":1.0},{"not_picked":["Cloak And Dagger","Dagger Spray"],"picked":"Terror","floor":5.0},{"not_picked":["Dagger Throw","PiercingWail"],"picked":"Backflip","floor":7.0},{"not_picked":["Dodge and Roll","Dagger Throw"],"picked":"Deflect","floor":8.0},{"not_picked":["Outmaneuver","Poisoned Stab"],"picked":"PiercingWail","floor":10.0},{"not_picked":["Backstab","Bane"],"picked":"Glass Knife","floor":12.0},{"not_picked":["Unload","A Thousand Cuts"],"picked":"Corpse Explosion","floor":16.0},{"not_picked":["Dodge and Roll","Prepared+1"],"picked":"Flying Knee","floor":18.0},{"not_picked":["Dodge and Roll","Crippling Poison"],"picked":"Reflex","floor":20.0},{"not_picked":["Deflect","Bane","Underhanded Strike"],"picked":"SKIP","floor":22.0},{"not_picked":["Bane","Underhanded Strike"],"picked":"Deflect","floor":22.0},{"not_picked":["Eviscerate","Outmaneuver"],"picked":"Blade Dance","floor":24.0},{"not_picked":["Distraction","Underhanded Strike","Dagger Spray"],"picked":"Tools of the Trade","floor":25.0},{"not_picked":["Prepared","Heel Hook","Outmaneuver","Riddle With Holes"],"picked":"SKIP","floor":27.0},{"not_picked":["Blade Dance","Flying Knee","Skewer","Accuracy+1"],"picked":"SKIP","floor":30.0},{"not_picked":["Outmaneuver","Quick Slash","Slice"],"picked":"Backflip","floor":31.0},{"not_picked":["Deflect+1","Eviscerate","Accuracy+1"],"picked":"Slice+1","floor":35.0},{"not_picked":["Dagger Spray","Flying Knee","Dash","Expertise"],"picked":"SKIP","floor":38.0},{"not_picked":["Calculated Gamble","Catalyst","Backstab"],"picked":"Concentrate","floor":39.0},{"not_picked":["All Out Attack+1","Choke","Calculated Gamble","Deflect"],"picked":"SKIP","floor":40.0},{"not_picked":["Deflect","Blade Dance+1","Footwork+1"],"picked":"Blur+1","floor":41},{"not_picked":["Infinite Blades+1","Venomology","Cloak And Dagger+1"],"picked":"Leg Sweep+1","floor":45},{"not_picked":["Dagger Spray+1","Outmaneuver","Underhanded Strike","Leg Sweep"],"picked":"SKIP","floor":47},{"not_picked":["Cloak And Dagger","Acrobatics","Poisoned Stab","Finisher"],"picked":"SKIP","floor":48}],"player_experience":524343,"relics_obtained":[{"floor":4.0,"key":"Gremlin Horn"},{"floor":9.0,"key":"Unceasing Top"},{"floor":12.0,"key":"Shuriken"},{"floor":24.0,"key":"Question Card"},{"floor":26.0,"key":"Frozen Egg 2"},{"floor":30.0,"key":"Paper Crane"},{"floor":40.0,"key":"Turnip"},{"floor":43,"key":"Ancient Tea Set"},{"floor":45,"key":"Regal Pillow"},{"floor":48,"key":"Bag of Marbles"}],"event_choices":[{"cards_removed":["Strike_G"],"damage_healed":0.0,"max_hp_gain":0.0,"max_hp_loss":0.0,"gold_gain":0.0,"event_name":"Golden Wing","player_choice":"Card Removal","floor":2.0,"gold_loss":0.0,"damage_taken":7.0},{"damage_healed":0.0,"max_hp_gain":0.0,"max_hp_loss":0.0,"gold_gain":0.0,"event_name":"Living Wall","player_choice":"Grow","floor":3.0,"gold_loss":0.0,"damage_taken":0.0,"cards_upgraded":["Riddle With Holes"]},{"damage_healed":0.0,"max_hp_gain":0.0,"max_hp_loss":0.0,"gold_gain":0.0,"event_name":"Scrap Ooze","player_choice":"Success","floor":13.0,"gold_loss":0.0,"damage_taken":11.0,"relics_obtained":["Tough Bandages"]},{"damage_healed":0.0,"max_hp_gain":0.0,"max_hp_loss":0.0,"gold_gain":0.0,"event_name":"Dead Adventurer","player_choice":"Searched \u00270\u0027 times","floor":14.0,"gold_loss":0.0,"damage_taken":0.0},{"damage_healed":0.0,"max_hp_gain":0.0,"max_hp_loss":0.0,"gold_gain":100.0,"event_name":"The Joust","player_choice":"Bet on Murderer","floor":19.0,"gold_loss":50.0,"damage_taken":0.0},{"damage_healed":0.0,"max_hp_gain":0.0,"max_hp_loss":0.0,"gold_gain":0.0,"event_name":"Addict","player_choice":"Obtained Relic","floor":28.0,"gold_loss":85.0,"damage_taken":0.0,"relics_obtained":["Ice Cream"]},{"damage_healed":0.0,"max_hp_gain":0.0,"max_hp_loss":0.0,"gold_gain":0.0,"event_name":"Lab","player_choice":"Got Potions","floor":37.0,"gold_loss":0.0,"damage_taken":0.0},{"damage_healed":0,"gold_gain":0,"player_choice":"Upgrade","damage_taken":0,"relics_obtained":["Mark of the Bloom"],"max_hp_gain":0,"max_hp_loss":0,"event_name":"MindBloom","floor":46,"gold_loss":0,"cards_upgraded":["Survivor","Backflip","Deflect","PiercingWail","Corpse Explosion","Acrobatics","Doppelganger","Concentrate","Leg Sweep","Backflip","Flying Knee","Underhanded Strike","Deflect","Backflip","Concentrate"]}],"is_beta":false,"boss_relics":[{"not_picked":["White Beast Statue","Calling Bell"],"picked":"Pandora\u0027s Box"},{"not_picked":["Orrery","Empty Cage"],"picked":"Lizard Tail"}],"items_purged_floors":[21,36],"is_endless":false,"potions_floor_spawned":[1,10,12,20,24,33,35,39,40,48],"ascension_level":19}