{"gold_per_floor":[117,42,42,56,12,12,30,62,62,87,87,87,99,110,110,187,187,205,48,148,225,238,238,264,277,277,277,304,315,349,349,349,426,426,436,436,448,467,153,153,179,179,255,269,269,269,294,92,92,92,92],"floor_reached":52,"playtime":2134,"items_purged":["Strike_R"],"score":2007,"play_id":"104f72ce-6a93-4f44-97c8-9095ebc86f3f","local_time":"20190604142755","is_ascension_mode":true,"campfire_choices":[{"data":"Uppercut","floor":6,"key":"SMITH"},{"data":"Inflame","floor":12,"key":"SMITH"},{"data":"Shrug It Off","floor":15,"key":"SMITH"},{"floor":23,"key":"REST"},{"floor":32,"key":"REST"},{"data":"Heavy Blade","floor":40,"key":"SMITH"},{"data":"Spot Weakness","floor":42,"key":"SMITH"},{"data":"Fiend Fire","floor":46,"key":"SMITH"},{"data":"Double Tap","floor":49,"key":"SMITH"}],"neow_cost":"NONE","seed_source_timestamp":58142612831683,"circlet_count":0,"master_deck":["AscendersBane","Strike_R","Defend_R","Defend_R","Defend_R","Defend_R","Bash+1","Metallicize","Cleave","Uppercut+1","Inflame+1","Twin Strike","Twin Strike","Shrug It Off+1","Spot Weakness+1","Fiend Fire+1","True Grit","Berserk","Dropkick","Heavy Blade+1","Madness","Madness","Evolve","Pommel Strike+1","Double Tap+1","True Grit"],"relics":["Sozu","Pantograph","Red Skull","Odd Mushroom","Busted Crown","Orichalcum","Magic Flower","Sundial","Gremlin Horn","Singing Bowl","Darkstone Periapt","Meat on the Bone","Centennial Puzzle","Nilry\u0027s Codex","Lizard Tail","Bag of Preparation","Champion Belt","Letter Opener","Question Card","Bag of Marbles"],"potions_floor_usage":[],"damage_taken":[{"damage":4,"enemies":"Small Slimes","floor":1,"turns":3},{"damage":6,"enemies":"Jaw Worm","floor":4,"turns":4},{"damage":0,"enemies":"2 Louse","floor":7,"turns":3},{"damage":23,"enemies":"3 Sentries","floor":8,"turns":7},{"damage":5,"enemies":"The Mushroom Lair","floor":10,"turns":3},{"damage":14,"enemies":"Exordium Thugs","floor":13,"turns":3},{"damage":0,"enemies":"2 Fungi Beasts","floor":14,"turns":2},{"damage":33,"enemies":"Hexaghost","floor":16,"turns":8},{"damage":8,"enemies":"Chosen","floor":18,"turns":5},{"damage":20,"enemies":"Colosseum Slavers","floor":20,"turns":3},{"damage":0,"enemies":"Colosseum Nobs","floor":20,"turns":3},{"damage":1,"enemies":"2 Thieves","floor":22,"turns":3},{"damage":29,"enemies":"Book of Stabbing","floor":24,"turns":4},{"damage":3,"enemies":"Cultist and Chosen","floor":25,"turns":4},{"damage":0,"enemies":"Gremlin Leader","floor":28,"turns":4},{"damage":9,"enemies":"Chosen and Byrds","floor":29,"turns":4},{"damage":17,"enemies":"Book of Stabbing","floor":30,"turns":3},{"damage":19,"enemies":"Collector","floor":33,"turns":5},{"damage":6,"enemies":"Orb Walker","floor":35,"turns":3},{"damage":6,"enemies":"3 Shapes","floor":37,"turns":7},{"damage":20,"enemies":"Transient","floor":38,"turns":6},{"damage":34,"enemies":"Reptomancer","floor":41,"turns":4},{"damage":7,"enemies":"4 Shapes","floor":44,"turns":3},{"damage":45,"enemies":"Giant Head","floor":47,"turns":6},{"damage":59,"enemies":"Donu and Deca","floor":50,"turns":6},{"damage":38,"enemies":"Time Eater","floor":51,"turns":5}],"seed_played":"-1385812852681527253","potions_obtained":[],"is_trial":false,"path_per_floor":["M","?","?","M","$","R","M","E","T","?","?","R","M","M","R","B",null,"M","$","?","T","M","R","E","M","T","?","E","M","E","?","R","B",null,"M","?","M","M","$","R","E","R","T","M","T","R","E","$","R","B","B",null],"character_chosen":"IRONCLAD","items_purchased":["Uppercut","Orichalcum","Bag of Preparation","Evolve","Double Tap","True Grit"],"campfire_rested":2,"item_purchase_floors":[5,19,39,39,48,48],"current_hp_per_floor":[64,64,64,58,58,58,58,35,35,30,35,35,21,21,21,13,63,55,55,35,35,34,58,31,30,30,30,30,41,44,23,49,70,85,81,64,60,60,60,60,46,46,46,59,59,59,32,32,32,29,47],"gold":92,"neow_bonus":"BOSS_RELIC","is_prod":false,"is_daily":false,"chose_seed":false,"campfire_upgraded":7,"win_rate":0,"timestamp":1559651275,"path_taken":["M","?","?","M","?","R","?","E","T","?","?","R","M","?","R","BOSS","M","$","?","?","M","R","E","M","T","?","E","M","E","?","R","BOSS","M","?","M","M","$","R","E","R","T","M","?","R","E","$","R","BOSS","BOSS"],"build_version":"2019-01-23","purchased_purges":1,"victory":true,"max_hp_per_floor":[75,75,75,75,75,75,75,75,75,75,80,80,80,80,80,80,80,80,80,80,80,80,80,82,84,84,84,84,86,88,88,88,90,90,92,92,94,96,96,96,98,98,98,100,100,100,100,100,100,100,100],"card_choices":[{"not_picked":["Corruption","Rage"],"picked":"Metallicize","floor":1},{"not_picked":["Anger","Sword Boomerang"],"picked":"Cleave","floor":4},{"not_picked":["Perfected Strike","Ghostly Armor"],"picked":"Inflame","floor":7},{"not_picked":["Headbutt","Body Slam"],"picked":"Twin Strike","floor":8},{"not_picked":["Wild Strike","Carnage"],"picked":"Twin Strike","floor":10},{"not_picked":["Evolve","Dark Embrace"],"picked":"Shrug It Off","floor":13},{"not_picked":["Thunderclap","Shrug It Off"],"picked":"Spot Weakness","floor":14},{"not_picked":["Brutality","Dark Embrace"],"picked":"Fiend Fire","floor":16},{"not_picked":["Wild Strike"],"picked":"SKIP","floor":18},{"not_picked":[],"picked":"True Grit","floor":20},{"not_picked":["Clash"],"picked":"SKIP","floor":22},{"not_picked":["Cleave"],"picked":"Singing Bowl","floor":24},{"not_picked":["Feel No Pain+1"],"picked":"Singing Bowl","floor":25},{"not_picked":[],"picked":"Heavy Blade","floor":28},{"not_picked":["Clothesline"],"picked":"Singing Bowl","floor":29},{"not_picked":["Sever Soul"],"picked":"Singing Bowl","floor":30},{"not_picked":["Brutality"],"picked":"Singing Bowl","floor":33},{"not_picked":["Clash+1"],"picked":"Singing Bowl","floor":35},{"not_picked":["Thunderclap+1"],"picked":"Singing Bowl","floor":37},{"not_picked":["Seeing Red"],"picked":"Singing Bowl","floor":38},{"not_picked":["Pommel Strike"],"picked":"Singing Bowl","floor":41},{"not_picked":["Thunderclap+1"],"picked":"Singing Bowl","floor":44},{"not_picked":["Metallicize"],"picked":"Pommel Strike+1","floor":47}],"player_experience":522209,"relics_obtained":[{"floor":8,"key":"Pantograph"},{"floor":9,"key":"Red Skull"},{"floor":10,"key":"Odd Mushroom"},{"floor":20,"key":"Magic Flower"},{"floor":20,"key":"Sundial"},{"floor":21,"key":"Gremlin Horn"},{"floor":24,"key":"Singing Bowl"},{"floor":26,"key":"Darkstone Periapt"},{"floor":28,"key":"Meat on the Bone"},{"floor":30,"key":"Centennial Puzzle"},{"floor":31,"key":"Nilry\u0027s Codex"},{"floor":41,"key":"Champion Belt"},{"floor":43,"key":"Letter Opener"},{"floor":45,"key":"Question Card"},{"floor":47,"key":"Bag of Marbles"}],"event_choices":[{"cards_removed":["Strike_R"],"damage_healed":0,"gold_gain":0,"player_choice":"Card Removal","damage_taken":0,"max_hp_gain":0,"max_hp_loss":0,"event_name":"The Cleric","floor":2,"gold_loss":75},{"damage_healed":0,"gold_gain":0,"player_choice":"Grow","damage_taken":0,"max_hp_gain":0,"max_hp_loss":0,"event_name":"Living Wall","floor":3,"gold_loss":0,"cards_upgraded":["Bash"]},{"damage_healed":0,"gold_gain":0,"player_choice":"Fought Mushrooms","damage_taken":0,"max_hp_gain":0,"max_hp_loss":0,"event_name":"Mushrooms","floor":10,"gold_loss":0},{"damage_healed":0,"gold_gain":0,"player_choice":"Donut","damage_taken":0,"max_hp_gain":5,"max_hp_loss":0,"event_name":"Big Fish","floor":11,"gold_loss":0},{"damage_healed":0,"gold_gain":0,"player_choice":"Fight","damage_taken":0,"max_hp_gain":0,"max_hp_loss":0,"event_name":"Colosseum","floor":20,"gold_loss":0},{"damage_healed":0,"gold_gain":0,"player_choice":"Fought Nobs","damage_taken":0,"max_hp_gain":0,"max_hp_loss":0,"event_name":"Colosseum","floor":20,"gold_loss":0},{"damage_healed":0,"gold_gain":0,"cards_transformed":["Strike_R","Strike_R"],"player_choice":"Became Test Subject","damage_taken":0,"max_hp_gain":0,"max_hp_loss":0,"event_name":"Drug Dealer","floor":27,"gold_loss":0,"cards_obtained":["Berserk","Dropkick"]},{"damage_healed":0,"gold_gain":0,"player_choice":"Obtained Book","damage_taken":21,"max_hp_gain":0,"max_hp_loss":0,"event_name":"Cursed Tome","floor":31,"gold_loss":0},{"damage_healed":0,"gold_gain":0,"player_choice":"Embrace Madness","damage_taken":17,"max_hp_gain":0,"max_hp_loss":0,"event_name":"Winding Halls","floor":36,"gold_loss":0,"cards_obtained":["Madness","Madness"]}],"is_beta":false,"boss_relics":[{"not_picked":["Calling Bell","Pandora\u0027s Box"],"picked":"Busted Crown"},{"not_picked":["Eternal Feather","Mark of Pain"],"picked":"Lizard Tail"}],"items_purged_floors":[39],"is_endless":false,"potions_floor_spawned":[1,4,13,16,18,22,24,33,37,47],"ascension_level":20}