{"gold_per_floor":[13,13,13,23,36,36,61,61,85,110,110,139,149,161,161,238,238,251,261,261,261,276,276],"floor_reached":23,"playtime":734,"items_purged":[],"score":422,"play_id":"4b580c08-3d6b-40cf-b397-f2bc19281a72","local_time":"20190522025550","is_ascension_mode":true,"campfire_choices":[{"data":"Strike_B","floor":6.0,"key":"SMITH"},{"floor":8.0,"key":"REST"},{"data":"Coolheaded","floor":15,"key":"SMITH"}],"neow_cost":"NO_GOLD","seed_source_timestamp":3646771148199,"circlet_count":0,"master_deck":["AscendersBane","Strike_B+1","Strike_B+1","Strike_B+1","Strike_B+1","Defend_B+1","Defend_B+1","Defend_B+1","Defend_B+1","Zap","Dualcast","Electrodynamics","Conserve Battery+1","Coolheaded+1","Glacier","Reinforced Body","Parasite","Barrage+1","Go for the Eyes+1","Beam Cell+1","Echo Form","Barrage+1","Hologram","Consume"],"special_seed":0,"relics":["Cracked Core","DataDisk","Anchor","Molten Egg 2","Bottled Tornado","Inserter"],"potions_floor_usage":[16,23],"damage_taken":[{"damage":11.0,"enemies":"Small Slimes","floor":1.0,"turns":3.0},{"damage":4.0,"enemies":"Jaw Worm","floor":4.0,"turns":4.0},{"damage":9.0,"enemies":"2 Louse","floor":5.0,"turns":2.0},{"damage":42.0,"enemies":"Gremlin Nob","floor":7.0,"turns":4.0},{"damage":11.0,"enemies":"3 Sentries","floor":10.0,"turns":5.0},{"damage":10.0,"enemies":"Lagavulin","floor":12.0,"turns":10.0},{"damage":0,"enemies":"Blue Slaver","floor":13,"turns":2},{"damage":0,"enemies":"Exordium Thugs","floor":14,"turns":2},{"damage":2,"enemies":"Hexaghost","floor":16,"turns":11},{"damage":10,"enemies":"Chosen","floor":18,"turns":5},{"damage":2,"enemies":"3 Byrds","floor":19,"turns":2},{"damage":3,"enemies":"Snake Plant","floor":22,"turns":6},{"damage":49,"enemies":"Book of Stabbing","floor":23,"turns":5}],"seed_played":"8008828825228454733","potions_obtained":[{"floor":7.0,"key":"SteroidPotion"},{"floor":10.0,"key":"Ancient Potion"},{"floor":18,"key":"Poison Potion"}],"is_trial":false,"path_per_floor":["M","?","?","M","M","R","E","R","T","E","?","E","M","M","R","B",null,"M","M","?","?","M","E"],"character_chosen":"DEFECT","items_purchased":[],"campfire_rested":1,"item_purchase_floors":[],"current_hp_per_floor":[53,53,58,54,45,45,3,25,25,14,33,23,23,23,23,21,62,52,50,50,50,47,0],"gold":276,"neow_bonus":"THREE_RARE_CARDS","is_prod":false,"is_daily":false,"chose_seed":false,"campfire_upgraded":2,"win_rate":0,"timestamp":1558486550,"path_taken":["M","?","?","M","M","R","E","R","T","E","?","E","M","M","R","BOSS","M","M","?","?","?","E"],"build_version":"2019-05-07","purchased_purges":0,"victory":false,"max_hp_per_floor":[71,71,76,76,76,76,76,76,76,76,76,76,76,76,76,76,76,76,76,76,76,76,76],"card_choices":[{"not_picked":["Creative AI","Hyperbeam"],"picked":"Electrodynamics","floor":0.0},{"not_picked":["Compile Driver","Gash"],"picked":"Conserve Battery","floor":1.0},{"not_picked":["Rebound","Force Field"],"picked":"Coolheaded","floor":4.0},{"not_picked":["Storm","Fusion","Force Field"],"picked":"SKIP","floor":5.0},{"not_picked":["Ball Lightning","Meteor Strike"],"picked":"Glacier","floor":7.0},{"not_picked":["Turbo","Heatsinks"],"picked":"Reinforced Body","floor":10.0},{"not_picked":["Gash+1","Blizzard+1"],"picked":"Barrage+1","floor":12.0},{"not_picked":["Hello World","Streamline+1"],"picked":"Go for the Eyes+1","floor":13},{"not_picked":["Rebound+1","Barrage+1"],"picked":"Beam Cell+1","floor":14},{"not_picked":["Buffer","Meteor Strike+1"],"picked":"Echo Form","floor":16},{"not_picked":["Ball Lightning+1","Beam Cell+1"],"picked":"Barrage+1","floor":18},{"not_picked":["Lockon+1","Double Energy"],"picked":"Hologram","floor":19},{"not_picked":["Cold Snap+1","Fusion"],"picked":"Consume","floor":22}],"player_experience":1580337,"relics_obtained":[{"floor":7.0,"key":"DataDisk"},{"floor":9.0,"key":"Anchor"},{"floor":10.0,"key":"Molten Egg 2"},{"floor":12.0,"key":"Bottled Tornado"}],"event_choices":[{"damage_healed":0.0,"max_hp_gain":0.0,"max_hp_loss":0.0,"gold_gain":0.0,"event_name":"Living Wall","player_choice":"Grow","floor":2.0,"gold_loss":0.0,"damage_taken":0.0,"cards_upgraded":["Conserve Battery"]},{"damage_healed":0.0,"max_hp_gain":5.0,"max_hp_loss":0.0,"gold_gain":0.0,"event_name":"Big Fish","player_choice":"Donut","floor":3.0,"gold_loss":0.0,"damage_taken":0.0},{"damage_healed":19.0,"max_hp_gain":0.0,"max_hp_loss":0.0,"gold_gain":0.0,"event_name":"Mushrooms","player_choice":"Healed and dodged fight","floor":11.0,"gold_loss":0.0,"damage_taken":0.0,"cards_obtained":["Parasite"]},{"damage_healed":0,"gold_gain":0,"player_choice":"Simplicity","damage_taken":0,"max_hp_gain":0,"max_hp_loss":0,"event_name":"Back to Basics","floor":20,"gold_loss":0,"cards_upgraded":["Strike_B","Strike_B","Strike_B","Defend_B","Defend_B","Defend_B","Defend_B"]},{"damage_healed":0,"gold_gain":0,"player_choice":"Ignored","damage_taken":0,"max_hp_gain":0,"max_hp_loss":0,"event_name":"Ghosts","floor":21,"gold_loss":0}],"is_beta":true,"boss_relics":[{"not_picked":["Nuclear Battery","Velvet Choker"],"picked":"Inserter"}],"items_purged_floors":[],"is_endless":false,"potions_floor_spawned":[7,10,13,14,18],"killed_by":"Book of Stabbing","ascension_level":20}