{"gold_per_floor":[113,126,126,137,70,100,112,112,112,139,139,157,157,176,176,255,255,267,217,230,230,249,249,249],"floor_reached":24,"playtime":819,"items_purged":[],"score":408,"play_id":"083ed578-9208-4cf0-a432-bb7548cc14cd","local_time":"20190522162046","is_ascension_mode":true,"campfire_choices":[{"data":"Whirlwind","floor":8,"key":"SMITH"},{"data":"Entrench","floor":11,"key":"SMITH"},{"data":"True Grit","floor":13,"key":"SMITH"},{"data":"Feel No Pain","floor":15,"key":"SMITH"},{"data":"Flame Barrier","floor":23,"key":"SMITH"}],"neow_cost":"NONE","seed_source_timestamp":426123658268529,"circlet_count":0,"master_deck":["AscendersBane","Strike_R","Strike_R+1","Strike_R","Strike_R","Defend_R","Defend_R","Defend_R","Defend_R","Bash+1","Entrench+1","Pommel Strike","Anger","Feel No Pain+1","Disarm","Whirlwind+1","Anger+1","True Grit+1","Anger+1","Offering","Headbutt+1","Flame Barrier+1","Feel No Pain+1"],"relics":["Burning Blood","Bag of Preparation","Art of War","Ornamental Fan","Molten Egg 2","Philosopher\u0027s Stone"],"potions_floor_usage":[10],"damage_taken":[{"damage":3,"enemies":"2 Louse","floor":1,"turns":3},{"damage":6,"enemies":"Cultist","floor":2,"turns":4},{"damage":0,"enemies":"Small Slimes","floor":4,"turns":3},{"damage":30,"enemies":"Lagavulin","floor":6,"turns":7},{"damage":9,"enemies":"Blue Slaver","floor":7,"turns":5},{"damage":0,"enemies":"3 Sentries","floor":10,"turns":2},{"damage":1,"enemies":"3 Louse","floor":12,"turns":2},{"damage":0,"enemies":"Gremlin Gang","floor":14,"turns":1},{"damage":36,"enemies":"Slime Boss","floor":16,"turns":8},{"damage":6,"enemies":"Chosen","floor":18,"turns":4},{"damage":20,"enemies":"2 Thieves","floor":20,"turns":3},{"damage":21,"enemies":"Snake Plant","floor":22,"turns":5},{"damage":37,"enemies":"Gremlin Leader","floor":24,"turns":5}],"seed_played":"-9073580754539948166","potions_obtained":[{"floor":1,"key":"GamblersBrew"},{"floor":2,"key":"SteroidPotion"},{"floor":18,"key":"Weak Potion"}],"is_trial":false,"path_per_floor":["M","M","?","M","$","E","M","R","T","E","R","M","R","M","R","B",null,"M","?","M","$","M","R","E"],"character_chosen":"IRONCLAD","items_purchased":["Feel No Pain"],"campfire_rested":0,"item_purchase_floors":[5],"current_hp_per_floor":[71,71,71,75,75,51,48,48,48,54,54,59,59,65,65,35,65,65,65,51,51,36,36,0],"gold":249,"neow_bonus":"RANDOM_COMMON_RELIC","is_prod":false,"is_daily":false,"chose_seed":false,"campfire_upgraded":5,"win_rate":0,"timestamp":1558534846,"path_taken":["M","M","?","M","$","E","?","R","T","E","R","M","R","M","R","BOSS","M","?","M","$","M","R","E"],"build_version":"2019-01-23","purchased_purges":0,"victory":false,"max_hp_per_floor":[75,75,75,75,75,75,75,75,75,75,75,75,75,75,75,75,75,75,75,75,75,75,75,75],"card_choices":[{"not_picked":["Infernal Blade","Feel No Pain"],"picked":"Entrench","floor":1},{"not_picked":["Hemokinesis","Flex"],"picked":"Pommel Strike","floor":2},{"not_picked":["Feel No Pain","Sever Soul"],"picked":"Anger","floor":4},{"not_picked":["Sword Boomerang","Clothesline"],"picked":"Disarm","floor":6},{"not_picked":["Sword Boomerang","Sever Soul"],"picked":"Whirlwind","floor":7},{"not_picked":["Cleave","Seeing Red"],"picked":"Anger","floor":10},{"not_picked":["Clothesline+1","Perfected Strike+1"],"picked":"True Grit","floor":12},{"not_picked":["Pommel Strike+1","Twin Strike+1"],"picked":"Anger+1","floor":14},{"not_picked":["Berserk","Limit Break"],"picked":"Offering","floor":16},{"not_picked":["Wild Strike+1","Heavy Blade+1"],"picked":"Headbutt+1","floor":18},{"not_picked":["Perfected Strike+1","Wild Strike+1"],"picked":"Flame Barrier","floor":20},{"not_picked":["Searing Blow+1","Clothesline+1"],"picked":"Feel No Pain+1","floor":22}],"player_experience":347827,"relics_obtained":[{"floor":6,"key":"Art of War"},{"floor":9,"key":"Ornamental Fan"},{"floor":10,"key":"Molten Egg 2"}],"event_choices":[{"cards_removed":["Strike_R"],"damage_healed":0,"gold_gain":0,"player_choice":"Offered Basic","damage_taken":0,"max_hp_gain":0,"max_hp_loss":0,"event_name":"Bonfire Elementals","floor":3,"gold_loss":0},{"damage_healed":0,"gold_gain":0,"player_choice":"Upgraded Two","damage_taken":0,"max_hp_gain":0,"max_hp_loss":0,"event_name":"Designer","floor":19,"gold_loss":50,"cards_upgraded":["Bash","Strike_R"]}],"is_beta":false,"boss_relics":[{"not_picked":["Snecko Eye","Tiny House"],"picked":"Philosopher\u0027s Stone"}],"items_purged_floors":[],"is_endless":false,"potions_floor_spawned":[1,2,7,18,22],"killed_by":"Gremlin Leader","ascension_level":15}