{"gold_per_floor":[113,113,137,156,43,43,61,105,105,105,150,183,183,253,253,342,342,366,491,491,223,247,288,288,302,302,302,343,368,368,8,8,101,101,124,124,145,203,203,203,239,239,285,328,9,48,64,83,83,83,83,83,14,53,53],"floor_reached":55,"playtime":2354,"items_purged":["Strike_R","Strike_R","Defend_R"],"score":1593,"play_id":"5d75d7ba-c213-4012-bc31-de030a7ea9ab","local_time":"20190523215627","is_ascension_mode":true,"campfire_choices":[{"data":"Disarm","floor":6.0,"key":"SMITH"},{"floor":10.0,"key":"REST"},{"data":"Spot Weakness","floor":13.0,"key":"SMITH"},{"data":"Fiend Fire","floor":15.0,"key":"SMITH"},{"data":"Double Tap","floor":24.0,"key":"SMITH"},{"data":"Heavy Blade","floor":30.0,"key":"SMITH"},{"data":"Sword Boomerang","floor":32.0,"key":"SMITH"},{"data":"1","floor":40.0,"key":"LIFT"},{"data":"2","floor":42.0,"key":"LIFT"},{"floor":49.0,"key":"RECALL"},{"data":"Offering","floor":52.0,"key":"SMITH"}],"neow_cost":"NONE","seed_source_timestamp":530959634109469,"circlet_count":0,"master_deck":["AscendersBane","Strike_R","Strike_R","Strike_R","Defend_R","Defend_R","Defend_R","Bash+1","Spot Weakness+1","Headbutt","Anger+1","Thunderclap","Disarm+1","Iron Wave","Twin Strike","Reaper","Fiend Fire+1","Offering+1","Heavy Blade+1","Pommel Strike","Pummel","Double Tap+1","Sword Boomerang+1","Impervious","Bash","Ghostly Armor+1","Shrug It Off+1"],"special_seed":0,"relics":["Burning Blood","Golden Idol","Bottled Flame","Thread and Needle","Bronze Scales","Ginger","Shuriken","Coffee Dripper","Turnip","The Courier","Bag of Marbles","Happy Flower","Mercury Hourglass","WingedGreaves","Pen Nib","Membership Card","Busted Crown","Girya","Smiling Mask","Oddly Smooth Stone","War Paint","FossilizedHelix","Gambling Chip","StoneCalendar","Whetstone","Pear"],"potions_floor_usage":[],"damage_taken":[{"damage":6.0,"enemies":"2 Louse","floor":1.0,"turns":3.0},{"damage":24.0,"enemies":"Jaw Worm","floor":3.0,"turns":6.0},{"damage":10.0,"enemies":"Small Slimes","floor":4.0,"turns":3.0},{"damage":2.0,"enemies":"Looter","floor":7.0,"turns":3.0},{"damage":44.0,"enemies":"Lagavulin","floor":8.0,"turns":9.0},{"damage":9.0,"enemies":"3 Sentries","floor":12.0,"turns":5.0},{"damage":11.0,"enemies":"Gremlin Nob","floor":14.0,"turns":4.0},{"damage":36.0,"enemies":"Hexaghost","floor":16.0,"turns":9.0},{"damage":3.0,"enemies":"3 Byrds","floor":18.0,"turns":3.0},{"damage":9.0,"enemies":"Colosseum Slavers","floor":19.0,"turns":3.0},{"damage":10.0,"enemies":"Colosseum Nobs","floor":19.0,"turns":4.0},{"damage":6.0,"enemies":"Chosen","floor":22.0,"turns":3.0},{"damage":11.0,"enemies":"Book of Stabbing","floor":23.0,"turns":4.0},{"damage":19.0,"enemies":"Centurion and Healer","floor":25.0,"turns":5.0},{"damage":15.0,"enemies":"Gremlin Leader","floor":28.0,"turns":3.0},{"damage":10.0,"enemies":"Sentry and Sphere","floor":29.0,"turns":4.0},{"damage":32.0,"enemies":"Automaton","floor":33.0,"turns":6.0},{"damage":15.0,"enemies":"3 Darklings","floor":35.0,"turns":3.0},{"damage":7.0,"enemies":"Orb Walker","floor":37.0,"turns":3.0},{"damage":18.0,"enemies":"2 Orb Walkers","floor":38.0,"turns":4.0},{"damage":13.0,"enemies":"Nemesis","floor":41.0,"turns":3.0},{"damage":21.0,"enemies":"Reptomancer","floor":44.0,"turns":4.0},{"damage":0.0,"enemies":"Giant Head","floor":46.0,"turns":4.0},{"damage":0.0,"enemies":"Spire Growth","floor":47.0,"turns":2.0},{"damage":23.0,"enemies":"Sphere and 2 Shapes","floor":48.0,"turns":3.0},{"damage":44.0,"enemies":"Awakened One","floor":50.0,"turns":7.0},{"damage":46.0,"enemies":"Shield and Spear","floor":54.0,"turns":3.0},{"damage":73,"enemies":"The Heart","floor":55,"turns":6}],"seed_played":"-7923034726218177578","potions_obtained":[{"floor":3.0,"key":"FearPotion"},{"floor":8.0,"key":"Fire Potion"},{"floor":12.0,"key":"Ancient Potion"},{"floor":16.0,"key":"Weak Potion"},{"floor":18.0,"key":"Swift Potion"},{"floor":19.0,"key":"EssenceOfSteel"},{"floor":22.0,"key":"PowerPotion"},{"floor":33.0,"key":"AttackPotion"},{"floor":38.0,"key":"Energy Potion"},{"floor":41.0,"key":"Dexterity Potion"}],"is_trial":false,"path_per_floor":["M","?","M","M","$","R","M","E","T","R","T","E","R","?","R","B",null,"M","?","?","$","M","E","R","M","T","?","E","M","R","$","R","B",null,"M","T","M","?","?","R","E","R","T","E","$","E","M","M","R","B",null,"R","$","E","B"],"character_chosen":"IRONCLAD","items_purchased":["Disarm","Iron Wave","Pummel","Bag of Marbles","Pen Nib","Membership Card","FossilizedHelix","Gambling Chip","Whetstone"],"campfire_rested":1,"item_purchase_floors":[5,5,21,21,31,31,45,45,53],"current_hp_per_floor":[68,68,50,46,46,46,50,12,12,32,32,37,37,38,38,17,55,58,59,59,59,59,63,63,68,68,68,59,63,63,63,63,50,64,65,65,68,62,62,62,55,55,55,59,59,65,68,51,51,38,61,61,61,51,0],"gold":53,"neow_bonus":"THREE_CARDS","is_prod":false,"is_daily":false,"chose_seed":false,"campfire_upgraded":7,"win_rate":0,"timestamp":1558641387,"path_taken":["M","?","M","M","$","R","M","E","T","R","?","E","R","?","R","BOSS","M","?","?","$","M","E","R","M","T","?","E","M","R","$","R","BOSS","M","?","M","?","?","R","E","R","T","E","$","E","M","?","R","BOSS","R","$","E","BOSS"],"build_version":"2019-01-23","purchased_purges":3,"victory":false,"max_hp_per_floor":[75,68,68,68,68,68,68,68,68,68,68,68,68,68,68,68,68,68,68,68,68,68,68,68,68,68,68,68,68,68,68,68,68,68,68,68,68,68,68,68,68,68,68,68,68,68,68,68,68,68,68,68,68,78,78],"card_choices":[{"not_picked":["Pommel Strike","Thunderclap"],"picked":"Spot Weakness","floor":0.0},{"not_picked":["Flex","True Grit"],"picked":"Headbutt","floor":1.0},{"not_picked":["Intimidate","Body Slam"],"picked":"Anger","floor":3.0},{"not_picked":["Inflame","Feel No Pain"],"picked":"Thunderclap","floor":4.0},{"not_picked":["Perfected Strike","Combust"],"picked":"Twin Strike","floor":7.0},{"not_picked":["Iron Wave","Rage"],"picked":"Reaper","floor":8.0},{"not_picked":["Flex","Clash","Warcry"],"picked":"SKIP","floor":12.0},{"not_picked":["Shrug It Off","Clash"],"picked":"Fiend Fire","floor":14.0},{"not_picked":["Immolate","Impervious"],"picked":"Offering","floor":16.0},{"not_picked":["Twin Strike+1","Anger"],"picked":"Heavy Blade","floor":18.0},{"not_picked":["Power Through","Fire Breathing"],"picked":"Pommel Strike","floor":19.0},{"not_picked":["Armaments","Thunderclap+1","Body Slam"],"picked":"SKIP","floor":22.0},{"not_picked":["Inflame","Havoc"],"picked":"Double Tap","floor":23.0},{"not_picked":["Blood for Blood","Flex"],"picked":"Sword Boomerang","floor":25.0},{"not_picked":["Power Through","Heavy Blade","Evolve"],"picked":"SKIP","floor":28.0},{"not_picked":["Body Slam","Blood for Blood","Immolate"],"picked":"SKIP","floor":29.0},{"not_picked":["Fiend Fire","Immolate"],"picked":"Impervious","floor":33.0},{"not_picked":["Combust"],"picked":"SKIP","floor":35.0},{"not_picked":["Inflame"],"picked":"SKIP","floor":37.0},{"not_picked":[],"picked":"Shrug It Off","floor":41.0},{"not_picked":["Hemokinesis"],"picked":"SKIP","floor":44.0},{"not_picked":["Entrench"],"picked":"SKIP","floor":46.0},{"not_picked":["Pommel Strike"],"picked":"SKIP","floor":47.0},{"not_picked":["Clash+1"],"picked":"SKIP","floor":48.0},{"not_picked":["Whirlwind"],"picked":"SKIP","floor":54.0}],"player_experience":369458,"relics_obtained":[{"floor":8.0,"key":"Bottled Flame"},{"floor":9.0,"key":"Thread and Needle"},{"floor":11.0,"key":"Bronze Scales"},{"floor":12.0,"key":"Ginger"},{"floor":14.0,"key":"Shuriken"},{"floor":19.0,"key":"Turnip"},{"floor":19.0,"key":"The Courier"},{"floor":23.0,"key":"Happy Flower"},{"floor":26.0,"key":"Mercury Hourglass"},{"floor":28.0,"key":"WingedGreaves"},{"floor":38.0,"key":"Girya"},{"floor":41.0,"key":"Smiling Mask"},{"floor":43.0,"key":"Oddly Smooth Stone"},{"floor":44.0,"key":"War Paint"},{"floor":46.0,"key":"StoneCalendar"},{"floor":54.0,"key":"Pear"}],"event_choices":[{"damage_healed":0.0,"max_hp_gain":0.0,"max_hp_loss":7.0,"gold_gain":0.0,"event_name":"Golden Idol","player_choice":"Lose Max HP","floor":2.0,"gold_loss":0.0,"damage_taken":0.0,"relics_obtained":["Golden Idol"]},{"damage_healed":0.0,"max_hp_gain":0.0,"max_hp_loss":0.0,"gold_gain":0.0,"event_name":"Dead Adventurer","player_choice":"Searched \u00271\u0027 times","floor":14.0,"gold_loss":0.0,"damage_taken":0.0},{"damage_healed":0.0,"max_hp_gain":0.0,"max_hp_loss":0.0,"gold_gain":0.0,"event_name":"Colosseum","player_choice":"Fight","floor":19.0,"gold_loss":0.0,"damage_taken":0.0},{"damage_healed":0.0,"max_hp_gain":0.0,"max_hp_loss":0.0,"gold_gain":0.0,"event_name":"Colosseum","player_choice":"Fought Nobs","floor":19.0,"gold_loss":0.0,"damage_taken":0.0},{"damage_healed":0.0,"max_hp_gain":0.0,"max_hp_loss":0.0,"gold_gain":0.0,"event_name":"Ghosts","player_choice":"Ignored","floor":20.0,"gold_loss":0.0,"damage_taken":0.0},{"damage_healed":0.0,"max_hp_gain":0.0,"max_hp_loss":0.0,"gold_gain":0.0,"event_name":"Match and Keep!","player_choice":"0 cards matched","floor":27.0,"gold_loss":0.0,"damage_taken":0.0,"cards_obtained":[]},{"damage_healed":0.0,"max_hp_gain":0.0,"max_hp_loss":0.0,"gold_gain":0.0,"event_name":"Mysterious Sphere","player_choice":"Fight","floor":38.0,"gold_loss":0.0,"damage_taken":0.0},{"damage_healed":0.0,"max_hp_gain":0.0,"max_hp_loss":0.0,"gold_gain":0.0,"event_name":"Match and Keep!","player_choice":"2 cards matched","floor":39.0,"gold_loss":0.0,"damage_taken":0.0,"cards_obtained":["Bash","Ghostly Armor"]}],"is_beta":false,"boss_relics":[{"not_picked":["Philosopher\u0027s Stone","Sozu"],"picked":"Coffee Dripper"},{"not_picked":["Lizard Tail","Black Star"],"picked":"Busted Crown"}],"items_purged_floors":[21,31,45],"is_endless":false,"potions_floor_spawned":[3,8,12,16,18,19,22,33,38,41,46],"killed_by":"The Heart","ascension_level":18}