{"gold_per_floor":[118,118,47,47,61,61,92,110,110,128,163,88,88,10,10,84,84,94,113,130,142,152,52,52,69,93,53,53],"floor_reached":28,"playtime":901,"items_purged":["Zap","Strike_B"],"score":434,"play_id":"25b2509e-bae8-41f6-86d5-35f55ee0739c","local_time":"20190527225207","is_ascension_mode":true,"campfire_choices":[{"data":"Doom and Gloom","floor":6,"key":"SMITH"},{"data":"Loop","floor":15,"key":"SMITH"},{"floor":24,"key":"REST"}],"neow_cost":"NONE","seed_source_timestamp":881557014357645,"circlet_count":0,"master_deck":["AscendersBane","Strike_B+1","Strike_B+1","Defend_B","Defend_B+1","Defend_B","Defend_B","Dualcast","Tempest","Doom and Gloom+1","Chaos+1","Redo","Leap","Loop+1","Echo Form","Steam","Redo+1"],"relics":["Cracked Core","NeowsBlessing","CultistMask","Dodecahedron","Vajra","Pantograph","Matryoshka","Nuclear Battery","Orichalcum","Whetstone"],"potions_floor_usage":[16,18,21,22],"damage_taken":[{"damage":0,"enemies":"Cultist","floor":1,"turns":1},{"damage":0,"enemies":"Jaw Worm","floor":5,"turns":1},{"damage":0,"enemies":"3 Sentries","floor":7,"turns":1},{"damage":4,"enemies":"Small Slimes","floor":8,"turns":3},{"damage":9,"enemies":"Red Slaver","floor":10,"turns":3},{"damage":36,"enemies":"Gremlin Nob","floor":11,"turns":4},{"damage":19,"enemies":"Hexaghost","floor":16,"turns":7},{"damage":3,"enemies":"3 Byrds","floor":18,"turns":2},{"damage":16,"enemies":"Shell Parasite","floor":19,"turns":5},{"damage":27,"enemies":"Snecko","floor":20,"turns":5},{"damage":10,"enemies":"3 Cultists","floor":21,"turns":5},{"damage":0,"enemies":"Centurion and Healer","floor":22,"turns":5},{"damage":25,"enemies":"Chosen and Byrds","floor":25,"turns":6},{"damage":12,"enemies":"Snecko","floor":28,"turns":2}],"seed_played":"1215147303768957772","potions_obtained":[{"floor":1,"key":"Regen Potion"},{"floor":5,"key":"Weak Potion"},{"floor":16,"key":"Fire Potion"},{"floor":18,"key":"Fire Potion"},{"floor":19,"key":"FocusPotion"},{"floor":21,"key":"SteroidPotion"}],"is_trial":false,"path_per_floor":["M","?","$","?","M","R","E","M","T","M","E","$","?","$","R","B",null,"M","M","M","M","M","$","R","M","T","?","M"],"character_chosen":"DEFECT","items_purchased":["Doom and Gloom","Loop"],"campfire_rested":1,"item_purchase_floors":[3,14],"current_hp_per_floor":[64,57,57,57,57,57,57,53,53,44,8,8,8,8,8,29,61,58,42,15,5,5,5,26,1,1,1,0],"gold":53,"neow_bonus":"THREE_ENEMY_KILL","is_prod":false,"is_daily":false,"chose_seed":false,"campfire_upgraded":2,"win_rate":0,"timestamp":1558990327,"path_taken":["M","?","$","?","M","R","E","M","T","?","E","$","?","$","R","BOSS","M","M","?","M","M","$","R","M","T","?","M"],"build_version":"2019-01-23","purchased_purges":2,"victory":false,"max_hp_per_floor":[71,71,71,71,71,71,71,71,71,71,71,71,71,71,71,71,71,71,71,71,71,71,71,71,71,71,71,71],"card_choices":[{"not_picked":["Beam Cell","Recycle"],"picked":"Tempest","floor":1},{"not_picked":["Gash","Recycle","Chaos"],"picked":"SKIP","floor":5},{"not_picked":["Gash","Recycle"],"picked":"Chaos","floor":5},{"not_picked":["Consume","Conserve Battery"],"picked":"Redo","floor":7},{"not_picked":["Steam Power","Consume"],"picked":"Leap","floor":8},{"not_picked":["Rip and Tear","Streamline","Reprogram"],"picked":"SKIP","floor":10},{"not_picked":["Chill","Stack","Gash"],"picked":"SKIP","floor":11},{"not_picked":["Rainbow","Hyperbeam"],"picked":"Echo Form","floor":16},{"not_picked":["Redo","Cold Snap","Stack+1"],"picked":"SKIP","floor":18},{"not_picked":["Sunder","Barrage"],"picked":"Steam","floor":19},{"not_picked":["Rip and Tear","Double Energy","Consume"],"picked":"SKIP","floor":20},{"not_picked":["Rip and Tear","Double Energy","Consume"],"picked":"SKIP","floor":20},{"not_picked":["Meteor Strike","Chill"],"picked":"Redo+1","floor":21},{"not_picked":["Storm","Double Energy","Hologram"],"picked":"SKIP","floor":22},{"not_picked":["Static Discharge","Scrape","Streamline"],"picked":"SKIP","floor":25}],"player_experience":443494,"relics_obtained":[{"floor":7,"key":"Dodecahedron"},{"floor":9,"key":"Vajra"},{"floor":11,"key":"Pantograph"},{"floor":26,"key":"Orichalcum"},{"floor":26,"key":"Whetstone"}],"event_choices":[{"cards_removed":["Strike_B"],"damage_healed":0,"gold_gain":0,"player_choice":"Card Removal","damage_taken":7,"max_hp_gain":0,"max_hp_loss":0,"event_name":"Golden Wing","floor":2,"gold_loss":0},{"damage_healed":0,"gold_gain":0,"player_choice":"Trade","damage_taken":0,"relics_obtained":["CultistMask"],"max_hp_gain":0,"max_hp_loss":0,"event_name":"FaceTrader","floor":4,"gold_loss":0},{"damage_healed":0,"gold_gain":0,"player_choice":"Gave Potion","damage_taken":0,"relics_obtained":["Matryoshka"],"max_hp_gain":0,"max_hp_loss":0,"event_name":"WeMeetAgain","floor":13,"gold_loss":0},{"damage_healed":0,"gold_gain":0,"player_choice":"Upgraded Two","damage_taken":0,"max_hp_gain":0,"max_hp_loss":0,"event_name":"Designer","floor":27,"gold_loss":40,"cards_upgraded":["Chaos","Defend_B"]}],"is_beta":false,"boss_relics":[{"not_picked":["Busted Crown","Philosopher\u0027s Stone"],"picked":"Nuclear Battery"}],"items_purged_floors":[12,23],"is_endless":false,"potions_floor_spawned":[1,5,16,18,19,21],"killed_by":"Snecko","ascension_level":14}