{"gold_per_floor":[112,112,126,144,156,156,191,191,191,221,221,234,246,226,226,300,300,311,331,402,402,402],"floor_reached":22,"playtime":919,"items_purged":[],"score":382,"play_id":"40de8f3e-26a4-4826-84f2-c8af70b3db7f","local_time":"20190620030751","is_ascension_mode":true,"campfire_choices":[{"data":"Zap","floor":6,"key":"SMITH"},{"data":"Biased Cognition","floor":8,"key":"SMITH"},{"floor":15,"key":"REST"}],"neow_cost":"TEN_PERCENT_HP_LOSS","seed_source_timestamp":472491259422084,"circlet_count":0,"master_deck":["AscendersBane","Strike_B","Strike_B","Strike_B","Strike_B+1","Defend_B","Defend_B","Defend_B","Defend_B","Zap+1","Dualcast","Biased Cognition+1","Sweeping Beam","Conserve Battery","Cold Snap","Coolheaded+1","Undo","Coolheaded","Reinforced Body","Cold Snap","Echo Form","Regret","Loop+1","Sweeping Beam"],"relics":["Cracked Core","NlothsMask","Omamori","Du-Vu Doll","Calling Bell","Smiling Mask","Pantograph","Torii","Singing Bowl"],"potions_floor_usage":[7,13,16,19],"damage_taken":[{"damage":0,"enemies":"2 Louse","floor":1,"turns":3},{"damage":0,"enemies":"Cultist","floor":3,"turns":3},{"damage":0,"enemies":"Jaw Worm","floor":4,"turns":3},{"damage":8,"enemies":"Large Slime","floor":5,"turns":4},{"damage":9,"enemies":"Gremlin Nob","floor":7,"turns":4},{"damage":6,"enemies":"3 Sentries","floor":10,"turns":8},{"damage":0,"enemies":"2 Fungi Beasts","floor":12,"turns":3},{"damage":0,"enemies":"Blue Slaver","floor":13,"turns":1},{"damage":28,"enemies":"Slime Boss","floor":16,"turns":15},{"damage":4,"enemies":"Spheric Guardian","floor":18,"turns":4},{"damage":14,"enemies":"Shell Parasite","floor":19,"turns":6},{"damage":49,"enemies":"Shelled Parasite and Fungi","floor":22,"turns":10}],"seed_played":"-7312563724574102133","potions_obtained":[{"floor":5,"key":"FocusPotion"},{"floor":10,"key":"AttackPotion"},{"floor":12,"key":"SteroidPotion"},{"floor":14,"key":"LiquidBronze"},{"floor":16,"key":"GamblersBrew"}],"is_trial":false,"path_per_floor":["M","?","M","M","M","R","E","R","T","E","?","M","M","?","R","B",null,"M","M","T","?","M"],"character_chosen":"DEFECT","items_purchased":[],"campfire_rested":1,"item_purchase_floors":[],"current_hp_per_floor":[64,64,64,64,56,56,47,47,47,41,22,22,22,22,41,13,51,47,33,33,33,0],"gold":402,"neow_bonus":"THREE_RARE_CARDS","is_prod":false,"is_daily":false,"chose_seed":false,"campfire_upgraded":2,"win_rate":0,"timestamp":1560992871,"path_taken":["M","?","?","M","M","R","E","R","T","E","?","M","M","?","R","BOSS","M","M","?","?","M"],"build_version":"2019-01-23","purchased_purges":0,"victory":false,"max_hp_per_floor":[64,64,64,64,64,64,64,64,64,64,64,64,64,64,64,64,64,64,64,64,64,64],"card_choices":[{"not_picked":["Buffer","Seek"],"picked":"Biased Cognition","floor":0},{"not_picked":["Stack","Gash"],"picked":"Sweeping Beam","floor":1},{"not_picked":["Hologram","Streamline"],"picked":"Conserve Battery","floor":3},{"not_picked":["Reinforced Body","Skim"],"picked":"Cold Snap","floor":4},{"not_picked":["Tempest","Seek"],"picked":"Coolheaded","floor":5},{"not_picked":["Hello World","Chill"],"picked":"Undo","floor":7},{"not_picked":["Static Discharge","Reprogram"],"picked":"Coolheaded","floor":10},{"not_picked":["Conserve Battery","Steam"],"picked":"Reinforced Body","floor":12},{"not_picked":["Melter","Coolheaded"],"picked":"Cold Snap","floor":13},{"not_picked":["Rainbow","Creative AI"],"picked":"Echo Form","floor":16},{"not_picked":["Conserve Battery","Tempest"],"picked":"Loop+1","floor":18},{"not_picked":["Coolheaded","Force Field"],"picked":"Sweeping Beam","floor":19}],"player_experience":611516,"relics_obtained":[{"floor":7,"key":"Omamori"},{"floor":10,"key":"Du-Vu Doll"},{"floor":17,"key":"Smiling Mask"},{"floor":17,"key":"Pantograph"},{"floor":17,"key":"Torii"},{"floor":20,"key":"Singing Bowl"}],"event_choices":[{"damage_healed":0,"gold_gain":0,"player_choice":"Trade","damage_taken":0,"relics_obtained":["NlothsMask"],"max_hp_gain":0,"max_hp_loss":0,"event_name":"FaceTrader","floor":2,"gold_loss":0},{"damage_healed":0,"gold_gain":0,"player_choice":"Entered Light","damage_taken":19,"max_hp_gain":0,"max_hp_loss":0,"event_name":"Shining Light","floor":11,"gold_loss":0,"cards_upgraded":["Coolheaded","Strike_B"]},{"damage_healed":0,"gold_gain":0,"player_choice":"Bought 1 Potion","damage_taken":0,"max_hp_gain":0,"max_hp_loss":0,"event_name":"The Woman in Blue","floor":14,"gold_loss":0},{"damage_healed":0,"gold_gain":0,"player_choice":"Ignored","damage_taken":0,"max_hp_gain":0,"max_hp_loss":0,"event_name":"The Mausoleum","floor":21,"gold_loss":0}],"is_beta":false,"boss_relics":[{"not_picked":["Eternal Feather","Black Star"],"picked":"Calling Bell"}],"items_purged_floors":[],"is_endless":false,"potions_floor_spawned":[5,10,12,16,18],"killed_by":"Shelled Parasite and Fungi","ascension_level":19}