{"gold_per_floor":[109,121,196,215,227,227,241,252,252,252,252,267,267,281,281,359,359,369,67,87,99,99,99,99],"floor_reached":24,"playtime":900,"items_purged":[],"score":384,"play_id":"3c1fee6f-0734-44de-a79a-45b5666ccf36","local_time":"20190626155200","is_ascension_mode":true,"campfire_choices":[{"data":"Zap","floor":6,"key":"SMITH"},{"data":"Redo","floor":11,"key":"SMITH"},{"data":"Creative AI","floor":13,"key":"SMITH"},{"data":"Redo","floor":15,"key":"SMITH"},{"data":"Conserve Battery","floor":23,"key":"SMITH"}],"neow_cost":"NONE","seed_source_timestamp":86761426330217,"circlet_count":0,"master_deck":["AscendersBane","Strike_B","Strike_B","Strike_B","Defend_B","Defend_B","Defend_B","Defend_B","Zap+1","Dualcast","Creative AI+1","Redo+1","FTL","Redo+1","Conserve Battery+1","Sweeping Beam","Core Surge","Conserve Battery","Echo Form","Conserve Battery+1"],"relics":["Cracked Core","Meat on the Bone","Coffee Dripper","Toxic Egg 2","SsserpentHead"],"potions_floor_usage":[7,12,16,16,24,24],"damage_taken":[{"damage":4,"enemies":"Jaw Worm","floor":1,"turns":6},{"damage":1,"enemies":"Cultist","floor":2,"turns":4},{"damage":12,"enemies":"Small Slimes","floor":4,"turns":4},{"damage":22,"enemies":"3 Louse","floor":5,"turns":4},{"damage":4,"enemies":"Gremlin Gang","floor":7,"turns":4},{"damage":6,"enemies":"Looter","floor":8,"turns":3},{"damage":0,"enemies":"Exordium Wildlife","floor":12,"turns":1},{"damage":6,"enemies":"Red Slaver","floor":14,"turns":3},{"damage":29,"enemies":"Hexaghost","floor":16,"turns":9},{"damage":24,"enemies":"Shell Parasite","floor":18,"turns":5},{"damage":27,"enemies":"3 Byrds","floor":20,"turns":5},{"damage":16,"enemies":"Centurion and Healer","floor":21,"turns":7},{"damage":28,"enemies":"Gremlin Leader","floor":24,"turns":6}],"seed_played":"6649967593443190648","potions_obtained":[{"floor":4,"key":"Regen Potion"},{"floor":5,"key":"SpeedPotion"},{"floor":7,"key":"Explosive Potion"},{"floor":14,"key":"FocusPotion"},{"floor":16,"key":"FearPotion"},{"floor":20,"key":"SpeedPotion"},{"floor":21,"key":"SpeedPotion"}],"is_trial":false,"path_per_floor":["M","M","?","M","M","R","M","M","T","?","R","M","R","M","R","B",null,"M","$","M","M","?","R","E"],"character_chosen":"DEFECT","items_purchased":["Toxic Egg 2","Conserve Battery+1"],"campfire_rested":0,"item_purchase_floors":[19,19],"current_hp_per_floor":[60,59,48,36,14,14,22,16,16,16,16,28,28,34,34,17,58,46,46,31,27,27,27,0],"gold":99,"neow_bonus":"ONE_RANDOM_RARE_CARD","is_prod":false,"is_daily":false,"chose_seed":false,"campfire_upgraded":5,"win_rate":0,"timestamp":1561557120,"path_taken":["M","M","?","M","M","R","M","M","T","?","R","?","R","M","R","BOSS","M","$","M","M","?","R","E"],"build_version":"2019-01-23","purchased_purges":0,"victory":false,"max_hp_per_floor":[71,71,71,71,71,71,71,71,71,71,71,71,71,71,71,71,71,71,71,71,71,71,71,71],"card_choices":[{"not_picked":["Stack","Chaos"],"picked":"Redo","floor":1},{"not_picked":["Redo","Loop"],"picked":"FTL","floor":2},{"not_picked":["Turbo","Cold Snap"],"picked":"Redo","floor":4},{"not_picked":["Go for the Eyes","Leap","Ball Lightning"],"picked":"SKIP","floor":5},{"not_picked":["Reprogram","Leap"],"picked":"Conserve Battery","floor":7},{"not_picked":["Heatsinks","Steam"],"picked":"Sweeping Beam","floor":8},{"not_picked":["Stack","Beam Cell"],"picked":"Core Surge","floor":12},{"not_picked":["Turbo","Gash"],"picked":"Conserve Battery","floor":14},{"not_picked":["Hyperbeam","Meteor Strike"],"picked":"Echo Form","floor":16},{"not_picked":["Aggregate","Rebound","Streamline"],"picked":"SKIP","floor":18},{"not_picked":["Melter","Steam+1","Gash"],"picked":"SKIP","floor":20},{"not_picked":["Gash","Steam+1","Barrage"],"picked":"SKIP","floor":21}],"player_experience":666143,"relics_obtained":[{"floor":9,"key":"Meat on the Bone"}],"event_choices":[{"damage_healed":0,"gold_gain":75,"player_choice":"Gather Gold","damage_taken":11,"max_hp_gain":0,"max_hp_loss":0,"event_name":"World of Goop","floor":3,"gold_loss":0},{"cards_removed":["Strike_B"],"damage_healed":0,"gold_gain":0,"player_choice":"Purged","damage_taken":0,"max_hp_gain":0,"max_hp_loss":0,"event_name":"Purifier","floor":10,"gold_loss":0},{"damage_healed":0,"gold_gain":0,"player_choice":"Trade","damage_taken":0,"relics_obtained":["SsserpentHead"],"max_hp_gain":0,"max_hp_loss":0,"event_name":"FaceTrader","floor":22,"gold_loss":0}],"is_beta":false,"boss_relics":[{"not_picked":["Velvet Choker","Orrery"],"picked":"Coffee Dripper"}],"items_purged_floors":[],"is_endless":false,"potions_floor_spawned":[4,5,7,14,16,20,21],"killed_by":"Gremlin Leader","ascension_level":20}