{"gold_per_floor":[112,112,14,14,27,27,45,58,111,145,145,180,195,220,220,317,317,334,334,344,20,20,50,50,66,93,109,109,59,59,92,92,191,191,203,221,221,25,44,44,76,76,76,38,38,72,90,100,100,100],"floor_reached":50,"playtime":7040,"items_purged":["Strike_G","Strike_G","Strike_G","Strike_G","Strike_G"],"score":598,"play_id":"c30dcf22-3a49-4031-90c7-e84a251f933e","local_time":"20190604001327","is_ascension_mode":false,"campfire_choices":[{"data":"Neutralize","floor":6,"key":"SMITH"},{"data":"Bullet Time","floor":11,"key":"SMITH"},{"floor":15,"key":"REST"},{"floor":24,"key":"REST"},{"data":"Accuracy","floor":30,"key":"SMITH"},{"floor":32,"key":"REST"},{"data":"Finisher","floor":40,"key":"SMITH"},{"data":"Caltrops","floor":42,"key":"SMITH"},{"floor":49,"key":"REST"}],"neow_cost":"CURSE","seed_source_timestamp":3222488379002574,"circlet_count":0,"master_deck":["Defend_G+1","Defend_G+1","Defend_G","Defend_G","Defend_G","Survivor","Neutralize+1","Quick Slash","Blade Dance","Cloak And Dagger","Dagger Spray","Bullet Time+1","Dodge and Roll","Backstab","Adrenaline","PiercingWail","PiercingWail","Accuracy+1","Dramatic Entrance","Blade Dance+1","Deflect+1","Finisher+1","Neutralize","Mind Blast","Blur","Terror","Burst","Backstab+1","Deflect+1","Caltrops+1","Dodge and Roll+1","Well Laid Plans+1","Finisher+1"],"relics":["Ring of the Snake","Bronze Scales","Smiling Mask","Ninja Scroll","Gremlin Horn","Lantern","Black Star","Strawberry","MutagenicStrength","Dream Catcher","Anchor","PreservedInsect","War Paint","Bag of Marbles","Eternal Feather","Blood Vial","Pantograph","Molten Egg 2","MawBank","Ice Cream","Snake Skull"],"potions_floor_usage":[12,16,16,16,20,23,27,41,41,47,47],"damage_taken":[{"damage":0,"enemies":"Small Slimes","floor":1,"turns":7},{"damage":1,"enemies":"Cultist","floor":5,"turns":3},{"damage":1,"enemies":"Jaw Worm","floor":7,"turns":3},{"damage":1,"enemies":"3 Louse","floor":8,"turns":3},{"damage":10,"enemies":"Gremlin Nob","floor":10,"turns":4},{"damage":18,"enemies":"Lagavulin","floor":12,"turns":6},{"damage":0,"enemies":"Red Slaver","floor":13,"turns":2},{"damage":29,"enemies":"Hexaghost","floor":16,"turns":11},{"damage":0,"enemies":"2 Thieves","floor":18,"turns":4},{"damage":19,"enemies":"Spheric Guardian","floor":20,"turns":6},{"damage":6,"enemies":"Slavers","floor":23,"turns":5},{"damage":14,"enemies":"Snecko","floor":25,"turns":4},{"damage":2,"enemies":"Chosen and Byrds","floor":27,"turns":6},{"damage":0,"enemies":"Gremlin Leader","floor":31,"turns":2},{"damage":83,"enemies":"Champ","floor":33,"turns":11},{"damage":23,"enemies":"3 Shapes","floor":35,"turns":1},{"damage":0,"enemies":"Orb Walker","floor":36,"turns":1},{"damage":0,"enemies":"Sphere and 2 Shapes","floor":39,"turns":1},{"damage":16,"enemies":"Giant Head","floor":41,"turns":6},{"damage":21,"enemies":"Nemesis","floor":46,"turns":3},{"damage":48,"enemies":"Transient","floor":47,"turns":5},{"damage":27,"enemies":"Writhing Mass","floor":48,"turns":4},{"damage":87,"enemies":"Donu and Deca","floor":50,"turns":8}],"seed_played":"4044340296511819164","potions_obtained":[{"floor":7,"key":"SkillPotion"},{"floor":8,"key":"Dexterity Potion"},{"floor":10,"key":"AttackPotion"},{"floor":12,"key":"FearPotion"},{"floor":16,"key":"FearPotion"},{"floor":20,"key":"PowerPotion"},{"floor":25,"key":"Ancient Potion"},{"floor":33,"key":"SkillPotion"},{"floor":35,"key":"FearPotion"},{"floor":41,"key":"Strength Potion"}],"is_trial":false,"path_per_floor":["M","?","$","?","M","R","M","M","T","E","R","E","M","T","R","B",null,"M","?","M","$","?","E","R","M","T","M","?","$","R","E","R","B",null,"M","M","T","$","M","R","E","R","T","$","?","E","M","M","R","B"],"character_chosen":"THE_SILENT","items_purchased":["Prepared","Accuracy","Strawberry","Dramatic Entrance","Caltrops","LiquidBronze"],"campfire_rested":4,"item_purchase_floors":[3,21,21,21,38,38],"current_hp_per_floor":[84,77,77,77,76,76,75,74,74,64,64,46,46,46,71,42,84,84,68,49,56,56,50,78,64,64,62,62,62,62,62,90,7,96,73,73,73,73,75,93,79,96,96,96,96,75,29,4,50,0],"gold":100,"neow_bonus":"TWENTY_PERCENT_HP_BONUS","is_prod":false,"is_daily":false,"chose_seed":false,"campfire_upgraded":5,"win_rate":0.0,"timestamp":1559621607,"path_taken":["M","?","$","?","M","R","M","M","T","E","R","E","?","?","R","BOSS","M","?","M","$","?","E","R","M","T","M","?","$","R","E","R","BOSS","M","M","?","$","M","R","E","R","T","$","?","E","M","M","R","BOSS"],"build_version":"2019-01-23","purchased_purges":5,"victory":false,"max_hp_per_floor":[84,84,84,84,84,84,84,84,84,84,84,84,84,84,84,84,84,84,89,89,96,96,96,96,96,96,96,96,96,96,96,96,96,96,96,96,96,96,96,96,96,96,96,96,96,96,96,96,96,96],"card_choices":[{"not_picked":["Backflip","Leg Sweep"],"picked":"Quick Slash","floor":1},{"not_picked":["Backflip","Flechettes"],"picked":"Blade Dance","floor":5},{"not_picked":["Crippling Poison","Acrobatics"],"picked":"Cloak And Dagger","floor":7},{"not_picked":["Unload","Prepared"],"picked":"Dagger Spray","floor":8},{"not_picked":["Reflex","Backflip"],"picked":"Bullet Time","floor":10},{"not_picked":["Cloak And Dagger","Dagger Spray"],"picked":"Dodge and Roll","floor":12},{"not_picked":["Dagger Spray","Blade Dance"],"picked":"Backstab","floor":13},{"not_picked":["Venomology","Night Terror"],"picked":"Adrenaline","floor":16},{"not_picked":["Quick Slash+1","Outmaneuver"],"picked":"PiercingWail","floor":18},{"not_picked":["Dagger Spray","Backflip"],"picked":"PiercingWail","floor":20},{"not_picked":["Catalyst","Bullet Time"],"picked":"Blade Dance+1","floor":23},{"not_picked":["Expertise","Masterful Stab"],"picked":"Deflect+1","floor":24},{"not_picked":["Noxious Fumes","Acrobatics","Sucker Punch"],"picked":"SKIP","floor":25},{"not_picked":["Tactician","Catalyst"],"picked":"Finisher","floor":27},{"not_picked":["Bouncing Flask","Poisoned Stab"],"picked":"Blur","floor":31},{"not_picked":["Bane","Dagger Spray"],"picked":"Terror","floor":32},{"not_picked":["Doppelganger","Storm of Steel"],"picked":"Burst","floor":33},{"not_picked":["Dagger Spray+1","Poisoned Stab"],"picked":"Backstab+1","floor":35},{"not_picked":["Dagger Spray+1","Escape Plan"],"picked":"Deflect+1","floor":36},{"not_picked":["Acrobatics+1","Skewer+1","Slice"],"picked":"SKIP","floor":39},{"not_picked":["Setup","Dodge and Roll","Noxious Fumes"],"picked":"SKIP","floor":41},{"not_picked":["Bouncing Flask","Deadly Poison+1","Backflip"],"picked":"SKIP","floor":46},{"not_picked":["Deadly Poison+1","Sucker Punch+1"],"picked":"Dodge and Roll+1","floor":47},{"not_picked":["Underhanded Strike+1","Flying Knee+1"],"picked":"Well Laid Plans+1","floor":48},{"not_picked":["Endless Agony+1","Bane+1"],"picked":"Finisher+1","floor":49}],"player_experience":1100183,"relics_obtained":[{"floor":9,"key":"Smiling Mask"},{"floor":10,"key":"Ninja Scroll"},{"floor":12,"key":"Gremlin Horn"},{"floor":14,"key":"Lantern"},{"floor":23,"key":"Dream Catcher"},{"floor":23,"key":"Anchor"},{"floor":26,"key":"PreservedInsect"},{"floor":31,"key":"War Paint"},{"floor":31,"key":"Bag of Marbles"},{"floor":37,"key":"Blood Vial"},{"floor":41,"key":"Pantograph"},{"floor":41,"key":"Molten Egg 2"},{"floor":43,"key":"MawBank"},{"floor":46,"key":"Ice Cream"},{"floor":46,"key":"Snake Skull"}],"event_choices":[{"cards_removed":["Clumsy"],"damage_healed":0,"gold_gain":0,"player_choice":"Card Removal","damage_taken":7,"max_hp_gain":0,"max_hp_loss":0,"event_name":"Golden Wing","floor":2,"gold_loss":0},{"cards_removed":["Prepared"],"damage_healed":0,"gold_gain":0,"player_choice":"Gave Card","damage_taken":0,"relics_obtained":["Bronze Scales"],"max_hp_gain":0,"max_hp_loss":0,"event_name":"WeMeetAgain","floor":4,"gold_loss":0},{"damage_healed":0,"gold_gain":0,"player_choice":"Shed Blood","damage_taken":21,"max_hp_gain":5,"max_hp_loss":0,"event_name":"Forgotten Altar","floor":19,"gold_loss":0},{"damage_healed":0,"gold_gain":0,"player_choice":"Inject Mutagens","damage_taken":0,"relics_obtained":["MutagenicStrength"],"max_hp_gain":0,"max_hp_loss":0,"event_name":"Drug Dealer","floor":22,"gold_loss":0},{"damage_healed":0,"gold_gain":0,"player_choice":"2 cards matched","damage_taken":0,"max_hp_gain":0,"max_hp_loss":0,"event_name":"Match and Keep!","floor":28,"gold_loss":0,"cards_obtained":["Neutralize","Mind Blast"]},{"damage_healed":0,"gold_gain":0,"player_choice":"Ignored","damage_taken":0,"max_hp_gain":0,"max_hp_loss":0,"event_name":"NoteForYourself","floor":45,"gold_loss":0}],"is_beta":false,"boss_relics":[{"not_picked":["WristBlade","Philosopher\u0027s Stone"],"picked":"Black Star"},{"not_picked":["Coffee Dripper","Calling Bell"],"picked":"Eternal Feather"}],"items_purged_floors":[3,21,29,38,44],"is_endless":false,"potions_floor_spawned":[7,8,10,12,16,20,25,33,35,41],"killed_by":"Donu and Deca","ascension_level":0}