{"gold_per_floor":[116,116,16,30,40,40,68,78,126,153,153,165,65,65,65,159,159,175,11,11,11,45,45,88,111,111,24,63,63,63,96,96,191,191,211,234,299,320,37,37,75,99,99,99,20,20,60,60,60,60,60],"floor_reached":52,"playtime":1919,"items_purged":["Regret","Strike_B"],"score":2044,"play_id":"82b4715c-0f3f-49b4-b28b-29c9eeb12f84","local_time":"20190603013813","is_ascension_mode":true,"campfire_choices":[{"data":"Zap","floor":6.0,"key":"SMITH"},{"data":"Conserve Battery","floor":11.0,"key":"SMITH"},{"data":"Sweeping Beam","floor":15.0,"key":"SMITH"},{"data":"Doom and Gloom","floor":23.0,"key":"SMITH"},{"floor":32.0,"key":"REST"},{"floor":40.0,"key":"REST"},{"data":"Ghostly","floor":46.0,"key":"SMITH"},{"data":"Consume","floor":49.0,"key":"SMITH"}],"neow_cost":"NONE","seed_source_timestamp":7965280110394,"circlet_count":0,"master_deck":["AscendersBane","Strike_B+1","Defend_B+1","Defend_B+1","Defend_B+1","Defend_B+1","Zap+1","Dualcast","Glacier","Cold Snap","Ball Lightning","Conserve Battery+1","Sweeping Beam+1","Echo Form+1","FTL","Glacier","Core Surge","Doom and Gloom+1","Compile Driver+1","Auto Shields","Coolheaded","Capacitor+1","Ghostly+1","Ghostly","Ghostly","Seek","Multi-Cast","Defragment+1","Consume+1","Biased Cognition+1","Chill+1","Parasite"],"special_seed":0,"relics":["Cracked Core","Frozen Egg 2","Omamori","Anchor","Bronze Scales","Golden Idol","Cursed Key","DataDisk","Red Mask","Bag of Preparation","Mercury Hourglass","Question Card","Potion Belt","Nuclear Battery","Bird Faced Urn","OrangePellets","Kunai","Gremlin Horn","Ancient Tea Set"],"potions_floor_usage":[51,51,51],"damage_taken":[{"damage":4.0,"enemies":"Jaw Worm","floor":1.0,"turns":4.0},{"damage":13.0,"enemies":"2 Louse","floor":4.0,"turns":2.0},{"damage":3.0,"enemies":"Small Slimes","floor":5.0,"turns":3.0},{"damage":4.0,"enemies":"Gremlin Nob","floor":7.0,"turns":3.0},{"damage":0.0,"enemies":"Exordium Wildlife","floor":8.0,"turns":4.0},{"damage":3.0,"enemies":"3 Sentries","floor":10.0,"turns":5.0},{"damage":0.0,"enemies":"3 Louse","floor":12.0,"turns":3.0},{"damage":29.0,"enemies":"Hexaghost","floor":16.0,"turns":11.0},{"damage":2.0,"enemies":"3 Byrds","floor":18.0,"turns":2.0},{"damage":8.0,"enemies":"Masked Bandits","floor":22.0,"turns":3.0},{"damage":10.0,"enemies":"Book of Stabbing","floor":24.0,"turns":4.0},{"damage":2.0,"enemies":"Shell Parasite","floor":25.0,"turns":4.0},{"damage":30.0,"enemies":"Gremlin Leader","floor":28.0,"turns":4.0},{"damage":0.0,"enemies":"Book of Stabbing","floor":31.0,"turns":5.0},{"damage":20.0,"enemies":"Collector","floor":33.0,"turns":15.0},{"damage":0.0,"enemies":"Orb Walker","floor":35.0,"turns":4.0},{"damage":0.0,"enemies":"3 Darklings","floor":36.0,"turns":5.0},{"damage":6.0,"enemies":"2 Orb Walkers","floor":37.0,"turns":5.0},{"damage":30.0,"enemies":"Maw","floor":38.0,"turns":10.0},{"damage":5.0,"enemies":"Reptomancer","floor":41.0,"turns":5.0},{"damage":0.0,"enemies":"Sphere and 2 Shapes","floor":42.0,"turns":4.0},{"damage":0.0,"enemies":"Nemesis","floor":47.0,"turns":9.0},{"damage":14,"enemies":"Time Eater","floor":50,"turns":15},{"damage":10,"enemies":"Donu and Deca","floor":51,"turns":10}],"seed_played":"4464912411273295330","potions_obtained":[{"floor":4.0,"key":"EntropicBrew"},{"floor":5.0,"key":"FearPotion"},{"floor":8.0,"key":"AttackPotion"},{"floor":10.0,"key":"EntropicBrew"},{"floor":24.0,"key":"PowerPotion"},{"floor":31.0,"key":"AttackPotion"},{"floor":33.0,"key":"PowerPotion"},{"floor":38.0,"key":"Weak Potion"},{"floor":41.0,"key":"SkillPotion"}],"is_trial":false,"path_per_floor":["M","?","$","M","M","R","E","M","T","E","R","M","$","?","R","B",null,"M","$","?","?","?","R","E","M","T","$","E","?","?","E","R","B",null,"M","M","?","M","$","R","E","M","T","?","$","R","E","?","R","B","B",null],"character_chosen":"DEFECT","items_purchased":["Ball Lightning","DataDisk","Capacitor+1","OrangePellets","SkillPotion","Ancient Potion"],"campfire_rested":2,"item_purchase_floors":[3,19,27,39,39,45],"current_hp_per_floor":[67,67,67,54,51,51,47,47,47,44,44,44,44,44,44,15,62,60,60,60,60,52,52,42,40,40,40,10,10,10,10,21,1,30,30,30,24,2,2,13,16,24,24,24,24,24,34,34,34,29,29],"gold":60,"neow_bonus":"TEN_PERCENT_HP_BONUS","is_prod":false,"is_daily":false,"chose_seed":false,"campfire_upgraded":6,"win_rate":0,"timestamp":1559518693,"path_taken":["M","?","$","M","M","R","E","M","T","E","R","M","$","?","R","BOSS","M","$","?","?","?","R","E","M","T","$","E","?","?","E","R","BOSS","M","M","?","M","$","R","E","M","T","?","$","R","E","?","R","BOSS","BOSS"],"build_version":"2019-06-01v2","purchased_purges":2,"victory":true,"max_hp_per_floor":[78,78,78,78,78,78,78,78,78,78,78,78,78,78,78,78,78,78,78,78,78,78,78,78,78,78,78,78,39,39,39,39,39,39,39,39,39,39,39,39,39,39,39,39,39,39,39,39,39,39,39],"card_choices":[{"not_picked":["Turbo","Capacitor"],"picked":"Glacier","floor":1.0},{"not_picked":["Rebound","Doom and Gloom"],"picked":"Cold Snap","floor":4.0},{"not_picked":["Streamline","Scrape"],"picked":"Ball Lightning","floor":5.0},{"not_picked":["Hologram","Steam"],"picked":"Conserve Battery","floor":7.0},{"not_picked":["Redo","Leap"],"picked":"Sweeping Beam","floor":8.0},{"not_picked":["Ball Lightning","Leap","Stack"],"picked":"SKIP","floor":10.0},{"not_picked":["Rip and Tear","Meteor Strike","Stack"],"picked":"SKIP","floor":12.0},{"not_picked":["Machine Learning+1","Rainbow"],"picked":"Echo Form+1","floor":16.0},{"not_picked":["Turbo","Blizzard"],"picked":"FTL","floor":18.0},{"not_picked":["Go for the Eyes","Redo"],"picked":"Compile Driver+1","floor":22.0},{"not_picked":["Hologram","Redo"],"picked":"Auto Shields","floor":24.0},{"not_picked":["Reinforced Body","Fission"],"picked":"Coolheaded","floor":25.0},{"not_picked":["Blizzard","Sunder","White Noise"],"picked":"SKIP","floor":28.0},{"not_picked":["Conserve Battery","Scrape","Barrage"],"picked":"Seek","floor":31.0},{"not_picked":["All For One","Amplify","Reboot"],"picked":"Multi-Cast","floor":33.0},{"not_picked":["Rebound","Beam Cell","Chill"],"picked":"Defragment+1","floor":35.0},{"not_picked":["Rebound+1","Streamline","Coolheaded","Leap"],"picked":"SKIP","floor":36.0},{"not_picked":["Redo","Steam","FTL+1"],"picked":"Consume","floor":37.0},{"not_picked":["Scrape","Barrage+1","Steam"],"picked":"Biased Cognition+1","floor":38.0},{"not_picked":["Reinforced Body","Rebound","Beam Cell+1","Recycle"],"picked":"SKIP","floor":41.0},{"not_picked":["Go for the Eyes","Redo","Defragment+1"],"picked":"Chill+1","floor":42.0},{"not_picked":["Turbo","White Noise","Beam Cell","Hologram"],"picked":"SKIP","floor":47.0}],"player_experience":1661280,"relics_obtained":[{"floor":7.0,"key":"Omamori"},{"floor":9.0,"key":"Anchor"},{"floor":10.0,"key":"Bronze Scales"},{"floor":22.0,"key":"Red Mask"},{"floor":24.0,"key":"Bag of Preparation"},{"floor":26.0,"key":"Mercury Hourglass"},{"floor":28.0,"key":"Question Card"},{"floor":31.0,"key":"Potion Belt"},{"floor":37.0,"key":"Bird Faced Urn"},{"floor":41.0,"key":"Kunai"},{"floor":43.0,"key":"Gremlin Horn"},{"floor":47.0,"key":"Ancient Tea Set"}],"event_choices":[{"damage_healed":0.0,"max_hp_gain":0.0,"max_hp_loss":0.0,"gold_gain":0.0,"event_name":"Big Fish","player_choice":"Box","floor":2.0,"gold_loss":0.0,"damage_taken":0.0,"relics_obtained":["Frozen Egg 2"],"cards_obtained":["Regret"]},{"damage_healed":0.0,"max_hp_gain":0.0,"max_hp_loss":0.0,"gold_gain":0.0,"event_name":"Golden Idol","player_choice":"Take Wound","floor":14.0,"gold_loss":0.0,"damage_taken":0.0,"relics_obtained":["Golden Idol"],"cards_obtained":["Injury"]},{"damage_healed":0.0,"max_hp_gain":0.0,"max_hp_loss":0.0,"gold_gain":0.0,"cards_transformed":["Strike_B","Strike_B"],"event_name":"Drug Dealer","player_choice":"Became Test Subject","floor":20.0,"gold_loss":0.0,"damage_taken":0.0,"cards_obtained":["Glacier","Core Surge"]},{"damage_healed":0.0,"max_hp_gain":0.0,"max_hp_loss":0.0,"gold_gain":0.0,"event_name":"The Library","player_choice":"Read","floor":21.0,"gold_loss":0.0,"damage_taken":0.0,"cards_obtained":["Doom and Gloom"]},{"damage_healed":0.0,"max_hp_gain":0.0,"max_hp_loss":0.0,"gold_gain":0.0,"event_name":"Masked Bandits","player_choice":"Fought Bandits","floor":22.0,"gold_loss":0.0,"damage_taken":0.0},{"damage_healed":0.0,"max_hp_gain":0.0,"max_hp_loss":39.0,"gold_gain":0.0,"event_name":"Ghosts","player_choice":"Became a Ghost","floor":29.0,"gold_loss":0.0,"damage_taken":0.0,"cards_obtained":["Ghostly","Ghostly","Ghostly"]},{"damage_healed":0.0,"max_hp_gain":0.0,"max_hp_loss":0.0,"gold_gain":0.0,"event_name":"Back to Basics","player_choice":"Simplicity","floor":30.0,"gold_loss":0.0,"damage_taken":0.0,"cards_upgraded":["Strike_B","Defend_B","Defend_B","Defend_B","Defend_B"]},{"damage_healed":0.0,"max_hp_gain":0.0,"max_hp_loss":0.0,"gold_gain":0.0,"event_name":"Mysterious Sphere","player_choice":"Fight","floor":37.0,"gold_loss":0.0,"damage_taken":0.0},{"cards_removed":["Ball Lightning"],"damage_healed":0.0,"max_hp_gain":0.0,"max_hp_loss":0.0,"gold_gain":0.0,"event_name":"Falling","player_choice":"Removed Attack","floor":44.0,"gold_loss":0.0,"damage_taken":0.0},{"damage_healed":0.0,"max_hp_gain":0.0,"max_hp_loss":0.0,"gold_gain":0.0,"event_name":"SensoryStone","player_choice":"Memory 1","floor":48.0,"gold_loss":0.0,"damage_taken":0.0}],"is_beta":true,"boss_relics":[{"not_picked":["Lizard Tail","Eternal Feather"],"picked":"Cursed Key"},{"not_picked":["Empty Cage","Black Star"],"picked":"Nuclear Battery"}],"items_purged_floors":[3,13],"is_endless":false,"potions_floor_spawned":[4,5,8,10,22,24,31,33,38,41,47],"ascension_level":20}