{"gold_per_floor":[114,124,49,63,63,63,90,90,90,149,159,176,176,76,76,181,181,195,184,184,5,5,30,30,30],"floor_reached":25,"playtime":842,"items_purged":["Strike_R","Strike_R","Strike_R"],"score":368,"play_id":"8f654bfb-92e7-40b9-8854-d9441f5232b2","local_time":"20190323012120","is_ascension_mode":true,"campfire_choices":[{"data":"Rampage","floor":6.0,"key":"SMITH"},{"data":"Feed","floor":8.0,"key":"SMITH"},{"floor":15.0,"key":"REST"},{"floor":24,"key":"REST"}],"neow_cost":"PERCENT_DAMAGE","seed_source_timestamp":172514769398837,"circlet_count":0,"master_deck":["Strike_R","Defend_R","Defend_R","Defend_R","Bash","Thunderclap","Rampage+1","Feed+1","Dropkick","Ghostly Armor","Inflame","Shrug It Off","Flex","Anger"],"special_seed":0,"relics":["Burning Blood","Unceasing Top","Singing Bowl","Red Skull","Orrery","MutagenicStrength","Centennial Puzzle"],"potions_floor_usage":[23],"damage_taken":[{"damage":11.0,"enemies":"2 Louse","floor":1.0,"turns":3.0},{"damage":10.0,"enemies":"Jaw Worm","floor":2.0,"turns":7.0},{"damage":7.0,"enemies":"Small Slimes","floor":4.0,"turns":3.0},{"damage":27.0,"enemies":"3 Sentries","floor":7.0,"turns":9.0},{"damage":44.0,"enemies":"Lagavulin Event","floor":10.0,"turns":6.0},{"damage":7.0,"enemies":"2 Fungi Beasts","floor":11.0,"turns":3.0},{"damage":8.0,"enemies":"Blue Slaver","floor":12.0,"turns":3.0},{"damage":20.0,"enemies":"Slime Boss","floor":16.0,"turns":7.0},{"damage":31.0,"enemies":"Spheric Guardian","floor":18.0,"turns":6.0},{"damage":26.0,"enemies":"2 Thieves","floor":19.0,"turns":4.0},{"damage":25,"enemies":"Book of Stabbing","floor":23,"turns":4},{"damage":44,"enemies":"Gremlin Leader","floor":25,"turns":4}],"seed_played":"-3641013525330854049","potions_obtained":[{"floor":2.0,"key":"PowerPotion"},{"floor":7.0,"key":"PowerPotion"},{"floor":11.0,"key":"AttackPotion"},{"floor":19.0,"key":"Weak Potion"}],"is_trial":false,"path_per_floor":["M","M","$","M","?","R","E","R","T","?","M","M","?","$","R","B",null,"M","M","?","$","?","E","R","E"],"character_chosen":"IRONCLAD","items_purchased":["Anger"],"campfire_rested":2,"item_purchase_floors":[21],"current_hp_per_floor":[46,42,42,41,67,67,46,46,46,10,15,19,19,19,47,39,85,62,48,48,48,26,9,43,0],"gold":30,"neow_bonus":"REMOVE_TWO","is_prod":false,"is_daily":false,"chose_seed":false,"campfire_upgraded":2,"win_rate":0,"timestamp":1553300480,"path_taken":["M","M","$","M","?","R","E","R","T","?","M","M","?","?","R","BOSS","M","M","?","$","?","E","R","E"],"build_version":"2019-01-23","purchased_purges":3,"victory":false,"max_hp_per_floor":[80,80,80,80,80,80,80,80,80,82,88,94,94,94,94,100,100,102,108,108,108,113,115,115,115],"card_choices":[{"not_picked":["Twin Strike","Dual Wield","Pummel"],"picked":"SKIP","floor":1.0},{"not_picked":["Shockwave","Body Slam"],"picked":"Thunderclap","floor":2.0},{"not_picked":["Rampage","Hemokinesis","Sword Boomerang"],"picked":"SKIP","floor":4.0},{"not_picked":["Hemokinesis","Sword Boomerang"],"picked":"Rampage","floor":4.0},{"not_picked":["Flame Barrier","Wild Strike"],"picked":"Feed","floor":7.0},{"not_picked":["Wild Strike","Inflame","Thunderclap"],"picked":"Singing Bowl","floor":10.0},{"not_picked":["Feel No Pain","Combust","Intimidate"],"picked":"Singing Bowl","floor":11.0},{"not_picked":["Clothesline","Blood for Blood","Havoc"],"picked":"Singing Bowl","floor":12.0},{"not_picked":["Reaper","Dark Embrace","Limit Break"],"picked":"Singing Bowl","floor":16.0},{"not_picked":["Fire Breathing","Clash"],"picked":"Dropkick","floor":17.0},{"not_picked":["Hemokinesis","Heavy Blade"],"picked":"Ghostly Armor","floor":17.0},{"not_picked":["Havoc","Anger"],"picked":"Inflame","floor":17.0},{"not_picked":["Perfected Strike","Sword Boomerang"],"picked":"Shrug It Off","floor":17.0},{"not_picked":["Iron Wave","Twin Strike"],"picked":"Flex","floor":17.0},{"not_picked":["Flame Barrier","Rupture","Battle Trance"],"picked":"Singing Bowl","floor":18.0},{"not_picked":["Shrug It Off","Cleave","Double Tap"],"picked":"Singing Bowl","floor":19.0},{"not_picked":["Twin Strike+1","Body Slam","Searing Blow"],"picked":"Singing Bowl","floor":23}],"player_experience":142562,"relics_obtained":[{"floor":7.0,"key":"Unceasing Top"},{"floor":9.0,"key":"Singing Bowl"},{"floor":10.0,"key":"Red Skull"},{"floor":23,"key":"Centennial Puzzle"}],"event_choices":[{"damage_healed":26.0,"max_hp_gain":0.0,"max_hp_loss":0.0,"gold_gain":0.0,"event_name":"Big Fish","player_choice":"Banana","floor":5.0,"gold_loss":0.0,"damage_taken":0.0},{"damage_healed":0.0,"max_hp_gain":0.0,"max_hp_loss":0.0,"gold_gain":30.0,"event_name":"Dead Adventurer","player_choice":"Searched \u00272\u0027 times","floor":10.0,"gold_loss":0.0,"damage_taken":0.0},{"damage_healed":0.0,"max_hp_gain":0.0,"max_hp_loss":0.0,"gold_gain":0.0,"event_name":"Shining Light","player_choice":"Ignored","floor":13.0,"gold_loss":0.0,"damage_taken":0.0},{"damage_healed":0.0,"max_hp_gain":0.0,"max_hp_loss":0.0,"gold_gain":0.0,"event_name":"Drug Dealer","player_choice":"Inject Mutagens","floor":20.0,"gold_loss":0.0,"damage_taken":0.0,"relics_obtained":["MutagenicStrength"]},{"damage_healed":0.0,"max_hp_gain":5.0,"max_hp_loss":0.0,"gold_gain":0.0,"event_name":"Forgotten Altar","player_choice":"Shed Blood","floor":22.0,"gold_loss":0.0,"damage_taken":27.0}],"is_beta":false,"boss_relics":[{"not_picked":["Ectoplasm","Philosopher\u0027s Stone"],"picked":"Orrery"}],"items_purged_floors":[3,14,21],"is_endless":false,"potions_floor_spawned":[2,7,11,19],"killed_by":"Gremlin Leader","ascension_level":9}