{"gold_per_floor":[117,117,133,145,170,204,219,219,219,219,231,261,274,294,294,392,392,402,402,17,29,0,0,125,160,160,160,160,194,194,204,204,302,302,320,41,57,72,72,101,113,125,125,139,165,184,184,208,208,208],"floor_reached":51,"playtime":46908,"items_purged":[],"score":759,"play_id":"19fd96c8-608d-4ae1-8446-3548df138599","local_time":"20190505122811","is_ascension_mode":false,"campfire_choices":[{"data":"Juggernaut","floor":8,"key":"SMITH"},{"floor":10,"key":"REST"},{"floor":15,"key":"REST"},{"data":"Transmutation","floor":23,"key":"SMITH"},{"floor":28,"key":"REST"},{"floor":30,"key":"REST"},{"floor":32,"key":"REST"},{"data":"Immolate","floor":49,"key":"SMITH"}],"neow_cost":"TEN_PERCENT_HP_LOSS","seed_source_timestamp":633690301372815,"circlet_count":0,"master_deck":["Strike_R","Strike_R","Defend_R","Defend_R","Defend_R","Defend_R","Bash","Heavy Blade","Juggernaut+1","Entrench","Inflame","Evolve","Body Slam","Flame Barrier","Armaments","Intimidate","Impervious","Bloodletting","Exhume","Feel No Pain","Battle Trance","Transmutation+1","Cleave","Feel No Pain+1","Metallicize+1","True Grit","Rage+1","Flame Barrier","True Grit+1","Immolate+1","Heavy Blade","Feel No Pain+1"],"relics":["Black Blood","FossilizedHelix","Vajra","Ornamental Fan","Ginger","Dodecahedron","Busted Crown","Bird Faced Urn","Frozen Egg 2","Mummified Hand","Darkstone Periapt","Letter Opener","Medical Kit","Prayer Wheel","Bottled Flame","Blood Vial","Ancient Tea Set"],"potions_floor_usage":[12,16,16,24,24,25,38,38,40,41,42,50],"damage_taken":[{"damage":0,"enemies":"Small Slimes","floor":1,"turns":3},{"damage":13,"enemies":"Jaw Worm","floor":3,"turns":6},{"damage":0,"enemies":"Cultist","floor":4,"turns":4},{"damage":40,"enemies":"3 Sentries","floor":6,"turns":9},{"damage":0,"enemies":"Looter","floor":7,"turns":4},{"damage":3,"enemies":"Red Slaver","floor":11,"turns":4},{"damage":17,"enemies":"Lagavulin","floor":12,"turns":7},{"damage":7,"enemies":"Blue Slaver","floor":13,"turns":4},{"damage":7,"enemies":"3 Louse","floor":14,"turns":4},{"damage":31,"enemies":"Hexaghost","floor":16,"turns":11},{"damage":0,"enemies":"Chosen","floor":18,"turns":4},{"damage":6,"enemies":"Shell Parasite","floor":21,"turns":6},{"damage":0,"enemies":"Colosseum Slavers","floor":24,"turns":3},{"damage":0,"enemies":"Colosseum Nobs","floor":24,"turns":5},{"damage":32,"enemies":"Slavers","floor":25,"turns":5},{"damage":20,"enemies":"Book of Stabbing","floor":29,"turns":5},{"damage":17,"enemies":"Snake Plant","floor":31,"turns":4},{"damage":11,"enemies":"Collector","floor":33,"turns":7},{"damage":0,"enemies":"Orb Walker","floor":35,"turns":3},{"damage":5,"enemies":"3 Shapes","floor":37,"turns":4},{"damage":20,"enemies":"3 Darklings","floor":38,"turns":4},{"damage":0,"enemies":"Nemesis","floor":40,"turns":7},{"damage":33,"enemies":"Transient","floor":41,"turns":5},{"damage":1,"enemies":"Maw","floor":42,"turns":8},{"damage":12,"enemies":"4 Shapes","floor":44,"turns":5},{"damage":0,"enemies":"Giant Head","floor":45,"turns":7},{"damage":0,"enemies":"3 Darklings","floor":46,"turns":4},{"damage":73,"enemies":"Awakened One","floor":50,"turns":14}],"seed_played":"7449933521853334932","potions_obtained":[{"floor":3,"key":"Block Potion"},{"floor":7,"key":"GamblersBrew"},{"floor":11,"key":"EssenceOfSteel"},{"floor":12,"key":"Poison Potion"},{"floor":18,"key":"Weak Potion"},{"floor":21,"key":"Swift Potion"},{"floor":29,"key":"Strength Potion"},{"floor":33,"key":"GamblersBrew"},{"floor":35,"key":"PowerPotion"},{"floor":37,"key":"Regen Potion"},{"floor":38,"key":"PowerPotion"},{"floor":41,"key":"FearPotion"},{"floor":46,"key":"Explosive Potion"}],"is_trial":false,"path_per_floor":["M","?","M","M","T","E","M","R","T","R","M","E","M","M","R","B",null,"M","?","$","M","?","R","?","E","T","?","R","E","R","M","R","B",null,"M","$","M","M","?","E","M","M","T","M","E","M","?","T","R","B",null],"character_chosen":"IRONCLAD","items_purchased":["Feel No Pain","Battle Trance","Block Potion","Transmutation","Medical Kit","Feel No Pain+1"],"campfire_rested":5,"item_purchase_floors":[20,20,20,20,36,36],"current_hp_per_floor":[72,72,65,71,71,37,43,43,43,64,67,56,55,54,72,47,72,72,72,72,72,72,72,72,50,50,50,71,63,72,67,72,67,72,72,72,72,69,69,72,53,72,72,72,72,72,72,72,72,17],"gold":208,"neow_bonus":"ONE_RARE_RELIC","is_prod":false,"is_daily":false,"chose_seed":false,"campfire_upgraded":3,"win_rate":0.0,"timestamp":1557073691,"path_taken":["M","?","M","M","?","E","M","R","T","R","?","E","M","M","R","BOSS","M","?","$","?","?","R","?","E","T","?","R","E","R","M","R","BOSS","M","$","M","M","?","E","M","M","T","?","E","M","?","?","R","BOSS"],"build_version":"2019-01-23","purchased_purges":0,"victory":true,"max_hp_per_floor":[72,72,72,72,72,72,72,72,72,72,72,72,72,72,72,72,72,72,72,72,72,72,72,72,72,72,72,72,72,72,72,72,72,72,72,72,72,72,72,72,72,72,72,72,72,72,72,72,72,72],"card_choices":[{"not_picked":["True Grit","Cleave"],"picked":"Heavy Blade","floor":1},{"not_picked":["Heavy Blade","Carnage"],"picked":"Entrench","floor":3},{"not_picked":["Perfected Strike","Sword Boomerang"],"picked":"Inflame","floor":4},{"not_picked":["Headbutt","Feel No Pain","Dark Embrace"],"picked":"SKIP","floor":6},{"not_picked":["Warcry","Perfected Strike"],"picked":"Evolve","floor":7},{"not_picked":["Entrench","Spot Weakness"],"picked":"Body Slam","floor":11},{"not_picked":["Carnage","Body Slam"],"picked":"Flame Barrier","floor":12},{"not_picked":["Hemokinesis","Shrug It Off"],"picked":"Armaments","floor":13},{"not_picked":["True Grit","Warcry"],"picked":"Intimidate","floor":14},{"not_picked":["Fiend Fire","Exhume"],"picked":"Impervious","floor":16},{"not_picked":[],"picked":"Bloodletting","floor":18},{"not_picked":[],"picked":"Cleave","floor":21},{"not_picked":["Sword Boomerang"],"picked":"SKIP","floor":25},{"not_picked":[],"picked":"Anger","floor":29},{"not_picked":["Sword Boomerang+1"],"picked":"SKIP","floor":31},{"not_picked":["Headbutt+1"],"picked":"SKIP","floor":35},{"not_picked":[],"picked":"Metallicize+1","floor":37},{"not_picked":[],"picked":"True Grit","floor":38},{"not_picked":[],"picked":"Rage+1","floor":40},{"not_picked":[],"picked":"Flame Barrier","floor":41},{"not_picked":[],"picked":"True Grit+1","floor":41},{"not_picked":[],"picked":"Immolate","floor":42},{"not_picked":["Thunderclap"],"picked":"SKIP","floor":42},{"not_picked":["Thunderclap+1"],"picked":"SKIP","floor":44},{"not_picked":["Heavy Blade"],"picked":"SKIP","floor":44},{"not_picked":["Warcry"],"picked":"SKIP","floor":45},{"not_picked":[],"picked":"Heavy Blade","floor":46},{"not_picked":[],"picked":"Feel No Pain+1","floor":46}],"player_experience":228412,"relics_obtained":[{"floor":5,"key":"Vajra"},{"floor":6,"key":"Ornamental Fan"},{"floor":9,"key":"Ginger"},{"floor":12,"key":"Dodecahedron"},{"floor":24,"key":"Bird Faced Urn"},{"floor":24,"key":"Frozen Egg 2"},{"floor":25,"key":"Mummified Hand"},{"floor":26,"key":"Darkstone Periapt"},{"floor":29,"key":"Letter Opener"},{"floor":40,"key":"Prayer Wheel"},{"floor":43,"key":"Bottled Flame"},{"floor":45,"key":"Blood Vial"},{"floor":48,"key":"Ancient Tea Set"}],"event_choices":[{"damage_healed":0,"gold_gain":0,"cards_transformed":["Strike_R"],"player_choice":"Change","damage_taken":0,"max_hp_gain":0,"max_hp_loss":0,"event_name":"Living Wall","floor":2,"gold_loss":0,"cards_obtained":["Juggernaut"]},{"damage_healed":0,"gold_gain":0,"cards_transformed":["Strike_R"],"player_choice":"Transformed","damage_taken":0,"max_hp_gain":0,"max_hp_loss":0,"event_name":"Transmorgrifier","floor":19,"gold_loss":0,"cards_obtained":["Exhume"]},{"damage_healed":0,"gold_gain":0,"player_choice":"Paid Fearfully","damage_taken":0,"max_hp_gain":0,"max_hp_loss":0,"event_name":"Masked Bandits","floor":22,"gold_loss":29},{"damage_healed":0,"gold_gain":0,"player_choice":"Fight","damage_taken":0,"max_hp_gain":0,"max_hp_loss":0,"event_name":"Colosseum","floor":24,"gold_loss":0},{"damage_healed":0,"gold_gain":0,"player_choice":"Fought Nobs","damage_taken":0,"max_hp_gain":0,"max_hp_loss":0,"event_name":"Colosseum","floor":24,"gold_loss":0},{"damage_healed":0,"gold_gain":0,"player_choice":"Ignored","damage_taken":0,"max_hp_gain":0,"max_hp_loss":0,"event_name":"Vampires","floor":27,"gold_loss":0},{"cards_removed":["Strike_R"],"damage_healed":0,"gold_gain":0,"player_choice":"Offered Basic","damage_taken":0,"max_hp_gain":0,"max_hp_loss":0,"event_name":"Bonfire Elementals","floor":39,"gold_loss":0},{"cards_removed":["Anger"],"damage_healed":0,"gold_gain":0,"player_choice":"Removed Attack","damage_taken":0,"max_hp_gain":0,"max_hp_loss":0,"event_name":"Falling","floor":47,"gold_loss":0}],"is_beta":false,"boss_relics":[{"not_picked":["Snecko Eye","Astrolabe"],"picked":"Busted Crown"},{"not_picked":["Tiny House","White Beast Statue"],"picked":"Black Blood"}],"items_purged_floors":[],"is_endless":false,"potions_floor_spawned":[3,7,11,12,14,18,21,29,33,35,37,38,41,46],"ascension_level":0}