{"gold_per_floor":[112,122,138,63,32,57,57,88,114,145,145,145,145,162,162,162],"floor_reached":16,"playtime":851,"items_purged":["Parasite"],"score":144,"play_id":"49e2f75e-e724-4d12-aa18-a9f3427bd74b","local_time":"20190629231036","is_ascension_mode":true,"campfire_choices":[{"data":"Iron Wave","floor":7,"key":"SMITH"},{"floor":11,"key":"REST"},{"data":"Blood for Blood","floor":13,"key":"SMITH"},{"data":"Armaments","floor":15,"key":"SMITH"}],"neow_cost":"CURSE","seed_source_timestamp":1284901412578898,"circlet_count":0,"master_deck":["Strike_R","Strike_R","Strike_R","Strike_R","Strike_R","Defend_R","Defend_R","Defend_R","Defend_R","Bash","Pommel Strike","Iron Wave+1","Blood for Blood+1","Cleave","Armaments+1","Ghostly Armor"],"relics":["Burning Blood","Boot","Bag of Preparation","Centennial Puzzle","Potion Belt"],"potions_floor_usage":[5,6,8,16,16],"damage_taken":[{"damage":7,"enemies":"Small Slimes","floor":1,"turns":4},{"damage":2,"enemies":"Jaw Worm","floor":2,"turns":3},{"damage":6,"enemies":"Cultist","floor":3,"turns":3},{"damage":20,"enemies":"Exordium Thugs","floor":5,"turns":5},{"damage":38,"enemies":"Lagavulin","floor":6,"turns":8},{"damage":17,"enemies":"Gremlin Nob","floor":8,"turns":4},{"damage":20,"enemies":"3 Sentries","floor":10,"turns":6},{"damage":0,"enemies":"Large Slime","floor":14,"turns":5},{"damage":40,"enemies":"The Guardian","floor":16,"turns":14}],"seed_played":"7563964716330714117","potions_obtained":[{"floor":1,"key":"Dexterity Potion"},{"floor":2,"key":"Swift Potion"},{"floor":5,"key":"AttackPotion"},{"floor":10,"key":"GamblersBrew"},{"floor":14,"key":"Explosive Potion"}],"is_trial":false,"path_per_floor":["M","M","M","$","M","E","R","E","T","E","R","?","R","M","R","B"],"character_chosen":"IRONCLAD","items_purchased":[],"campfire_rested":1,"item_purchase_floors":[],"current_hp_per_floor":[95,96,96,93,79,47,47,36,36,22,49,49,49,55,55,15],"gold":162,"neow_bonus":"TWENTY_PERCENT_HP_BONUS","is_prod":false,"is_daily":false,"chose_seed":false,"campfire_upgraded":3,"win_rate":0,"timestamp":1561875036,"path_taken":["M","M","M","$","M","E","R","E","T","E","R","?","R","M","R","BOSS"],"build_version":"2019-01-23","purchased_purges":1,"victory":false,"max_hp_per_floor":[96,96,96,93,93,93,93,93,93,93,93,93,93,93,93,93],"card_choices":[{"not_picked":["Shockwave","Spot Weakness"],"picked":"Pommel Strike","floor":1},{"not_picked":["Wild Strike","Thunderclap"],"picked":"Iron Wave","floor":2},{"not_picked":["Corruption","Sentinel","Clash"],"picked":"SKIP","floor":3},{"not_picked":["Perfected Strike","Rage"],"picked":"Blood for Blood","floor":5},{"not_picked":["Exhume","Evolve","Clash"],"picked":"SKIP","floor":6},{"not_picked":["Flex","Heavy Blade"],"picked":"Cleave","floor":8},{"not_picked":["Wild Strike","Headbutt"],"picked":"Armaments","floor":10},{"not_picked":["Armaments","Sever Soul"],"picked":"Ghostly Armor","floor":14}],"player_experience":517998,"relics_obtained":[{"floor":6,"key":"Boot"},{"floor":8,"key":"Bag of Preparation"},{"floor":9,"key":"Centennial Puzzle"},{"floor":10,"key":"Potion Belt"}],"event_choices":[{"damage_healed":0,"gold_gain":0,"player_choice":"Ignored","damage_taken":0,"max_hp_gain":0,"max_hp_loss":0,"event_name":"Liars Game","floor":12,"gold_loss":0}],"is_beta":false,"boss_relics":[],"items_purged_floors":[4],"is_endless":false,"potions_floor_spawned":[1,2,5,10,14],"killed_by":"The Guardian","ascension_level":4}