{"gold_per_floor":[112,127,141,141,161,161,189,189,215,245,257,257,68,80,80,80],"floor_reached":16,"playtime":538,"items_purged":["Strike_R"],"score":218,"play_id":"e5133f67-13a3-4173-b348-d88dc610c5fb","local_time":"20190523224605","is_ascension_mode":true,"campfire_choices":[{"data":"Pommel Strike","floor":6,"key":"SMITH"},{"data":"Pommel Strike","floor":8,"key":"SMITH"},{"data":"Searing Blow","floor":12,"key":"SMITH"},{"floor":15,"key":"REST"}],"neow_cost":"NONE","seed_source_timestamp":535932490871713,"circlet_count":0,"master_deck":["AscendersBane","Strike_R","Strike_R","Strike_R+1","Strike_R+1","Defend_R","Defend_R","Defend_R","Defend_R","Bash","Forethought","Pommel Strike+1","Heavy Blade","Rupture","Pommel Strike+1","Searing Blow+1","Shockwave","Flame Barrier","True Grit","Infernal Blade"],"relics":["Burning Blood","Strawberry","Red Skull","Whetstone"],"potions_floor_usage":[5,7,10,11,16],"damage_taken":[{"damage":7,"enemies":"Cultist","floor":1,"turns":4},{"damage":8,"enemies":"2 Louse","floor":2,"turns":2},{"damage":5,"enemies":"Small Slimes","floor":3,"turns":5},{"damage":10,"enemies":"3 Louse","floor":5,"turns":4},{"damage":52,"enemies":"Gremlin Nob","floor":7,"turns":5},{"damage":26,"enemies":"3 Sentries","floor":10,"turns":7},{"damage":13,"enemies":"Exordium Thugs","floor":11,"turns":3},{"damage":6,"enemies":"Large Slime","floor":14,"turns":5},{"damage":38,"enemies":"Hexaghost","floor":16,"turns":9}],"seed_played":"924009269997677230","potions_obtained":[{"floor":1,"key":"Dexterity Potion"},{"floor":3,"key":"AttackPotion"},{"floor":5,"key":"Block Potion"},{"floor":7,"key":"BloodPotion"},{"floor":14,"key":"Weak Potion"}],"is_trial":false,"path_per_floor":["M","M","M","?","M","R","E","R","T","E","M","R","$","M","R","B"],"character_chosen":"IRONCLAD","items_purchased":["Flame Barrier","True Grit"],"campfire_rested":1,"item_purchase_floors":[13,13],"current_hp_per_floor":[67,65,66,71,67,67,28,28,28,8,9,9,9,9,35,0],"gold":80,"neow_bonus":"RANDOM_COLORLESS","is_prod":false,"is_daily":false,"chose_seed":false,"campfire_upgraded":3,"win_rate":0,"timestamp":1558644365,"path_taken":["M","M","?","?","M","R","E","R","T","E","M","R","$","M","R","BOSS"],"build_version":"2019-01-23","purchased_purges":1,"victory":false,"max_hp_per_floor":[75,75,75,80,80,80,87,87,87,87,87,87,87,87,87,87],"card_choices":[{"not_picked":["Wild Strike","Sentinel"],"picked":"Pommel Strike","floor":1},{"not_picked":["Flex","Sentinel"],"picked":"Heavy Blade","floor":2},{"not_picked":["Havoc","Thunderclap"],"picked":"Rupture","floor":3},{"not_picked":["Anger","Evolve","Second Wind"],"picked":"SKIP","floor":5},{"not_picked":["Hemokinesis","Twin Strike"],"picked":"Pommel Strike","floor":7},{"not_picked":["Warcry","Second Wind"],"picked":"Searing Blow","floor":10},{"not_picked":["Anger","Blood for Blood"],"picked":"Shockwave","floor":11},{"not_picked":["Flex","Body Slam"],"picked":"Infernal Blade","floor":14}],"player_experience":374054,"relics_obtained":[{"floor":7,"key":"Strawberry"},{"floor":9,"key":"Red Skull"},{"floor":10,"key":"Whetstone"}],"event_choices":[{"damage_healed":0,"gold_gain":0,"player_choice":"Donut","damage_taken":0,"max_hp_gain":5,"max_hp_loss":0,"event_name":"Big Fish","floor":4,"gold_loss":0}],"is_beta":false,"boss_relics":[],"items_purged_floors":[13],"is_endless":false,"potions_floor_spawned":[1,3,5,7,14],"killed_by":"Hexaghost","ascension_level":19}