{"gold_per_floor":[368,293,293,304,315,344,356,356,383,418,418,223,243,243,243,347,347,360,360,372,372,247,247,264,289,342,257,269,119,119,134,134,235,235,251,270,95,143,143,170,183,208,508,526,526,538,557,12,12,12],"floor_reached":51,"playtime":2099,"items_purged":["Strike_R","Strike_R","Strike_R","Defend_R","Searing Blow","Fiend Fire"],"score":862,"play_id":"3b722e80-6929-4193-99e0-cc84ddbd241f","local_time":"20190408225637","is_ascension_mode":false,"campfire_choices":[{"floor":8,"key":"REST"},{"data":"Bash","floor":11,"key":"SMITH"},{"floor":15,"key":"REST"},{"data":"Fire Breathing","floor":23,"key":"SMITH"},{"data":"Dropkick","floor":32,"key":"SMITH"},{"data":"Shockwave","floor":45,"key":"SMITH"},{"floor":49,"key":"REST"}],"neow_cost":"TEN_PERCENT_HP_LOSS","seed_source_timestamp":877774716878398,"circlet_count":0,"master_deck":["Bash+1","Dropkick+1","Dropkick+1","Fire Breathing+1","Shockwave+1"],"relics":["Burning Blood","Lantern","Oddly Smooth Stone","Regal Pillow","Runic Pyramid","WingedGreaves","Whetstone","Happy Flower","Pandora\u0027s Box","Pocketwatch","Dead Branch","Pen Nib","Old Coin","Lee\u0027s Waffle","Centennial Puzzle"],"potions_floor_usage":[6,10,16,25,38],"damage_taken":[{"damage":6,"enemies":"Cultist","floor":1,"turns":3},{"damage":5,"enemies":"Small Slimes","floor":4,"turns":3},{"damage":11,"enemies":"Jaw Worm","floor":5,"turns":3},{"damage":34,"enemies":"3 Sentries","floor":6,"turns":10},{"damage":29,"enemies":"Large Slime","floor":7,"turns":8},{"damage":6,"enemies":"Lagavulin","floor":10,"turns":7},{"damage":1,"enemies":"3 Louse","floor":13,"turns":3},{"damage":66,"enemies":"The Guardian","floor":16,"turns":12},{"damage":0,"enemies":"Chosen","floor":18,"turns":2},{"damage":36,"enemies":"Spheric Guardian","floor":20,"turns":5},{"damage":0,"enemies":"Chosen and Byrds","floor":24,"turns":3},{"damage":12,"enemies":"Slavers","floor":25,"turns":3},{"damage":15,"enemies":"Snecko","floor":28,"turns":4},{"damage":0,"enemies":"3 Cultists","floor":31,"turns":2},{"damage":6,"enemies":"Champ","floor":33,"turns":2},{"damage":0,"enemies":"3 Darklings","floor":35,"turns":2},{"damage":7,"enemies":"Orb Walker","floor":36,"turns":2},{"damage":6,"enemies":"2 Orb Walkers","floor":38,"turns":2},{"damage":12,"enemies":"Nemesis","floor":40,"turns":3},{"damage":0,"enemies":"Spire Growth","floor":41,"turns":1},{"damage":0,"enemies":"Giant Head","floor":42,"turns":1},{"damage":0,"enemies":"Writhing Mass","floor":44,"turns":1},{"damage":10,"enemies":"Sphere and 2 Shapes","floor":46,"turns":3},{"damage":3,"enemies":"4 Shapes","floor":47,"turns":1},{"damage":20,"enemies":"Donu and Deca","floor":50,"turns":2}],"seed_played":"7451106689977262778","potions_obtained":[{"floor":1,"key":"Strength Potion"},{"floor":7,"key":"PowerPotion"},{"floor":13,"key":"Weak Potion"},{"floor":16,"key":"Fire Potion"},{"floor":25,"key":"Ancient Potion"},{"floor":28,"key":"Block Potion"},{"floor":35,"key":"Regen Potion"},{"floor":46,"key":"AttackPotion"},{"floor":47,"key":"PowerPotion"}],"is_trial":false,"path_per_floor":["M","$","?","M","M","E","M","R","T","E","R","$","M","?","R","B",null,"M","?","M","?","$","R","M","E","T","?","M","$","?","M","R","B",null,"M","M","$","?","?","E","M","E","T","M","R","M","M","$","R","B",null],"character_chosen":"IRONCLAD","items_purchased":["FairyPotion","Lee\u0027s Waffle","Centennial Puzzle"],"campfire_rested":3,"item_purchase_floors":[12,48,48],"current_hp_per_floor":[72,72,65,66,61,33,10,31,31,31,31,31,36,36,72,12,72,72,72,42,42,42,42,48,42,42,42,33,33,20,26,26,26,77,77,76,76,76,76,70,76,77,77,77,77,73,76,84,84,70],"gold":12,"neow_bonus":"TWO_FIFTY_GOLD","is_prod":false,"is_daily":false,"chose_seed":false,"campfire_upgraded":4,"win_rate":0,"timestamp":1554756997,"path_taken":["M","$","?","M","M","E","M","R","T","E","R","$","M","?","R","BOSS","M","?","M","?","$","R","M","E","T","?","?","$","?","M","R","BOSS","M","M","$","?","?","E","M","E","T","?","R","M","M","$","R","BOSS"],"build_version":"2019-01-23","purchased_purges":6,"victory":true,"max_hp_per_floor":[72,72,72,72,72,72,72,72,72,72,72,72,72,72,72,72,72,72,72,72,72,72,72,72,72,72,72,72,72,77,77,77,77,77,77,77,77,77,77,77,77,77,77,77,77,77,77,84,84,84],"card_choices":[{"not_picked":["Headbutt","Wild Strike"],"picked":"Dropkick","floor":1},{"not_picked":["Fire Breathing","Twin Strike","Clash"],"picked":"SKIP","floor":4},{"not_picked":["Second Wind","Twin Strike","Battle Trance"],"picked":"SKIP","floor":5},{"not_picked":["Rampage","Heavy Blade","True Grit"],"picked":"SKIP","floor":6},{"not_picked":["Sentinel","Sword Boomerang","Havoc"],"picked":"SKIP","floor":7},{"not_picked":["Seeing Red","Second Wind"],"picked":"Dropkick","floor":10},{"not_picked":["Searing Blow","Disarm","Sentinel"],"picked":"SKIP","floor":13},{"not_picked":["True Grit","Havoc","Feel No Pain"],"picked":"SKIP","floor":18},{"not_picked":["Rupture","True Grit+1"],"picked":"Shockwave","floor":20},{"not_picked":["Inflame","Pommel Strike","Sword Boomerang"],"picked":"SKIP","floor":24},{"not_picked":["Shockwave","Double Tap","Headbutt"],"picked":"SKIP","floor":25},{"not_picked":["Armaments","Hemokinesis","Flex"],"picked":"SKIP","floor":28},{"not_picked":["Warcry","Perfected Strike","Clash+1"],"picked":"SKIP","floor":31},{"not_picked":["Hemokinesis+1","Headbutt","Body Slam+1"],"picked":"SKIP","floor":35},{"not_picked":["Havoc","Iron Wave","True Grit"],"picked":"SKIP","floor":36},{"not_picked":["Wild Strike","True Grit","Clash"],"picked":"SKIP","floor":40},{"not_picked":["Twin Strike","Bludgeon","Seeing Red"],"picked":"SKIP","floor":41},{"not_picked":["Cleave+1","Shrug It Off","Thunderclap+1"],"picked":"SKIP","floor":42},{"not_picked":["Body Slam+1","Flex+1","Thunderclap+1"],"picked":"SKIP","floor":44},{"not_picked":["Clothesline+1","Sword Boomerang+1","Body Slam+1"],"picked":"SKIP","floor":46},{"not_picked":["Heavy Blade+1","Fire Breathing","Pummel"],"picked":"SKIP","floor":47}],"player_experience":223068,"relics_obtained":[{"floor":6,"key":"Lantern"},{"floor":9,"key":"Oddly Smooth Stone"},{"floor":10,"key":"Regal Pillow"},{"floor":25,"key":"WingedGreaves"},{"floor":26,"key":"Whetstone"},{"floor":38,"key":"Pocketwatch"},{"floor":40,"key":"Dead Branch"},{"floor":42,"key":"Pen Nib"},{"floor":43,"key":"Old Coin"}],"event_choices":[{"cards_removed":["Defend_R"],"damage_healed":0,"gold_gain":0,"player_choice":"Card Removal","damage_taken":7,"max_hp_gain":0,"max_hp_loss":0,"event_name":"Golden Wing","floor":3,"gold_loss":0},{"cards_removed":["Strike_R"],"damage_healed":0,"gold_gain":0,"player_choice":"Forget","damage_taken":0,"max_hp_gain":0,"max_hp_loss":0,"event_name":"Living Wall","floor":14,"gold_loss":0},{"damage_healed":0,"gold_gain":0,"player_choice":"Read","damage_taken":0,"max_hp_gain":0,"max_hp_loss":0,"event_name":"The Library","floor":19,"gold_loss":0,"cards_obtained":["Fire Breathing"]},{"damage_healed":0,"gold_gain":0,"player_choice":"Ignored","damage_taken":0,"max_hp_gain":0,"max_hp_loss":0,"event_name":"Ghosts","floor":21,"gold_loss":0},{"damage_healed":0,"gold_gain":0,"player_choice":"Obtained Relic","damage_taken":0,"relics_obtained":["Happy Flower"],"max_hp_gain":0,"max_hp_loss":0,"event_name":"Addict","floor":27,"gold_loss":85},{"damage_healed":0,"gold_gain":0,"player_choice":"Shed Blood","damage_taken":18,"max_hp_gain":5,"max_hp_loss":0,"event_name":"Forgotten Altar","floor":30,"gold_loss":0},{"damage_healed":0,"gold_gain":0,"player_choice":"Fight","damage_taken":0,"max_hp_gain":0,"max_hp_loss":0,"event_name":"Mysterious Sphere","floor":38,"gold_loss":0},{"cards_removed":["Cleave"],"damage_healed":0,"gold_gain":0,"player_choice":"Purged","damage_taken":0,"max_hp_gain":0,"max_hp_loss":0,"event_name":"Purifier","floor":39,"gold_loss":0}],"is_beta":false,"boss_relics":[{"not_picked":["Runic Dome","Calling Bell"],"picked":"Runic Pyramid"},{"not_picked":["Cursed Key","Snecko Eye"],"picked":"Pandora\u0027s Box"}],"items_purged_floors":[2,12,22,29,37,48],"is_endless":false,"potions_floor_spawned":[1,7,13,16,25,28,35,46,47],"ascension_level":0}