{"gold_per_floor":[113,113,128,144,66,91,91,117,117,117,117,161,161,111,111,234,234,248,248,74,173,98,132,132,150,150,186,186,201,224,248,248,373,373,397,397,410,55,68,68,84,84,84,38,61,86,110,123,123,123],"floor_reached":51,"playtime":2701,"items_purged":["Strike_R"],"score":1073,"play_id":"229be7c0-a565-4c26-846b-0dbe8d12cbb4","local_time":"20190622221440","is_ascension_mode":true,"campfire_choices":[{"data":"Metallicize","floor":7.0,"key":"SMITH"},{"floor":10.0,"key":"REST"},{"floor":15.0,"key":"REST"},{"data":"Demon Form","floor":24.0,"key":"SMITH"},{"data":"Juggernaut","floor":32.0,"key":"SMITH"},{"data":"Metallicize","floor":40.0,"key":"SMITH"},{"data":"Heavy Blade","floor":42.0,"key":"SMITH"},{"data":"Body Slam","floor":49.0,"key":"SMITH"}],"neow_cost":"NONE","seed_source_timestamp":177258517143310,"circlet_count":0,"master_deck":["AscendersBane","Strike_R","Strike_R","Defend_R","Defend_R","Defend_R","Defend_R","Bash","Demon Form+1","Pommel Strike","Cleave","Metallicize+1","Reaper","Shrug It Off+1","Juggernaut+1","Flame Barrier+1","Armaments+1","Clothesline+1","Entrench+1","Shrug It Off+1","Seeing Red+1","Feed","Metallicize+1","Shrug It Off+1","Parasite","Searing Blow+1","Heavy Blade+1","True Grit+1","Body Slam+1","Flex+1","Body Slam+1"],"special_seed":0,"relics":["Burning Blood","Blue Candle","Pear","Toxic Egg 2","Golden Idol","Oddly Smooth Stone","Paper Frog","Coffee Dripper","Bronze Scales","Centennial Puzzle","Sundial","Shuriken","PreservedInsect","Runic Pyramid","Calipers","Pocketwatch"],"potions_floor_usage":[50,50,50],"damage_taken":[{"damage":12.0,"enemies":"2 Louse","floor":1.0,"turns":3.0},{"damage":1.0,"enemies":"Small Slimes","floor":3.0,"turns":5.0},{"damage":8.0,"enemies":"Jaw Worm","floor":4.0,"turns":5.0},{"damage":32.0,"enemies":"3 Sentries","floor":6.0,"turns":9.0},{"damage":35.0,"enemies":"Gremlin Nob","floor":8.0,"turns":5.0},{"damage":43.0,"enemies":"3 Sentries","floor":12.0,"turns":8.0},{"damage":48.0,"enemies":"Slime Boss","floor":16.0,"turns":9.0},{"damage":0.0,"enemies":"Chosen","floor":18.0,"turns":4.0},{"damage":41.0,"enemies":"Book of Stabbing","floor":23.0,"turns":5.0},{"damage":6.0,"enemies":"3 Byrds","floor":25.0,"turns":4.0},{"damage":26.0,"enemies":"Slavers","floor":27.0,"turns":5.0},{"damage":10.0,"enemies":"Snake Plant","floor":29.0,"turns":5.0},{"damage":6.0,"enemies":"3 Cultists","floor":30.0,"turns":5.0},{"damage":20.0,"enemies":"Snecko","floor":31.0,"turns":4.0},{"damage":19.0,"enemies":"Champ","floor":33.0,"turns":9.0},{"damage":4.0,"enemies":"3 Shapes","floor":35.0,"turns":5.0},{"damage":19.0,"enemies":"3 Darklings","floor":37.0,"turns":6.0},{"damage":5.0,"enemies":"Writhing Mass","floor":39.0,"turns":8.0},{"damage":72.0,"enemies":"Sphere and 2 Shapes","floor":41.0,"turns":5.0},{"damage":23.0,"enemies":"Transient","floor":45.0,"turns":5.0},{"damage":18.0,"enemies":"Writhing Mass","floor":46.0,"turns":8.0},{"damage":13.0,"enemies":"Jaw Worm Horde","floor":47.0,"turns":6.0},{"damage":2.0,"enemies":"4 Shapes","floor":48.0,"turns":9.0},{"damage":35,"enemies":"Time Eater","floor":50,"turns":11}],"seed_played":"-1124069039481486872","potions_obtained":[{"floor":4.0,"key":"Swift Potion"},{"floor":12.0,"key":"Explosive Potion"},{"floor":16.0,"key":"SneckoOil"},{"floor":25.0,"key":"Weak Potion"},{"floor":27.0,"key":"SteroidPotion"},{"floor":31.0,"key":"FairyPotion"},{"floor":36.0,"key":"Poison Potion"},{"floor":46.0,"key":"Dexterity Potion"}],"is_trial":false,"path_per_floor":["M","?","M","M","$","E","R","E","T","R","?","E","?","?","R","B",null,"M","?","$","?","$","E","R","M","T","E","T","M","M","M","R","B",null,"M","?","M","$","M","R","M","R","T","$","M","M","M","M","R","B",null],"character_chosen":"IRONCLAD","items_purchased":["Metallicize","Bronze Scales","Armaments+1","Calipers","Shrug It Off+1","True Grit+1"],"campfire_rested":2,"item_purchase_floors":[5,20,20,38,38,44],"current_hp_per_floor":[66,66,71,69,69,43,43,24,24,51,51,32,29,29,53,43,73,79,79,79,79,79,44,44,50,50,48,48,44,44,34,34,30,70,87,87,86,86,91,91,33,33,33,33,16,15,10,35,35,15],"gold":123,"neow_bonus":"TRANSFORM_CARD","is_prod":false,"is_daily":false,"chose_seed":false,"campfire_upgraded":6,"win_rate":0,"timestamp":1561259680,"path_taken":["M","?","M","M","$","E","R","E","T","R","?","E","?","?","R","BOSS","M","?","$","?","?","E","R","?","T","E","?","M","?","M","R","BOSS","M","?","M","$","M","R","M","R","T","$","M","?","M","M","R","BOSS"],"build_version":"2019-01-23","purchased_purges":1,"victory":true,"max_hp_per_floor":[80,80,80,80,80,80,80,90,90,90,83,83,83,83,83,83,83,83,83,83,83,83,83,83,83,83,83,83,83,83,83,83,83,83,87,87,87,87,91,91,95,95,95,95,95,95,95,99,99,99],"card_choices":[{"not_picked":["Perfected Strike","Sever Soul","Thunderclap"],"picked":"SKIP","floor":1.0},{"not_picked":["Searing Blow","Anger"],"picked":"Pommel Strike","floor":3.0},{"not_picked":["Anger","Evolve"],"picked":"Cleave","floor":4.0},{"not_picked":["Headbutt","Dropkick"],"picked":"Reaper","floor":6.0},{"not_picked":["Intimidate","Corruption","Pommel Strike"],"picked":"SKIP","floor":8.0},{"not_picked":["Perfected Strike","Pommel Strike"],"picked":"Shrug It Off+1","floor":12.0},{"not_picked":["Immolate","Offering+1"],"picked":"Juggernaut","floor":16.0},{"not_picked":["Combust","Iron Wave"],"picked":"Flame Barrier+1","floor":18.0},{"not_picked":["Clash","Perfected Strike","Wild Strike"],"picked":"SKIP","floor":23.0},{"not_picked":["Thunderclap","Reckless Charge"],"picked":"Clothesline+1","floor":25.0},{"not_picked":["Exhume+1","Pummel"],"picked":"Entrench+1","floor":27.0},{"not_picked":["Blood for Blood","Spot Weakness+1"],"picked":"Shrug It Off+1","floor":29.0},{"not_picked":["Hemokinesis","Anger","Armaments+1"],"picked":"SKIP","floor":30.0},{"not_picked":["Rage+1","Dropkick+1"],"picked":"Seeing Red+1","floor":31.0},{"not_picked":["Dark Embrace","Demon Form"],"picked":"Feed","floor":33.0},{"not_picked":["Carnage","True Grit+1"],"picked":"Metallicize","floor":35.0},{"not_picked":["Blood for Blood","Power Through+1","Havoc+1"],"picked":"SKIP","floor":37.0},{"not_picked":["Shrug It Off+1","Sword Boomerang+1"],"picked":"Searing Blow+1","floor":39.0},{"not_picked":["Heavy Blade","Anger","Blood for Blood+1"],"picked":"SKIP","floor":41.0},{"not_picked":["Anger","Blood for Blood+1"],"picked":"Heavy Blade","floor":41.0},{"not_picked":["Wild Strike+1","Inflame","Fire Breathing+1"],"picked":"SKIP","floor":45.0},{"not_picked":["Metallicize+1","Warcry+1"],"picked":"Body Slam","floor":46.0},{"not_picked":["Brutality","Heavy Blade"],"picked":"Flex+1","floor":47.0},{"not_picked":["Havoc+1","Anger"],"picked":"Body Slam+1","floor":48.0}],"player_experience":259569,"relics_obtained":[{"floor":6.0,"key":"Blue Candle"},{"floor":8.0,"key":"Pear"},{"floor":9.0,"key":"Toxic Egg 2"},{"floor":12.0,"key":"Oddly Smooth Stone"},{"floor":23.0,"key":"Centennial Puzzle"},{"floor":26.0,"key":"Sundial"},{"floor":27.0,"key":"Shuriken"},{"floor":28.0,"key":"PreservedInsect"},{"floor":43.0,"key":"Pocketwatch"}],"event_choices":[{"damage_healed":0.0,"max_hp_gain":0.0,"max_hp_loss":0.0,"gold_gain":0.0,"event_name":"Golden Wing","player_choice":"Ignored","floor":2.0,"gold_loss":0.0,"damage_taken":0.0},{"damage_healed":0.0,"max_hp_gain":0.0,"max_hp_loss":7.0,"gold_gain":0.0,"event_name":"Golden Idol","player_choice":"Lose Max HP","floor":11.0,"gold_loss":0.0,"damage_taken":0.0,"relics_obtained":["Golden Idol"]},{"damage_healed":0.0,"max_hp_gain":0.0,"max_hp_loss":0.0,"gold_gain":0.0,"event_name":"Scrap Ooze","player_choice":"Success","floor":13.0,"gold_loss":0.0,"damage_taken":3.0,"relics_obtained":["Paper Frog"]},{"cards_removed":["Strike_R"],"damage_healed":0.0,"max_hp_gain":0.0,"max_hp_loss":0.0,"gold_gain":0.0,"event_name":"The Cleric","player_choice":"Card Removal","floor":14.0,"gold_loss":50.0,"damage_taken":0.0},{"damage_healed":0.0,"max_hp_gain":0.0,"max_hp_loss":0.0,"gold_gain":0.0,"event_name":"Beggar","player_choice":"Ignored","floor":19.0,"gold_loss":0.0,"damage_taken":0.0},{"damage_healed":0.0,"max_hp_gain":0.0,"max_hp_loss":0.0,"gold_gain":99.0,"event_name":"Nest","player_choice":"Stole From Cult","floor":21.0,"gold_loss":0.0,"damage_taken":0.0},{"damage_healed":0.0,"max_hp_gain":0.0,"max_hp_loss":0.0,"gold_gain":0.0,"event_name":"Lab","player_choice":"Got Potions","floor":36.0,"gold_loss":0.0,"damage_taken":0.0}],"is_beta":false,"boss_relics":[{"not_picked":["Empty Cage","Tiny House"],"picked":"Coffee Dripper"},{"not_picked":["Eternal Feather","Mark of Pain"],"picked":"Runic Pyramid"}],"items_purged_floors":[22],"is_endless":false,"potions_floor_spawned":[4,12,16,25,27,31,41,46],"ascension_level":10}